3754 6560
126 491 239 546 917

1094 489 1450 546 ΟΟΜΜΕΝΤ.
1490 489 1555 543 ΙΝ
1597 488 1816 544 EPIST.
1853 487 1944 543 AD
1976 490 2144 546 ROM.
2181 491 2308 544 LIB.
2349 492 2412 542 ll.

3293 497 3397 549 9l8

130 612 418 667 volumina
450 611 615 680 relegi
643 607 894 666 videntur
918 630 933 680 ;
963 615 1058 666 sed
1087 616 1210 684 quia
1246 614 1376 669 nihil
1403 615 1454 668 in
1481 614 1566 667 his
1595 628 1720 667 sen-
1749 616 1792 671 A
1829 629 1846 661 t
1873 610 2139 665 Animalis
2161 610 2323 665 homo
2342 625 2445 664 non
2474 607 2706 678 percipit
2725 622 2844 678 quin
2861 617 2990 664 sunt
3004 609 3245 680 Spiritus
3265 611 3390 674 Dei;

131 705 286 757 tiunt
314 704 579 772 spiritale,
630 704 759 757 nihil
793 706 903 760 Deo
947 708 1190 777 dignum,
1235 712 1406 763 solam
1442 708 1584 775 apud
1621 721 1715 760 eos

131 795 320 848 locum
358 809 480 863 quae
527 797 732 850 occidit
788 797 988 852 habere
1041 798 1276 853 litteram
1310 800 1422 870 (68)
1461 800 1711 853 dixerim.

133 885 343 939 Verum
375 887 419 940 si
450 886 590 940 forte
620 885 788 941 Judaei
825 889 996 943 nolint
1043 892 1285 958 recipere
1325 892 1565 960 Apostoli
1616 907 1712 945 no-

130 975 234 1028 s:-ri
266 977 617 1043 sententiam,
643 992 760 1046 qua:
788 978 918 1032 dicit
945 981 1071 1049 quia
1095 998 1113 1032 ι
1134 981 1312 1035 littera
1341 1003 1358 1034 ι
1381 983 1515 1051 legis
1533 1001 1549 1032 ι
1574 983 1716 1038 occi-

131 1063 217 1116 dit
244 1065 294 1096 ³⁸
328 1084 342 1119 :
386 1083 404 1116 ι
431 1075 487 1120 et
514 1067 768 1137 injuriam
800 1081 989 1138 putent
1020 1071 1121 1140 legi
1162 1074 1302 1137 ﬁeri,
1343 1075 1388 1127 si
1418 1076 1713 1128 secundum

131 1155 384 1210 litteram
429 1159 611 1226 sperni
664 1159 916 1214 videatur
966 1179 982 1216 :
1033 1172 1371 1217 revertamur
1423 1166 1489 1217 ad
1542 1167 1715 1234 ipsum

135 1240 396 1312 Moysen,
419 1255 474 1300 et
505 1247 787 1302 videamus
817 1250 931 1318 ipse
962 1265 1126 1319 quam
1157 1255 1334 1320 magni
1380 1254 1571 1309 fecerit
1602 1254 1714 1326 (69)

133 1335 384 1390 litteram
423 1338 596 1409 legis;
628 1343 719 1409 qtti
751 1357 875 1395 cttm
901 1346 1206 1413 accepisset
1241 1346 1452 1401 tabulas
1476 1346 1717 1414 lapideas

135 1432 434 1500 inscriptas
465 1432 637 1502 digito
672 1435 786 1499 Dei,
813 1446 1017 1488 tantum
1049 1436 1272 1492 honoris
1309 1439 1498 1494 detulit
1524 1440 1718 1496 litterze

134 1523 274 1593 legis
308 1565 323 1588 ,
359 1535 418 1580 ut
446 1526 742 1596 projiceret
787 1529 852 1582 de
905 1531 1154 1585 manibus
1202 1533 1316 1586 suis
1373 1535 1609 1601 tabulas,
1663 1547 1719 1591 et

135 1618 538 1671 comminueret
569 1619 788 1688 quidem
826 1620 993 1690 digito
1025 1622 1116 1675 Dei
1148 1626 1380 1693 scriptas
1400 1625 1467 1690 '°,
1499 1640 1597 1681 nec
1632 1636 1715 1680 ta-

134 1723 260 1760 men
294 1724 394 1776 pro
446 1710 548 1766 hoc
602 1711 896 1781 impietatis
948 1713 1104 1784 culpa
1152 1726 1372 1772 notatus
1427 1719 1518 1775 sit.
1560 1720 1718 1775 Vides

133 1813 271 1865 ergo
314 1801 441 1866 quia
498 1817 602 1855 non
632 1804 780 1858 solus
811 1803 1011 1860 Paulus
1037 1809 1246 1877 spernit
1290 1810 1528 1864 litteram
1562 1811 1714 1878 legis,

133 1892 228 1941 sed
269 1891 442 1944 multo
484 1903 610 1946 ante
646 1910 769 1948 eum
814 1896 1029 1968 Moyses
1059 1907 1119 1954 et
1158 1903 1384 1968 sprevit,
1419 1911 1470 1955 et
1497 1902 1713 1971 abjecit,

1816 703 2044 757 stultitia
2063 712 2143 758 est
2166 703 2310 756 enim
2331 702 2404 755 illi
2424 703 2490 754 θ’.
2507 720 2525 753 ι
2549 701 2654 755 Sed
2687 701 2878 754 horum
2899 701 3256 756 incredulitas
3282 717 3387 756 non

1815 795 1982 866 499
1999 808 2222 848 evacuat
2243 794 2399 849 ﬁdem
2428 794 2518 848 Dei
2539 794 2605 847 ⁵⁸.
2625 792 2812 847 Fidem
2837 792 2930 848 Dei
2950 793 3030 848 vel
3051 807 3171 848 eam
3192 794 3393 847 intelli-

1815 889 2015 958 gimus,
2041 902 2199 956 quam
2220 887 2377 940 Iidem
2407 884 2568 937 habet
2595 882 2738 937 Deus
2768 884 2853 936 his
2872 884 3067 952 quibus
3086 884 3260 937 credit
3286 883 3395 937 elo-

1817 979 1941 1048 quia
1977 996 2096 1043 sna,
2127 978 2210 1033 vel
2251 991 2369 1032 eam
2399 976 2556 1028 tidem
2589 989 2697 1042 qua
2728 975 2956 1029 credunt
2991 973 3102 1028 Deo
3142 975 3176 1028 ii
3204 974 3294 1044 qui
3325 973 3394 1028 ab

1817 1086 1884 1125 eo
1927 1071 2145 1139 eloquia
2191 1069 2369 1122 divina
2429 1069 2756 1139 suscipiunt.
2797 1067 3224 1121 Commonemur
3260 1079 3395 1135 ergo

1821 1173 1880 1216 ιιι
1913 1163 2200 1218 inﬁdelitas
2229 1161 2342 1234 (75)
2385 1177 2573 1217 eorum
2619 1160 2711 1232 qui
2747 1159 2828 1214 vel
2872 1174 2978 1214 non
3016 1158 3286 1214 accedunt
3327 1158 3393 1211 ad

1821 1255 2002 1319 ﬁdem,
2055 1257 2136 1310 vel
2193 1257 2448 1312 decidunt
2493 1271 2559 1309 ex
2599 1270 2684 1320 ea,
2728 1254 2774 1308 si
2822 1253 2960 1308 forte
3003 1251 3267 1307 irrideant
3294 1266 3398 1305 nos

1819 1363 1986 1415 opera
2023 1347 2144 1402 ﬁdei
2183 1357 2437 1416 agentes,
2483 1348 2564 1400 vel
2605 1362 2726 1400 cum
2765 1345 3097 1414 jejunamus,
3147 1343 3226 1399 vel
3272 1358 3396 1398 cum

1823 1439 2232 1496 misericordias
2268 1439 2518 1504 facimus,
2550 1440 2634 1494 vel
2661 1455 2781 1495 cum
2813 1438 3018 1494 studiis
3049 1436 3186 1506 (74),
3215 1446 3268 1491 et
3291 1434 3396 1506 legi

1823 1531 1914 1586 Dei
1950 1547 2168 1601 operam
2212 1534 2423 1597 damus,
2482 1533 2565 1586 vel
2608 1534 2772 1589 etiam
2821 1547 2944 1587 cum
2989 1545 3087 1599 pro
3130 1529 3399 1599 martyrio

1819 1622 2020 1676 Christi
2051 1631 2320 1677 tormenta
2355 1622 2701 1689 sulleritnus,
2739 1622 3149 1676 meminerimus
3181 1632 3399 1688 semper

1821 1713 1948 1782 quia
1985 1713 2273 1768 inﬁdelitas
2310 1729 2500 1770 eorum
2533 1714 2694 1768 ﬁdem
2735 1714 2829 1768 Dei
2867 1728 2989 1784 qua:
3026 1713 3081 1767 in
3119 1711 3279 1767 nobis
3311 1721 3398 1768 est

1820 1821 1929 1860 non
1952 1814 2201 1860 evacuat.
2241 1805 2372 1860 Post
2413 1807 2528 1861 haec
2557 1806 2699 1875 quod
2745 1805 3013 1874 sequitur,
3051 1805 3233 1859 minus
3272 1803 3398 1873 qui-

1822 1899 1940 1950 dem
1992 1897 2291 1967 composite
2341 1898 2556 1952 videtur
2606 1897 2960 1966 adjunctum;
3017 1895 3148 1950 dicit
3200 1895 3394 1950 enim:

133 1990 187 2032 et
219 1983 477 2036 contrivit
510 1984 720 2042 litteras
751 1964 918 2057 legis,
963 1988 1066 2044 hoc
1098 1964 1218 2045 sine
1243 1992 1406 2047 dubio
1437 1964 1724 2060 jam'tunc
1747 1964 1789 2019 Β
1824 2010 1842 2042 ι
1879 1989 2000 2043 Fiat
2026 1999 2208 2044 autem
2242 1989 2382 2046 Deus
2416 2004 2602 2054 verax,
2640 1989 2818 2045 omnis
2845 1995 3025 2044 autem
3053 1987 3216 2042 homo
3244 1999 3396 2041 men-

134 2073 448 2142 designans,
487 2079 631 2144 quod
663 2079 857 2145 honor,
894 2090 950 2136 et
977 2083 1148 2137 virtus
1181 2083 1318 2153 legis
1351 2098 1457 2140 non
1488 2096 1629 2140 esset
1658 2086 1708 2139 in

133 2163 358 2231 litteris,
388 2169 480 2220 sed
512 2169 564 2221 in
596 2171 810 2239 spiritu.
840 2172 949 2228 Sed
973 2184 1027 2228 et
1060 2176 1316 2230 Dominus
1351 2176 1402 2230 itt
1458 2177 1708 2248 Evange-

134 2259 204 2311 lio
231 2275 358 2314 cmn
387 2261 522 2316 dicit
546 2263 612 2328 °°,
647 2264 712 2316 ad
741 2264 955 2320 Iudaeos
985 2268 1212 2336 loquens
1237 2287 1251 2323 :
1295 2288 1314 2321 ι
1351 2269 1649 2325 Auferetur
1681 2286 1712 2325 a

131 2355 290 2407 vobis
346 2370 572 2424 regnum
623 2356 756 2424 Dei,
809 2369 863 2414 et
898 2361 1120 2414 dabitur
1158 2365 1304 2432 genti
1335 2364 1556 2420 facienti
1599 2367 1714 2420 l'ru-

132 2452 282 2494 ctum
333 2442 450 2509 ejus
499 2462 511 2496 :
571 2463 590 2497 ι
647 2457 775 2515 puto
821 2450 967 2517 quod
1021 2466 1240 2508 sensum
1295 2453 1429 2524 legis
1482 2471 1706 2524 regnum

132 2533 228 2590 Dei
267 2536 382 2607 (70)
413 2539 636 2603 dixerit,
671 2541 762 2610 qui
800 2543 1015 2598 ablatus
1049 2555 1132 2600 est
1171 2563 1200 2598 a
1231 2545 1450 2611 Iudaeis,
1485 2564 1710 2604 manen-

135 2630 280 2683 tibus
311 2632 453 2700 apud
483 2631 600 2685 illos
629 2632 760 2688 solis
785 2632 980 2690 litteris
1011 2636 1169 2705 legis,
1203 2649 1258 2693 et
1291 2643 1450 2694 datus
1474 2651 1554 2694 est
1577 2658 1714 2712 gen-

133 2724 281 2776 tibus
308 2737 431 2794 quae
457 2725 669 2792 possint
692 2742 787 2796 per
806 2729 962 2784 ﬁdem
994 2730 1228 2785 fructum
1258 2734 1484 2802 spiritus
1509 2735 1710 2793 facere.

132 2812 267 2878 Quae
301 2827 425 2866 cum
457 2814 526 2868 ita
558 2816 684 2882 sint,
711 2834 806 2871 cur
835 2829 942 2872 tant
977 2822 1154 2892 ignavi
1182 2834 1236 2877 et
1262 2828 1477 2882 desides
1502 2843 1710 2892 sumus,

134 2916 190 2956 ut
229 2920 338 2958 non
367 2908 580 2962 tandem
610 2907 815 2975 abjecta
849 2913 996 2966 omni
1041 2915 1267 2981 malitia,
1301 2932 1424 2972 cum
1449 2920 1713 2990 simplici-

133 3005 248 3049 tate
291 3007 346 3050 et
383 2999 622 3066 puritate
654 3003 834 3055 contis
869 3004 937 3056 ad
989 3007 1342 3076 suscipienda
1373 3007 1468 3064 Dei
1495 3011 1710 3082 eloquia

130 3100 513 3157 properemus,
548 3098 605 3145 et
627 3093 692 3146 ad
721 3097 1042 3164 capiendum
1089 3102 1156 3152 de
1185 3102 1266 3153 eis
1310 3116 1529 3157 sensum
1557 3104 1715 3158 Chri-

132 3180 223 3244 sti,
250 3182 449 3249 quippe
477 3197 600 3236 cutn
634 3186 918 3242 audiamus
956 3190 1008 3242 in
1047 3191 1140 3245 his
1171 3205 1292 3246 esse
1319 3207 1542 3262 regnum
1569 3197 1658 3251 Dei
1688 3196 1713 3250 ι

1815 2081 1941 2142 dax,
1975 2081 2117 2135 sicut
2150 2081 2411 2149 scriptum
2441 2091 2527 2136 est
2563 2097 2577 2132 :
2613 2078 2681 2134 Ut
2713 2078 3026 2146 justiﬁceris
3051 2079 3106 2132 in
3134 2074 3397 2132 sermoni-

1817 2173 1918 2227 bus
1955 2173 2092 2240 tuis,
2130 2184 2186 2228 et
2212 2175 2401 2228 vincas
2438 2190 2559 2228 cum
2605 2173 2870 2242 judicaris
2899 2172 2966 2225 “.
2997 2189 3017 2223 ι
3042 2169 3245 2224 Tamen
3302 2167 3394 2224 tali

1815 2265 2050 2336 quadam
2079 2265 2520 2318 circumﬁexione
2544 2263 2920 2332 superioribus
2951 2263 3004 2318 id
3047 2271 3236 2332 aptare
3276 2267 3396 2314 ten-

1819 2358 2073 2412 tabimus.
2103 2357 2276 2422 Licet,
2308 2356 2505 2426 inquit,
2543 2371 2650 2410 non
2685 2355 3020 2411 crediderint
3047 2354 3267 2424 quidam
3293 2351 3395 2408 Ju-

1815 2451 2080 2513 daaorum,
2115 2449 2182 2504 de
2215 2448 2535 2504 inﬁdelitate
2563 2458 2743 2503 tamen
2764 2463 2953 2503 eorum
2981 2445 3266 2502 dicendum
3287 2452 3394 2511 est,

1817 2548 1961 2616 quod
2022 2546 2162 2601 Deus
2201 2545 2421 2615 quidem
2460 2544 2608 2600 solus
2646 2545 2720 2599 sit
2765 2559 2958 2608 verax,
3002 2542 3182 2599 omnis
3210 2550 3394 2598 autem

1818 2640 1982 2694 homo
2004 2638 2075 2691 sit
2107 2640 2334 2691 mendax
2367 2654 2380 2690 :
2406 2636 2532 2706 quia
2561 2636 2724 2690 etiam
2749 2634 2794 2690 si
2813 2634 2936 2704 quis
2955 2632 3136 2702 justus
3158 2641 3242 2688 est
3258 2631 3396 2702 (75),

1816 2745 2043 2786 necesse
2067 2738 2151 2784 est
2182 2738 2361 2784 tamen
2393 2737 2454 2782 ut
2483 2727 2534 2782 in
2578 2726 2763 2797 aliquo
2804 2741 2834 2781 α
2868 2725 3102 2781 veritate
3151 2725 3393 2788 decidat,

1816 2838 1980 2892 quam
2007 2822 2060 2877 in
2082 2821 2337 2876 omnibus
2375 2835 2596 2876 servare
2628 2821 2878 2874 humanae
2905 2828 3112 2873 naturae
3133 2818 3394 2888 peneim-

1816 2916 2071 2987 possibile
2116 2925 2222 2970 est.
2263 2915 2399 2980 Quia
2439 2928 2572 2985 ergo
2599 2912 2778 2967 omnis
2810 2912 2973 2966 homo
3014 2912 3244 2966 mendax
3283 2917 3390 2976 est,

1815 3018 2099 3080 propterea
2124 3007 2436 3064 Judteorum
2464 3008 2681 3077 quidam
2712 3017 2771 3062 ut
2813 3007 3063 3063 homines
3103 3003 3395 3060 mendaces

1815 3115 1921 3155 non
1973 3101 2341 3156 crediderunt.
2375 3097 2511 3152 Nam
2549 3097 2677 3168 quia
2718 3098 2898 3154 omnis
2944 3096 3108 3151 homo
3159 3094 3392 3150 mendax

1809 3203 1918 3259 θεῖ,
1945 3194 2256 3250 necessario
2283 3194 2339 3249 in
2370 3193 2457 3248 die
2488 3193 2600 3256 illa,
2633 3205 2758 3246 eum
2784 3190 2850 3245 ad
2881 3189 3150 3260 judicium
3179 3186 3395 3243 venerit

131 3273 294 3328 Certe
333 3277 710 3347 unusquisque
742 3294 840 3347 pro
869 3282 1076 3337 viribus
1123 3285 1307 3352 capiat
1355 3287 1570 3357 eloquia
1609 3289 1705 3345 Dei
1735 3299 1776 3356 ο
1817 3283 2073 3338 Dominus
2102 3299 2226 3338 cum
2261 3282 2592 3348 hominibus,
2617 3279 2766 3336 solus
2791 3280 2910 3350 ipse
2932 3276 3392 3348 justiﬁeabiturin

132 3381 252 3432 quae
284 3378 486 3434 potest,
516 3380 571 3424 et
621 3371 665 3424 si
719 3370 946 3428 idoneus
990 3385 1074 3429 est
1105 3377 1173 3430 ad
1205 3377 1437 3432 solidum
1481 3380 1659 3435 cibum
1692 3423 1707 3450 ,

135 3459 223 3511 illa
280 3461 548 3528 suscipiat
583 3461 797 3530 eloquia
834 3465 924 3519 Dei
975 3466 1088 3536 (Ἠ)
1135 3483 1256 3536 quae
1284 3478 1413 3524 sunt
1441 3471 1708 3539 sapientia

133 3565 295 3617 quam
348 3551 641 3619 Apostolus
687 3554 930 3623 loquitur
961 3557 1106 3612 inter
1160 3560 1433 3629 perfectos
1480 3563 1550 3617 ⁸⁸.
1606 3565 1710 3632 Qui

133 3657 262 3695 τίετο
289 3643 357 3696 ad
388 3643 528 3699 hanc
560 3645 786 3701 idoneus
816 3649 1048 3702 nondum
1080 3660 1182 3712 est,
1213 3654 1708 3726 suseipiateloquia

133 3735 227 3791 Dei
267 3737 322 3789 in
357 3738 553 3804 quibus
581 3751 840 3809 agnoscat
880 3742 1016 3795 nihil
1073 3743 1305 3813 amplius
1350 3763 1515 3816 quam
1544 3750 1710 3804 Chri-

135 3837 276 3880 stum
335 3827 521 3882 Jesum
547 3872 560 3895 ,
597 3838 652 3883 et
697 3835 840 3885 hunc
892 3834 1217 3888 cruxilixum
1243 3835 1308 3889 ⁸⁸.
1339 3837 1441 3902 Qui
1474 3852 1573 3891 nec
1607 3839 1710 3894 hoc

133 3925 328 3986 potest,
369 3919 422 3972 in
459 3935 523 3975 eo
560 3922 1060 3994 suseipiateloquia
1091 3925 1207 3992 Dei,
1245 3936 1304 3980 ut
1337 3927 1479 3984 lacte
1506 3937 1706 3996 utatur,

134 4021 185 4064 et
225 4028 334 4065 non
386 4014 510 4068 cibo
562 4013 686 4070 forti
720 4017 784 4070 ⁸³.
820 4018 876 4072 Si
909 4034 1038 4074 vero
1067 4022 1246 4076 adhuc
1295 4023 1603 4080 inﬁrmatur
1651 4027 1705 4081 in

135 4100 256 4165 ﬁde,
285 4103 506 4171 eloquia
541 4104 634 4158 Dei
669 4106 721 4160 in
755 4107 994 4164 oleribus
1038 4112 1306 4166 sumat“.
1355 4114 1587 4170 Tantum
1624 4127 1710 4172 est

134 4205 190 4249 ut
239 4211 435 4251 omnes
481 4201 848 4255 communiter
895 4204 1209 4258 noverimus
1243 4223 1262 4255 ι
1314 4204 1526 4275 eloquia
1557 4206 1650 4262 Dei
1681 4225 1701 4260 ι

133 4300 247 4340 esse
272 4306 293 4338 ι
328 4287 543 4356 eloquia
574 4303 745 4353 casta,
787 4309 807 4343 ι
838 4300 892 4345 et
921 4311 940 4344 ‹
973 4306 1253 4364 argentum
1279 4297 1400 4368 igne
1424 4299 1705 4352 examina-

134 4388 263 4443 tum,
295 4382 580 4447 probatum
611 4382 722 4454 ('72)
751 4393 926 4449 terrae,
954 4396 1244 4456 purgatum
1269 4390 1577 4460 septuplum
1599 4390 1701 4443 δἐι

132 4471 180 4523 id
209 4481 317 4536 est,
353 4482 412 4525 ut
447 4472 499 4525 in
525 4460 798 4541 castitate,
849 4484 903 4530 et
948 4481 1246 4536 sanctitate
1290 4483 1475 4537 cordis
1499 4493 1554 4537 et
1586 4498 1706 4538 cor-

131 4563 276 4633 poris
323 4563 507 4616 divina
541 4579 822 4619 servemus
867 4567 1108 4638 eloquia.
1157 4571 1378 4627 Credita
1421 4583 1548 4628 sunt
1577 4589 1706 4646 ergo

1817 3377 1998 3430 verbis
2042 3375 2181 3432 suis.
2217 3375 2389 3444 Ipsius
2437 3374 2584 3429 enim
2632 3371 2799 3428 verba
2847 3372 2901 3427 ιιι
2933 3368 3186 3426 omnibus
3230 3382 3394 3434 vera,

1816 3468 1945 3538 quia
1971 3469 2132 3522 verba
2161 3476 2288 3521 sunt
2325 3465 2598 3521 veritatis.
2633 3463 2790 3532 Quod
2814 3472 2995 3518 autem
3026 3460 3288 3517 Dominus
3323 3463 3392 3516 ad

1811 3559 2074 3627 judicium
2129 3559 2313 3613 veniat
2357 3573 2479 3613 cum
2525 3558 2870 3624 hominibus,
2911 3554 3171 3626 propheta
3219 3551 3391 3608 dicit:

1819 3674 1839 3706 ι
1866 3653 2074 3718 Venite,
2098 3650 2687 3722 etdijudicemur,dicit
2705 3647 2966 3704 Dominus
2987 3645 3098 3712 ⁷ος»
3119 3653 3175 3700 et
3194 3660 3208 3696 :
3237 3663 3256 3697 ι
3279 3643 3399 3713 Ipse

1813 3747 2074 3802 Dominus
2103 3746 2169 3799 ad
2207 3744 2475 3814 judicium
2526 3744 2708 3798 veniet
2759 3756 2882 3797 cum
2937 3738 3246 3796 senioribus
3294 3749 3396 3807 po-

1810 3839 1921 3908 puli
1939 3839 2006 3904 ";
2033 3857 2055 3890 ι
2077 3840 2340 3892 etiterttm
2367 3855 2381 3890 :
2408 3853 2426 3888 ι
2448 3835 2717 3890 Memento
2739 3842 2814 3896 tu,
2831 3831 3228 3901 etjudicemur,
3260 3828 3398 3886 dicit

1812 3933 2075 3988 Dominus
2099 3932 2166 3984 ".
2203 3949 2222 3982 ι
2261 3930 2386 3984 Haec
2425 3937 2609 3982 autem
2641 3924 2939 3980 introduxit
2964 3921 3256 3993 Apostolus
3286 3921 3392 3979 oh-

1810 4037 2036 4081 servans
2071 4021 2213 4077 illaut
2261 4019 2619 4089 objectionem
2664 4032 2827 4090 quam
2860 4017 2960 4072 sibi
3001 4015 3055 4070 in
3105 4016 3212 4070 alio
3264 4013 3384 4072 loco

1810 4115 2083 4187 preponit,
2121 4114 2210 4168 ubi
2254 4112 2367 4183 (76)
2400 4113 2533 4167 dicit
2563 4126 2581 4166 :
2618 4130 2637 4163 ι
2685 4111 2742 4167 Si
2771 4121 2949 4166 autem
2982 4107 3248 4180 injustltia
3283 4121 3385 4161 no-

1809 4218 1924 4265 stra
1957 4205 2225 4276 justitiam
2280 4203 2374 4258 Dei
2416 4201 2760 4258 commendat
2805 4201 2873 4255 ⁷³.
2913 4219 2932 4254 ι
2970 4199 3046 4256 De
3087 4213 3228 4269 qua,
3260 4213 3384 4254 cum

1809 4300 1877 4355 ad
1933 4299 2112 4353 locum
2150 4296 2270 4367 ejus
2322 4303 2544 4350 ventum
2579 4291 2764 4358 fuerit,
2821 4291 3182 4362 requiremus.
3231 4289 3388 4346 Nunc

1808 4407 1940 4462 ergo
1966 4391 2247 4446 videamus
2275 4386 2406 4456 quid
2449 4393 2533 4441 est
2573 4385 2716 4454 quod
2758 4383 2892 4439 dicit
2922 4397 2938 4436 :
2975 4401 2996 4435 ι
3044 4382 3168 4438 Fiat
3204 4391 3391 4438 autem

1810 4483 1952 4538 Deus
1999 4495 2188 4544 verax,
2231 4478 2407 4535 omnis
2451 4487 2630 4532 autem
2673 4477 2835 4531 homo
2889 4476 3125 4530 mendax
3158 4475 3224 4528 ".
3251 4494 3272 4528 ι
3310 4473 3391 4529 ita

1811 4575 1953 4629 enim
1997 4575 2050 4627 in
2079 4570 2285 4627 Graecis
2313 4567 2714 4638 exemplaribus
2746 4568 2996 4624 habetur.
3041 4567 3177 4625 Nam
3206 4567 3390 4624 Latini

129 4655 316 4724 primis
350 4655 454 4710 illis
489 4657 553 4710 de
570 4657 766 4726 quibus
789 4675 951 4730 supra
1007 4662 1242 4720 diximus
1309 4665 1521 4736 eloquia
1572 4667 1704 4736 Dei;
1739 4663 1787 4719 ι)
1813 4665 1880 4720 sit
1920 4677 2022 4734 pro
2067 4663 2162 4730 ﬂat
2215 4661 2416 4731 legunt.
2446 4659 2628 4714 Primo
2664 4673 2796 4730 ergo
2826 4659 2932 4715 hoc
2959 4659 3239 4716 sciendum
3280 4670 3387 4724 est,

128 4752 219 4803 sed
249 4751 502 4819 quidam,
535 4762 595 4805 ut
636 4752 768 4806 dicit
796 4753 862 4818 “,
895 4769 1001 4809 non
1037 4757 1387 4814 crediderunt
1427 4763 1542 4816 sive
1569 4763 1699 4826 Deo,

128 4843 240 4897 sive
270 4843 507 4912 eloquiis
543 4843 661 4898 Dei.
697 4845 861 4900 Vides
893 4849 1020 4916 quia
1055 4850 1147 4917 qui
1181 4866 1286 4904 non
1322 4853 1574 4919 credunt,
1598 4855 1698 4923 ipsi

129 4946 251 4988 sunt
304 4936 615 4990 secundum
671 4952 916 5003 carnem,
959 4942 1026 4995 de
1063 4941 1260 5010 quibus
1285 4954 1340 4998 et
1368 4944 1495 5000 alibi
1528 4947 1696 5004 dicit:

190 5114 236 5192 ff
262 5116 312 5192 _|l
351 5111 579 5192 Corum
606 5112 724 5192 .__6_1
811 5114 855 5146 "
885 5115 1050 5192 Exod.
1090 5133 1240 5192 xxiii.
1275 5121 1374 5186 18;
1427 5138 1599 5192 xxxu,
1640 5130 1728 5185 l9.

1811 4759 1935 4828 quia
1969 4758 2112 4827 quod
2149 4755 2307 4822 dixit,
2354 4754 2472 4823 ﬁat,
2520 4769 2628 4809 non
2662 4754 2983 4826 imperativo
3031 4751 3192 4808 modo
3230 4751 3385 4808 dicit.

1810 4850 2049 4906 Stultum
2080 4857 2164 4904 est
2197 4847 2343 4901 enim
2371 4846 2415 4902 si
2454 4855 2671 4917 putetur
2701 4846 3075 4916 imperandum
3114 4857 3236 4899 esse
3277 4843 3388 4899 Deo

1810 4956 1868 5000 ιιι
1895 4957 2060 4995 verax
2101 4942 2216 4995 ﬁat.
2248 4939 2354 4996 Sed
2388 4949 2446 4993 ut
2472 4938 2706 4994 dicimus
2736 4956 2750 4992 :
2789 4955 2808 4988 ι
2839 4935 2966 4991 Fiat
2991 4934 3239 4990 voluntas
3271 4943 3383 5000 tua,

1829 5129 1874 5160 6°
1903 5101 2092 5180 Matth.
2141 5135 2227 5175 xxt
2255 5161 2271 5186 ,
2310 5075 2401 5174 Β.
2499 5117 2542 5150 ⁸⁸
2571 5115 2590 5170 l
2619 5115 2746 5172 Cor.
2800 5131 2870 5180 ιι,
2915 5114 2972 5170 6.
3077 5115 3124 5148 "
3148 5117 3279 5171 ibid.
3325 5119 3383 5174 2:

126 5184 418 5262 fllehpv,
614 5183 842 5262 “illam.
872 5187 1064 5262 Xiv,_2_.
1132 5189 1176 5262 “7'
1208 5183 1464 5262 Psalsn.
1505 5197 1557 5250 7.
1587 5183 1595 5192 ἶ
1635 5183 1693 5231 “7

1857 5241 1871 5254 .
1894 5211 1974 5262 tu,
2006 5194 2059 5249 5.
2137 5193 2180 5224 ⁸⁷
2213 5183 2391 5262 lCor.
2413 5205 2468 5262 ιι,
2502 5187 2592 5262 μ.
2668 5186 2711 5219 ⁸³
2746 5186 2904 5242 Rom.
2933 5201 3013 5255 tu,
3043 5187 3100 5242 5.
3177 5189 3222 5221 ⁸³
3250 5189 3386 5244 ibid.

127 5251 170 5287 ⁷⁸
191 5257 359 5310 Mich.
395 5270 473 5320 vr,
500 5257 553 5308 2.
631 5255 674 5285 '”
711 5257 835 5310 lsai.
869 5272 950 5321 ιιι,
981 5258 1064 5311 14.
1142 5261 1186 5292 ⁷³
1220 5261 1344 5317 lsai.
1384 5251 1542 5333 thtt,
1575 5268 1664 5324 26.

1850 5251 1974 5323 tom:
2003 5280 2086 5327 ιιι,
2118 5263 2171 5318 5.
2246 5261 2294 5296 ’⁵
2324 5251 2461 5315 ibid.
2487 5260 2542 5313 4.

191 5413 508 5483 (68)Ε‹Ιῑιί,
549 5431 568 5464 ι
601 5414 771 5470 solam
819 5417 959 5484 apud
987 5431 1080 5472 eos
1110 5436 1232 5488 qua:
1274 5423 1473 5478 occidit
1507 5425 1692 5482 haberi

128 5482 379 5542 litteram.
425 5503 442 5534 ι
471 5493 581 5541 etc.

156 5554 302 5636 ⁸(69)
358 5553 539 5620 Editi,
597 5573 615 5607 ι
665 5565 720 5610 et
766 5555 1052 5622 videamus
1105 5575 1268 5629 quam
1310 5566 1695 5634 tnaguilicave-

132 5636 576 5830 mé’76)e;l‘egnum
614 5696 726 5750 Dei.
754 5699 812 5749 ln
838 5695 1000 5753 editis
1030 5701 1324 5756 omittitur.

211 5767 302 5830 Ἠ)
329 5764 461 5830 Qum
483 5778 648 5830 potest
669 5810 682 5829 ,
707 5766 808 5821 etsi
832 5766 1050 5821 idoneus
1068 5782 1142 5824 est
1169 5773 1238 5824 ad
1255 5775 1324 5826 sol

211 5767 238 5813 Ἰ
253 5764 302 5832 ι)
329 5764 461 5845 Quae
483 5778 648 5845 potest
669 5766 808 5845 acts}
832 5766 1050 5845 idqneus
1068 5773 1238 5845 estad
1255 5773 1482 5828 solidum
1499 5774 1692 5845 cibum,

129 5832 494 5958 ἕῦᾳιριηωρὶαὶ
525 5839 729 5908 eloquia
761 5834 875 5890 Dei.
906 5835 1028 5894 llaec
1050 5841 1428 5916 desiderantur
1454 5848 1504 5901 iit
1535 5832 1692 5904 antea

192 5921 203 5956 ι
235 5921 299 5958 ιε.

192 5921 299 5959 ιιιε.

1877 5423 1994 5492 (79)
2024 5420 2319 5492 Probatum
2349 5417 2622 5492 omittitur
2649 5416 2702 5471 in
2730 5418 2918 5475 editis.

1903 5487 1989 5554 73)
2031 5492 2194 5554 Editi,
2225 5508 2244 5542 ι
2284 5487 2656 5544 incredulitas.
2689 5507 2718 5540 ι⁴

1899 5558 1988 5631 74)
2019 5560 2439 5631 Genebrardus,
2467 5578 2484 5609 ι
2519 5558 2805 5631 custodiis,
2849 5579 2868 5614 ι
2904 5560 3068 5615 male.

1871 5625 1984 5702 (75)
2018 5631 2180 5702 Editi,
2209 5648 2228 5682 ι
2264 5625 2538 5702 quietiam
2555 5628 2600 5682 si
2623 5629 2751 5702 quid
2772 5633 3110 5702 justumiest.
3145 5647 3164 5681 ι
3199 5627 3380 5684 Codex

1801 5699 2170 5767 Ebroicensis,
2206 5719 2224 5753 ι
2271 5701 2360 5770 qui
2403 5701 2566 5754 etiam
2609 5699 2815 5770 siquid
2863 5701 3007 5770 quod
3037 5699 3246 5770 justum
3295 5709 3382 5753 est

1801 5777 1932 5843 agit.
1983 5791 2002 5824 ι
2037 5771 2147 5843 Sed
2188 5769 2382 5843 melior
2409 5769 2822 5843 videturlcctio
2858 5769 3179 5827 e’aeterdrum
3230 5771 3381 5826 codi-

1803 5839 1948 5902 cum,
1997 5861 2016 5893 ι
2059 5840 2184 5908 quia
2212 5841 2444 5894 etiamsi
2478 5841 2598 5908 quis
2623 5839 2803 5910 justus
2826 5849 2927 5897 cst.
2966 5858 2986 5894 ι
3075 5863 3082 5873 ·

1873 5912 1986 5985 (76)
2022 5912 2133 5979 AL,
2172 5928 2191 5964 t
2225 5911 2444 5966 ibidem.
2485 5930 2503 5963 ι
