3784 6536
419 451 525 505 919

1858 456 2182 516 ORIGENIS

3573 449 3673 505 920

418 572 562 623 sicut
591 569 644 623 in
673 571 833 640 coelo,
861 584 915 630 et
938 574 991 630 in
1025 585 1168 632 terra
1204 577 1294 642 ";
1331 596 1352 632 ι
1394 579 1500 645 vel,
1538 589 1598 635 ut
1641 582 1833 637 iterum
1863 583 1997 638 dici-
2025 584 2071 640 Δ
2105 579 2202 635 sed
2239 597 2258 631 ι
2296 591 2492 634 nomen
2513 576 2725 634 Domini
2746 575 3008 632 invocabo
3037 575 3103 630 ⁶².
3130 573 3416 629 »Ρηιιῑοει
3435 581 3517 626 est
3533 574 3669 626 enim

414 677 538 714 mus
569 678 583 715 :
612 681 632 715 ι
660 662 779 720 Fiat
801 681 906 736 pax
933 668 984 722 in
1015 669 1212 726 virtute
1235 679 1326 726 tua
1347 673 1414 738 ⁷⁸,
1449 691 1470 724 ι
1502 688 1606 728 non
1637 673 1987 743 imperantes,

413 754 511 808 sed
544 763 816 823 optantes,
850 759 959 814 imo
995 762 1172 830 potius
1214 766 1646 834 pronuntiantes,
1689 777 1829 833 etc.,
1860 767 1985 837 quia

412 857 522 897 non
553 854 729 914 potest
768 863 873 916 pax
919 849 1037 905 ﬁeri
1069 852 1171 906 nisi
1219 853 1271 907 in
1301 852 1498 908 virtute
1530 853 1621 910 Dei
1656 873 1671 912 :
1705 855 1776 910 ita
1811 865 1863 910 et
1899 857 1988 910 hic

411 933 559 990 velut
599 939 1001 1006 pronuntiantis
1037 957 1216 999 sermo
1245 945 1596 1015 aceipiendus
1645 957 1725 1002 est
1758 966 1772 1002 :
1807 964 1825 998 ι
1865 947 1986 1002 Fiat

410 1036 592 1082 autem
629 1029 740 1102 (77)
784 1032 923 1088 Deus
963 1048 1150 1102 verax,
1194 1037 1372 1092 omnis
1411 1047 1592 1093 autem
1622 1037 1786 1094 homo
1826 1054 1981 1092 men-

411 1117 540 1169 dax.
574 1136 596 1172 ι
646 1117 752 1174 Sed
796 1131 852 1176 et
897 1125 999 1179 hoc
1030 1126 1310 1180 sciendum
1335 1137 1441 1193 est,
1479 1129 1621 1197 quod
1650 1143 1830 1183 sermo
1857 1131 1979 1198 iste,

408 1206 464 1262 id
491 1220 595 1275 est,
632 1229 650 1263 ι
675 1212 862 1270 Omnis
893 1216 1056 1272 homo
1087 1220 1350 1283 mendax,
1401 1239 1420 1271 ι
1457 1221 1523 1274 de
1557 1221 1766 1288 psalmo
1793 1233 1980 1277 cente-

404 1297 548 1352 simo
568 1300 777 1356 decimo
791 1305 1037 1373 quinto"
1063 1318 1371 1379 assumptus
1397 1321 1502 1376 est,
1531 1311 1620 1366 ubi
1637 1312 1798 1368 dicit:
1825 1331 1842 1363 ι
1869 1315 1980 1384 Ego

406 1388 516 1444 dixi
559 1391 612 1444 in
659 1407 883 1449 excessu
927 1413 1086 1453 meo:
1116 1397 1307 1456 Omnis
1340 1400 1500 1456 homo
1539 1404 1792 1459 mendax.
1829 1424 1849 1458 ι
1881 1406 1979 1462 llic

402 1494 532 1535 vero
573 1484 640 1537 ad
677 1487 980 1544 evidentius
1025 1489 1435 1549 illuminandum
1467 1495 1712 1564 Apostoli
1755 1515 1974 1554 sensum

402 1587 508 1627 non
557 1575 805 1633 videatur
845 1579 958 1652 (78)
1008 1581 1311 1654 legentibus
1360 1601 1652 1642 onerosum
1701 1589 1746 1644 si
1783 1591 1973 1660 psalmi

399 1660 570 1730 ipsius
624 1669 1049 1741 continentiam,
1109 1676 1250 1732 unde
1298 1679 1528 1734 assumit
1578 1680 1972 1747 testimonium,

405 1753 651 1812 breviter
671 1773 1022 1829 exponamus.
1053 1762 1280 1821 Videtur
1293 1783 1423 1839 ergo
1449 1769 1579 1824 mihi
1605 1770 1764 1826 talem
1785 1787 1975 1843 quem-

398 1846 523 1900 dam
575 1847 843 1919 Propheta
891 1855 1140 1912 nuntiare
1174 1871 1414 1914 sensum.
1455 1860 1588 1917 Cum
1634 1862 1798 1919 multa
1841 1866 1972 1931 sint,

2090 673 2232 742 apud
2262 680 2316 726 te
2344 686 2514 736 mors,
2541 685 2662 741 quae
2688 684 2788 740 pro
2813 668 3016 737 pietate
3039 667 3150 738 (8|)
3175 678 3232 723 et
3251 666 3488 721 veritate
3502 667 3672 719 susci-

2089 763 2255 832 pitur.
2287 762 2596 818 Secundum
2637 763 2736 816 hoc
2765 760 2933 831 igitur
2960 760 3125 815 etiam
3163 760 3216 813 in
3243 756 3567 827 apostolicis
3588 759 3668 810 di-

2087 853 2188 908 etis
2208 853 2578 938 accipiendum
2609 861 2694 909 est
2720 871 2738 904 ι
2765 852 2954 909 Omnis
3014 848 3179 905 homo
3215 851 3482 914 mendax,
3519 867 3540 901 ι
3562 850 3668 904 sive

2087 945 2133 1000 is
2163 946 2253 1016 qui
2279 945 2332 1000 in
2358 945 2489 1014 legis
2518 945 2697 1000 littera
2731 946 2850 1000 sine
2875 943 2979 1000 lide
3006 943 3253 1003 conlidit.
3281 942 3404 998 sive
3429 943 3476 996 is
3507 942 3663 1010 quiin

2085 1036 2415 1106 quibuslibet
2439 1037 2780 1105 dogmatibus
2798 1045 2851 1092 et
2876 1035 3074 1091 litteris
3091 1035 3382 1106 gloriatur.
3402 1033 3510 1088 Sed
3533 1031 3666 1102 obji-

2085 1129 2228 1182 citur
2253 1128 2412 1182 nobis
2447 1145 2460 1181 :
2501 1125 2556 1182 Si
2583 1127 2762 1182 omnis
2792 1127 2955 1180 homo
2989 1127 3219 1180 mendax
3245 1133 3354 1188 est,
3384 1124 3500 1192 ipse
3530 1120 3666 1176 Pau~

2084 1217 2284 1286 lusf,°',
2313 1219 2442 1288 quia
2471 1217 2756 1282 homoest,
2806 1217 2910 1270 erit
2959 1231 3091 1286 ergo
3151 1215 3413 1269 mendax.
3465 1211 3571 1268 Sed
3614 1221 3665 1269 ει

2085 1308 2253 1363 David
2281 1308 2370 1376 qui
2409 1308 2526 1363 haec
2552 1309 2709 1373 dixit,
2745 1308 2872 1377 quia
2900 1307 3064 1362 homo
3083 1305 3207 1370 fuit,
3240 1306 3486 1360 siomnis
3511 1306 3661 1359 homo

2083 1403 2318 1458 mendax
2345 1411 2452 1466 est,
2474 1402 2656 1457 eritet
2693 1401 2810 1472 ipse
2847 1401 3104 1464 mendax,
3145 1409 3200 1453 et
3233 1400 3338 1454 hoc
3365 1400 3544 1467 ipsum
3576 1397 3663 1451 fal-

2080 1511 2201 1552 sum
2251 1497 2394 1566 quod
2439 1495 2612 1550 dicit:
2651 1512 2669 1545 ι
2701 1492 2891 1550 Omnis
2949 1493 3110 1546 homo
3155 1493 3426 1557 mendax,
3469 1511 3488 1543 ι
3533 1495 3650 1561 quia

2080 1589 2394 1644 mendacem
2441 1602 2502 1644 se
2549 1586 2862 1642 necessario
2911 1600 3034 1641 cum
3081 1585 3299 1640 caeteris
3351 1585 3660 1640 hominibus

2081 1679 2196 1750 ipse
2229 1682 2582 1752 pronuntiat;
2620 1688 2675 1734 et
2713 1679 2758 1734 si
2787 1677 3022 1732 mendax
3053 1687 3160 1742 est,
3195 1679 3389 1747 utique
3420 1692 3528 1732 non
3560 1681 3656 1732 erit

2077 1787 2264 1826 verum
2301 1771 2445 1840 quod
2480 1786 2508 1823 a
2537 1770 2799 1824 mendaee
2816 1768 3039 1832 dicitur,
3069 1767 3199 1836 quia
3236 1786 3255 1820 ι
3292 1769 3481 1822 omnis
3508 1767 3659 1822 homo

2078 1861 2150 1916 sit
2174 1861 2429 1915 mendax.
2469 1879 2488 1913 ι
2521 1857 2745 1914 Videtur
2769 1874 2900 1930 ergo
2919 1873 3104 1914 sermo
3129 1859 3246 1928 ejus
3281 1858 3586 1913 incurrisse
3608 1861 3656 1911 in

397 1937 600 2010 inquit,
623 1942 764 2012 apud
793 1945 1040 2004 homines
1093 1951 1367 2020 dogmata,
1400 1960 1457 2007 et
1481 1953 1634 2009 multi
1675 1953 1742 2011 de
1774 1925 1975 2010 verita;
2004 1925 2048 1982 Β
2077 1953 2449 2023 syllogismum
2483 1952 2574 2023 qui
2607 1951 2806 2006 dicitur
2834 1925 3069 2019 aporus,
3105 1925 3171 2006 id
3197 1960 3307 2018 est,
3343 1951 3662 2006 insubstan-

399 2029 472 2086 tis
509 2031 860 2102 inquisitione
895 2040 1369 2112 philosophentur,
1387 2061 1620 2116 cumque
1647 2049 1971 2118 Oporteatin

395 2120 484 2179 bis
517 2126 774 2184 omnibus
816 2133 1207 2200 quaestionibus
1235 2137 1543 2206 praecedere
1590 2138 1786 2194 Filium
1832 2142 1923 2196 Dei
1956 2160 1970 2196 :

395 2213 488 2268 alii
511 2215 727 2284 quidem
758 2223 849 2289 qui
868 2237 975 2277 non
996 2225 1148 2293 prius
1177 2227 1461 2284 credentes
1486 2231 1839 2300 quaesierunt,
1863 2249 1970 2290 non

393 2305 721 2365 invenerunt
774 2330 788 2367 :
831 2329 930 2384 ego
997 2327 1176 2372 autem
1225 2319 1350 2388 quia
1405 2323 1610 2377 credidi
1681 2335 1969 2396 antequam

391 2413 725 2468 quaterem,
766 2403 972 2462 idcirco
1011 2410 1152 2476 quod
1193 2412 1500 2480 quaarebam
1546 2414 1748 2480 inveni,
1781 2426 1966 2472 etnon

389 2489 567 2544 solum
604 2491 808 2559 inveni,
842 2497 938 2552 sed
959 2508 1012 2552 et
1042 2499 1254 2554 locutus
1280 2517 1420 2568 sum,
1447 2513 1501 2557 et
1526 2506 1840 2560 annuntiavi
1871 2523 1969 2576 po-

388 2582 531 2651 pulis
551 2599 715 2654 quam
744 2588 1058 2647 inveneram
1080 2595 1386 2651 veritatem.
1411 2596 1520 2652 Nec
1541 2608 1719 2652 tamen
1747 2599 1964 2656 inventa

2076 2043 2222 2098 tivus
2252 2044 2390 2113 (82),
2417 2043 2506 2111 qui
2530 2052 2587 2098 et
2609 2041 2779 2098 falsus
2813 2042 3134 2112 appellatur.
3168 2041 3278 2098 Sed
3304 2042 3352 2098 si
3374 2044 3658 2098 redeamus

2074 2136 2139 2190 ad
2189 2136 2505 2190 interiorem
2552 2134 2858 2203 Scripturae
2917 2133 3277 2198 intellectum,
3321 2134 3660 2191 inveniemus

2070 2229 2214 2298 quod
2250 2242 2441 2282 omnes
2487 2226 2764 2295 prophetae
2803 2224 2887 2280 vel
2933 2224 3162 2294 apostoli
3196 2241 3265 2279 ex
3308 2225 3421 2279 illis
3453 2215 3562 2281 sint
3596 2227 3656 2280 ad

2070 2336 2206 2390 quos
2243 2334 2424 2374 sermo
2463 2318 2558 2373 Dei
2592 2318 2704 2388 (83)
2738 2317 2818 2384 tit,
2857 2317 2999 2372 sicut
3035 2317 3304 2386 scriptum
3353 2327 3441 2373 est
3484 2335 3498 2371 :
3541 2336 3560 2370 ε
3597 2319 3657 2373 Et

2071 2413 2272 2468 factum
2317 2424 2402 2470 est
2446 2415 2672 2468 verbum
2713 2410 2927 2466 Domini
2975 2428 2995 2462 ι
3050 2411 3120 2464 ad
3162 2408 3340 2474 illum,
3389 2410 3478 2465 vel
3511 2411 3652 2476 illum

2076 2507 2425 2576 prophetam.
2452 2505 2565 2562 llos
2593 2520 2728 2576 ergo
2762 2504 2829 2558 ad
2850 2518 2988 2572 quos
3016 2517 3200 2558 sermo
3226 2503 3325 2558 Dei
3359 2504 3443 2570 (it,
3482 2503 3655 2560 Domi-

2068 2614 2171 2656 nus
2210 2600 2263 2654 in
2303 2598 2599 2668 Evangelia
2627 2613 2733 2652 non
2766 2597 3016 2652 homines
3036 2597 3367 2665 pronuntiat
3395 2612 3542 2664 esse,
3566 2597 3654 2652 sed

387 2674 620 2732 veritate
654 2679 829 2737 elatus
860 2698 980 2738 sum
1021 2687 1074 2739 in
1105 2688 1368 2756 sapientia
1391 2730 1408 2753 ,
1441 2704 1614 2759 neque
1653 2689 1870 2746 inﬂatus
1909 2693 1962 2748 in
2065 2693 2219 2749 deus.
2258 2690 2352 2746 Sic
2380 2691 2530 2746 enim
2561 2689 2696 2744 dicit
2727 2706 2742 2743 :
2783 2707 2802 2741 ι
2831 2686 2987 2755 Quod
3015 2688 3059 2742 si
3099 2687 3222 2743 illos
3259 2688 3397 2744 dicit
3427 2689 3563 2744 deos
3590 2691 3652 2745 ad

387 2763 620 2821 scientia
664 2786 816 2838 mea;
856 2776 949 2829 sed
995 2792 1061 2830 eo
1105 2781 1275 2848 magis
1310 2781 1629 2840 humiliatus
1657 2801 1798 2855 sum,
1838 2803 1960 2844 eum
2061 2799 2199 2855 quos
2219 2797 2402 2840 sermo
2429 2779 2524 2835 Dei
2545 2778 2698 2844 tlt,et
2728 2793 2830 2833 non
2850 2787 3028 2848 potest
3045 2777 3184 2832 solvi
3217 2777 3514 2846 Scriptura
3532 2779 3598 2834 “.
3630 2798 3650 2832 ι

387 2859 584 2925 agnovi
619 2869 672 2915 et
699 2864 938 2921 intellexi
978 2867 1259 2932 Dominum
1292 2888 1410 2929 esse
1442 2877 1534 2946 qui
1567 2877 1723 2934 docet
1743 2895 1959 2937 omnem
2062 2875 2197 2944 Quia
2214 2887 2348 2944 ergo
2368 2881 2422 2927 et
2437 2869 2689 2940 adDavid
2714 2878 2970 2938 tanquam
2991 2868 3334 2938 prophetam,
3360 2869 3507 2924 etad
3531 2869 3656 2926 Pau-

383 2949 672 3007 scientiam
717 2955 785 3012 ⁷⁸.
821 2958 1022 3016 Deinde
1055 2965 1408 3022 considerans
1448 2983 1569 3037 qua:
1619 2971 1868 3028 homines
1905 2985 1962 3031 et
2059 2966 2170 3022 lum
2193 2976 2450 3035 tanquam
2473 2961 2775 3033 apostolum
2789 2958 3081 3032 sermo'Dei
3107 2957 3284 3013 factus
3299 2959 3548 3022 est,sine
3567 2961 3658 3015 du-

386 3053 592 3108 quanta
620 3045 704 3102 vel
735 3048 880 3105 inter
906 3053 1274 3127 philosophos,
1308 3059 1390 3115 vel
1414 3060 1558 3116 inter
1578 3074 1803 3120 ceteros
1831 3066 1960 3122 bar.
2059 3060 2150 3117 bio
2167 3076 2270 3115 non
2286 3067 2443 3113 erant
2461 3056 2730 3122 homines,
2751 3052 2845 3108 sed
2866 3052 2960 3118 dii,
2981 3052 3046 3105 ad
3065 3066 3204 3120 quos
3219 3067 3410 3106 sermo
3427 3051 3523 3106 Dei
3581 3052 3654 3124 la:

383 3131 548 3190 ¹¹³¹⁵οε
594 3137 660 3192 de
689 3140 922 3198 νθΐῖιαιθ
954 3143 1119 3200 loculi
1169 3158 1317 3216 sunt,
1360 3159 1417 3206 et
1453 3152 1579 3222 quia
1625 3168 1749 3209 cum
1787 3157 1959 3214 multo
2049 3147 2458 3218 ctusest.lgitur
2475 3146 2604 3218 quia
2618 3161 2724 3202 non
2743 3152 2903 3200 erant
2931 3143 3205 3209 homines,
3224 3143 3322 3198 sed
3343 3145 3442 3208 dii,
3467 3158 3651 3198 verum

382 3222 572 3338 labqre
620 3229 785 3285 multa
827 3233 1095 3300 dicentes,
1138 3238 1274 3294 nihil
1311 3241 1654 3312 invenerunt,
1688 3246 1813 3316 quia
1846 3263 1955 3304 non
1986 3275 2033 3338 ε
2062 3253 2148 3300 est
2177 3243 2324 3313 quod
2359 3242 2427 3297 de
2455 3239 2767 3297 hominibus
2793 3238 3008 3293 caneris
3035 3236 3399 3306 pronuntiant
3426 3236 3497 3290 ad
3522 3250 3653 3307 quos

379 3318 735 3377 crediderunt
759 3331 1054 3394 antequam
1077 3342 1380 3399 quererent
1413 3351 1428 3388 :
1462 3336 1816 3394 considerans
1839 3354 1959 3395 om-

381 3408 471 3461 nia
503 3423 692 3468 eorum
716 3415 802 3470 vel
828 3417 995 3486 dicta,
1027 3421 1111 3476 vel
1137 3423 1362 3492 scripta,
1388 3435 1442 3481 et
1468 3427 1522 3482 in
1555 3443 1782 3486 excessu
1803 3447 1958 3487 men-

381 3497 452 3554 tis
495 3500 744 3571 eﬂ‘ectus,
785 3507 839 3562 id
876 3519 982 3574 est,
1015 3522 1236 3583 stupore
1276 3517 1459 3573 cordis
1492 3522 1775 3586 attonitus,
1814 3525 1959 3592 quod

382 3592 564 3648 omnia
603 3595 690 3650 illa
721 3597 1166 3671 philosophorum
1189 3607 1485 3676 volumina,
1525 3625 1646 3680 qua:
1676 3614 1956 3682 splendida

379 3692 435 3736 et
462 3684 778 3756 praefulgida
819 3691 1148 3750 videbantur
1175 3700 1423 3757 oratione
1466 3703 1798 3772 composita,
1830 3720 1959 3774 pro-

377 3777 467 3832 cul
492 3793 523 3831 a
559 3780 794 3836 veritate
819 3784 1208 3854 consisterent,
1233 3788 1286 3843 in
1315 3805 1540 3846 excessu
1572 3803 1626 3848 et
1651 3794 1702 3848 in
1735 3805 1956 3865 stupore

378 3869 578 3924 mentis
605 3870 828 3928 eﬂectus
855 3873 963 3929 dixi
991 3893 1005 3929 :
1041 3893 1062 3928 ι
1088 3876 1278 3936 Omnis
1300 3878 1808 3942 homomendax".a
1840 3883 1956 3956 Ego

377 3973 509 4016 vero
535 3962 622 4016 cui
651 3964 766 4019 lucc
795 3967 1112 4023 ostenderat
1134 3968 1297 4037 Deus,
1327 3971 1571 4042 ingratus
1593 3987 1700 4027 non
1726 3974 1826 4040 l'ui,
1859 3975 1953 4031 sed

375 4049 610 4120 cogitavi
650 4063 706 4107 et
727 4057 952 4124 quaesivi
975 4059 1119 4128 apud
1149 4063 1548 4132 memetipsum,
1569 4066 1700 4134 quid
1730 4081 1827 4136 pro
1851 4066 1953 4122 huc

375 4143 522 4210 quod
566 4145 698 4201 mihi
753 4147 1019 4205 Dominus
1065 4155 1318 4220 praestitit
1363 4156 1644 4210 scientiam
1679 4157 1950 4222 veritatis,

373 4231 604 4292 Domino
627 4239 983 4304 rependerem
1015 4245 1257 4301 muneris
1285 4261 1300 4299 :
1330 4245 1566 4303 intellexi
1597 4257 1777 4303 tamen
1806 4251 1952 4320 quod

370 4335 566 4380 natura
602 4329 696 4384 illa
718 4341 944 4396 :eterna,
967 4341 1021 4388 et
1048 4337 1287 4390 omnium
1311 4337 1554 4407 domina,
1585 4339 1786 4398 nullius
1813 4343 1953 4397 indie

371 4425 486 4484 get.
518 4415 694 4482 Unum
731 4435 861 4492 ergo
889 4422 1068 4479 inveni
1093 4427 1264 4481 solum
1297 4431 1444 4496 quod
1475 4446 1560 4486 me
1575 4430 1772 4486 oii'erre
1795 4448 1953 4502 opor-

372 4515 515 4562 teret
541 4510 676 4575 Deo,
701 4512 754 4566 id
781 4523 866 4569 est
896 4525 954 4569 ut
981 4517 1263 4572 crederem
1305 4519 1372 4574 de
1399 4534 1467 4575 eo
1503 4521 1648 4591 quod
1673 4539 1951 4593 nunquam

2060 3350 2241 3392 sermo
2259 3333 2353 3388 Dei
2368 3348 2477 3388 non
2493 3330 2669 3386 lactus
2681 3340 2786 3395 est,
2801 3329 2925 3400 quia
2944 3346 2962 3380 ι
2988 3329 3167 3383 omnis
3182 3327 3351 3385 homo
3373 3329 3608 3383 mendax
3625 3347 3646 3382 ι

2056 3429 2150 3482 sit.
2167 3427 2274 3482 Sed
2295 3425 2512 3494 etquod
2527 3423 2774 3494 sequitur
2803 3422 3158 3478 nihilominus
3175 3423 3243 3476 de
3261 3421 3482 3493 psalmo
3496 3421 3652 3491 quin-

2056 3519 2731 3590 quagesimnassumptum
2751 3525 2860 3581 est,
2881 3515 2932 3570 id
2962 3526 3080 3570 est:
3107 3533 3126 3566 ι
3151 3511 3572 3582 Utjustiﬁceris
3594 3514 3643 3566 ir.

2056 3609 2405 3669 sermonibus
2427 3609 2556 3675 tuis,
2570 3615 2624 3662 et
2639 3606 2826 3662 vincas
2846 3603 3272 3676 cumjudicarts.
3301 3623 3319 3657 i
3340 3604 3442 3659 Est
3470 3614 3645 3659 autem

2057 3702 2111 3759 in
2127 3700 2340 3772 psalmo
2356 3700 2570 3769 integer
2582 3712 2774 3752 sensus
2792 3697 2896 3753 hoc
2909 3697 3072 3750 modo
3085 3697 3297 3766 positus
3319 3713 3332 3750 :
3358 3714 3378 3746 ι
3404 3695 3528 3749 Tibi
3550 3695 3644 3750 sol.

2057 3793 2306 3865 peccavi,
2337 3800 2394 3848 et
2421 3790 2624 3845 malum
2650 3804 2835 3846 coram
2865 3798 2918 3843 te
2955 3788 3093 3852 feci,
3129 3797 3188 3841 ut
3215 3786 3550 3855 justiﬁceris
3590 3789 3640 3841 in

2055 3884 2403 3943 sermonibus
2434 3883 2562 3946 tuis.
2592 3892 2647 3940 et
2667 3882 2855 3938 vincas
2886 3895 3008 3936 cum
3026 3879 3319 3951 judicaris.
3360 3897 3382 3932 ι
3414 3881 3483 3934 Ει
3517 3897 3644 3950 quo-

2055 3979 2202 4034 niam
2237 3977 2458 4048 grandis
2487 3991 2747 4032 excessus
2775 3983 2860 4030 est
2887 3982 2948 4029 ut
2975 3974 3046 4029 ab
3069 3973 3228 4028 initio
3253 3973 3457 4044 psalmi
3493 3988 3643 4043 repe-

2057 4080 2258 4132 tamus,
2293 4069 2580 4124 brevitatis
2614 4081 2781 4124 causa
2818 4067 2972 4121 hunc-
3016 4067 3406 4122 tantummodo
3428 4104 3446 4131 ,
3483 4079 3641 4136 quem

2055 4159 2110 4215 in
2143 4158 2319 4213 medio
2349 4159 2649 4226 posuimus,
2677 4157 3033 4211 discutiamus
3062 4171 3420 4222 sermonem;
3455 4157 3510 4210 in
3539 4171 3645 4226 quo

2054 4245 2244 4302 Statim
2269 4246 2321 4299 in
2352 4247 2527 4312 primo
2555 4245 2669 4300 haec
2702 4243 2933 4300 difﬁcilis
2955 4245 3176 4299 videtur
3211 4246 3560 4315 explanatio.
3589 4246 3641 4298 Si

2055 4339 2200 4393 enim
2237 4337 2522 4392 historiam
2579 4351 2875 4406 sequamur
2922 4351 3042 4406 quae
3096 4336 3148 4390 in
3212 4337 3640 4406 pratitulatione

2055 4429 2245 4500 psalmi
2275 4428 2476 4498 scripta
2510 4438 2616 4494 est,
2646 4430 2718 4483 ibi
2740 4429 2973 4483 refertur
2999 4440 3288 4497 perempto
3312 4429 3445 4484 Uria
3469 4428 3638 4483 Etbeo

2057 4535 2284 4576 uxorem
2315 4518 2433 4587 ejus
2456 4521 2732 4589 accepisse
2761 4520 2926 4574 David
2965 4519 3036 4573 ⁸⁸.
3076 4517 3370 4586 Quomodo
3400 4536 3535 4592 ergo
3555 4521 3638 4574 di-

369 4599 546 4670 possit
597 4602 667 4657 ab
721 4602 941 4660 homine
990 4606 1193 4676 aliquid
1255 4611 1529 4682 accipere,
1589 4613 1685 4668 sed
1736 4629 1953 4684 semper
1982 4613 2029 4672 D
2056 4612 2170 4667 cit:
2215 4631 2234 4664 ι
2273 4611 2394 4667 Tibi
2411 4612 2513 4667 soli
2545 4612 2801 4681 peccavi;
2840 4630 2859 4663 ι
2897 4627 3018 4666 cum
3057 4613 3247 4681 utique
3290 4623 3348 4668 et
3376 4613 3431 4668 in
3468 4615 3636 4683 ipsum

369 4689 500 4746 dare
518 4688 548 4760 ;’
561 4700 616 4747 ει
638 4693 759 4749 ideo
775 4694 886 4750 dixi
914 4713 928 4749 :
953 4714 974 4750 ι
1008 4696 1244 4756 Calicem
1262 4701 1518 4756 salutaris
1539 4703 1804 4773 accipiam
1820 4710 1896 4770 ll0;
1924 4724 1944 4759 ι

367 4784 520 4838 velut
551 4786 598 4842 si
622 4788 1010 4858 responderem
1043 4790 1159 4863 (79)
1198 4793 1400 4849 dicenti
1427 4813 1440 4848 :
1464 4793 1631 4851 Potes
1658 4815 1678 4848 ς
1719 4797 1947 4854 calicem

366 4872 576 4944 bibere,
623 4893 784 4948 quem
841 4895 942 4952 ego
980 4883 1254 4940 bibiturus
1315 4901 1436 4942 sum
1484 4883 1581 4942 ⁸ίῖ
1619 4906 1639 4940 ι
1691 4895 1748 4942 ει
1795 4891 1945 4946 diee-

364 4983 482 5022 rem
509 4969 621 5040 (80)
648 4990 663 5025 :
689 4972 936 5040 Possum,
969 4975 1220 5033 Domine.
1257 4975 1349 5032 Sic
1375 4993 1506 5049 ergo
1539 4979 1668 5034 aio:
1706 4979 1943 5038 Calicem

367 5063 637 5130 passionis
659 5075 766 5121 tuae
797 5067 1052 5134 libenter,
1084 5080 1140 5125 et
1165 5079 1274 5126 tota
1298 5071 1577 5128 voluntate
1614 5075 1942 5144 suscipiam;

363 5165 423 5210 et
445 5165 504 5212 ut
541 5159 730 5216 calicis
763 5163 865 5229 tui,
894 5164 947 5219 id
975 5175 1063 5220 est
1091 5165 1390 5236 passionis,
1417 5169 1649 5239 gratiam
1683 5171 1751 5225 ad
1778 5170 1941 5227 ﬁnem

364 5263 540 5306 usque
585 5267 929 5323 conservem,
975 5272 1082 5313 non
1127 5257 1291 5329 500
1329 5261 1468 5318 meis
1505 5263 1719 5319 viribus
1761 5278 1943 5336 agam.

471 5391 517 5422 ⁷⁸
547 5389 734 5444 Matth.
760 5405 835 5451 vt,
863 5389 952 5446 10.
1050 5389 1096 5423 ’⁸
1125 5389 1266 5444 Psal.
1296 5405 1438 5451 cxxt,
1470 5390 1524 5444 7.
1625 5390 1671 5422 ⁷⁷
1695 5403 1838 5444 vers.
1871 5391 1959 5444 Η.

1050 5389 1096 5423 ’⁸
1125 5388 1266 5444 Psal.
1296 5405 1438 5458 cxxt,
1470 5390 1524 5444 7.

2058 4701 2245 4762 Uriam
2279 4703 2621 4769 peccaverit,
2661 4713 2717 4760 et
2758 4705 2811 4758 iu
2859 4702 3196 4774 propinquos
3245 4703 3404 4775 ejus,
3444 4706 3540 4761 sed
3585 4716 3635 4758 et

2056 4798 2111 4854 in
2145 4798 2316 4867 ipsam
2358 4795 2632 4854 Bersabee
2666 4810 2829 4868 atque
2869 4811 3088 4851 omnem
3122 4796 3346 4851 domum
3381 4799 3526 4870 ejus,
3554 4801 3633 4854 cui

2055 4889 2306 4946 intulisse
2333 4890 2602 4945 maculam
2643 4891 2858 4946 videtur
2890 4889 3170 4945 adulterii.
3215 4890 3324 4946 Sed
3354 4893 3631 4948 sciendqu

2052 4983 2195 5054 quod
2229 4998 2337 5038 non
2369 4996 2586 5049 semper
2624 4981 3065 5052 praetitulatiouis
3105 4982 3402 5036 historiam
3448 4983 3632 5053 psalmi

2049 5077 2386 5133 continentia
2434 5074 2706 5143 sequitur,
2759 5084 2818 5128 ut
2867 5075 2920 5128 in
2965 5075 3220 5145 plurimis
3264 5075 3496 5144 psalmis
3545 5075 3630 5145 qui

2047 5171 2365 5226 observabit
2407 5167 2669 5222 inveniet.
2717 5167 2783 5221 Et
2807 5177 2864 5221 ut
2890 5168 3124 5238 exempli
3163 5183 3332 5223 causa
3364 5169 3629 5235 dixerim,

2047 5263 2240 5332 psalmi
2271 5261 2464 5317 decimi
2488 5260 2702 5330 septimi
2728 5259 3079 5329 praztitulatio
3113 5271 3199 5316 est
3238 5278 3253 5315 :
3289 5281 3309 5314 ι
3355 5261 3413 5316 In
3453 5263 3631 5327 ﬁnem,

2055 5391 2102 5424 ⁷⁸
2131 5390 2271 5445 Psal.
2302 5405 2430 5444 xcm
2451 5430 2466 5456 ,
2505 5389 2590 5444 10.
2686 5389 2730 5420 ⁷⁸
2762 5388 2902 5444 Psal.
2932 5404 3067 5448 cxv,
3100 5388 3187 5441 ll.
3289 5388 3338 5422 ⁸⁸
3369 5391 3502 5446 ibid.
3540 5392 3620 5445 l5.

373 5461 419 5495 ’ί
451 5461 641 5515 Matth.
668 5476 755 5526 xx,
783 5461 872 5515 22.
949 5459 994 5490 ⁸⁸
1023 5459 1164 5514 Psal.
1194 5475 1314 5524 cxv,
1349 5457 1434 5514 l5.
1507 5459 1553 5498 ⁸³
1582 5458 1740 5515 Rom.
1771 5478 1853 5525 Ill,
1883 5463 1937 5516 4.

2112 5461 2245 5514 loan.
2272 5477 2324 5524 x,
2355 5461 2444 5517 55.
2519 5461 2564 5492 ⁸⁵
2596 5457 2641 5512 Il
2675 5459 2807 5530 Reg.
2833 5475 2906 5524 XI,
2931 5458 3020 5522 26,
3053 5459 3144 5512 27.

368 5656 395 5666 ι-
585 5572 693 5666 A_l.,
729 5592 749 5626 ι
787 5575 917 5632 Erat
939 5583 1148 5641 autem,
1181 5592 1202 5627 ι
1231 5575 1326 5630 sed
1357 5589 1491 5630 mss.
1521 5577 1695 5632 nostri
1724 5575 1946 5648 ubique,

369 5660 399 5782 ὲ
434 5653 752 5782 ῗίέῒέάἰιί,
776 5732 795 5766 ‹
831 5712 1031 5767 Verum
1054 5712 1143 5768 'ad
1193 5709 1496 5771 evidentius
1530 5715 1946 5774 illuminandum

372 5779 614 5851 Aposioli
651 5799 892 5847 sensum,
932 5798 1000 5837 ne
1025 5783 1292 5838 videatur.
1335 5803 1355 5838 ι

395 5885 406 5897 ο
445 5852 558 5924 (79)
587 5853 749 5922 Editi,
786 5873 807 5906 ι
841 5854 1213 5923 responderet,
1243 5875 1262 5909 ι
1307 5855 1468 5915 male.

2131 5573 2243 5646 (80)
2262 5570 2372 5646 A_l_.,
2389 5589 2408 5622 ι
2429 5573 2666 5646 diceret;
2699 5587 2719 5622 ι
2751 5569 2947 5625 deinde
2974 5587 2992 5619 ι
3014 5568 3089 5622 ait
3108 5589 3130 5622 ι
3151 5586 3249 5641 pro
3273 5591 3293 5624 ι
3319 5574 3430 5640 aio,
3450 5591 3471 5628 ι
3491 5576 3640 5628 male.

2153 5645 2242 5710 8i)
2279 5643 2390 5709 AL,
2425 5661 2443 5692 ι
2477 5643 2705 5696 deitate.
2741 5659 2761 5692 ι

2151 5709 2720 5784 82)1nsubstantieus.
2778 5709 2886 5765 Sic.
2934 5727 3067 5766 mss.
3112 5711 3252 5765 Editi
3292 5729 3452 5783 vero,
3495 5735 3514 5766 ι
3546 5717 3612 5768 du

2058 5791 2220 5924 1)ιῖἓέ
2228 5804 2256 5910 ⁸»
2278 5852 2417 5928 Μ..
2444 5851 2502 5908 ιη
2531 5850 2696 5909 editis
2724 5849 2977 5908 omnibus
3008 5854 3306 5908 omittitur.
