3784 6560
85 519 170 573 θῖί
1021 512 1378 570 COMMENT.
1416 511 1482 566 ΙΝ
1521 509 1638 564 ΕΡιε

1781 505 1870 561 AD
1909 507 2076 564 ROM.
2113 507 2244 564 LIB.
2287 507 2378 562 ιιι,

3241 509 3347 564 922

89 633 266 704 inquit,
297 645 485 702 puero
510 630 731 688 Domini
759 630 964 699 David,
999 633 1091 701 qui
1132 637 1344 688 locutus
1379 642 1464 688 est
1492 631 1658 687 verba
1690 635 1737 694 Α
1764 629 1878 699 qui.
1921 627 2055 683 Illud
2111 637 2294 683 tamen
2338 625 2482 697 quod
2535 625 2603 680 ad
2653 639 2769 680 rem
2800 625 3070 696 pertinet,
3103 626 3347 683 breviter

87 725 270 780 cantici
308 725 482 790 hujus
506 726 563 780 in
607 725 694 780 die
722 739 828 793 qua
862 724 1117 779 liberavit
1149 741 1272 780 eum
1301 725 1562 779 Dominus
1592 724 1662 779 de

87 833 234 874 manu
289 818 547 872 omnium
598 817 943 870 inimicorum
992 829 1236 884 suorum,
1284 825 1340 870 et
1383 818 1450 870 de
1498 829 1661 869 manu

89 909 225 974 Saul,
257 917 316 963 et
344 909 516 962 dixit.
549 927 570 960 ι
603 908 950 964 Continentia
981 921 1111 961 vero
1132 908 1320 974 psalmi
1345 907 1507 977 longe
1521 906 1662 960 aliud

86 1014 230 1068 quam
266 999 636 1068 praetitulatio
677 999 938 1052 continet.
973 997 1102 1063 Quae
1133 997 1280 1053 enim
1306 998 1660 1052 fundamenta

85 1090 336 1145 montium
366 1101 654 1146 commota
687 1091 856 1146 sunt?
880 1100 974 1146 aut
1009 1092 1283 1160 quomodo
1310 1089 1422 1160 (84)
1454 1099 1661 1145 treme-

83 1182 208 1235 facta
231 1190 317 1236 est
351 1191 533 1246 terra,
577 1197 702 1236 cum
732 1192 998 1252 pugnaret
1023 1182 1192 1237 David
1224 1183 1515 1237 adversum
1544 1181 1659 1236 ini-

84 1272 234 1326 micos
288 1287 426 1327 suos
445 1272 600 1327 ?Aut
646 1273 738 1327 ubi
780 1273 1019 1328 refertur
1063 1273 1236 1342 caligo
1283 1272 1384 1328 sub
1433 1271 1658 1342 pedibus

85 1363 276 1418 Domini
324 1363 556 1420 fuisse?
579 1365 664 1420 vel
696 1364 786 1420 ubi
834 1367 1108 1420 indicatur
1144 1366 1458 1421 ascendisse
1497 1381 1660 1435 super

81 1455 374 1517 cherubim,
409 1464 472 1510 et
497 1455 734 1520 volasse,
763 1455 846 1508 vel
872 1469 1036 1524 super
1059 1469 1262 1523 pennas
1285 1464 1662 1517 ventorum,et

83 1558 253 1601 caetera
295 1563 446 1617 pene
493 1549 680 1603 omnia
726 1564 845 1616 quae
886 1563 915 1602 a
959 1547 1398 1618 prmtitulationis
1431 1546 1658 1602 historia

82 1639 380 1694 omnimode
410 1638 905 1710 discrepantiﬂoc
952 1655 1084 1712 ergo
1121 1641 1279 1695 modo
1312 1651 1366 1695 et
1405 1639 1460 1694 in
1501 1639 1660 1707 quin-

83 1731 384 1801 quagesimo
405 1732 626 1801 psalmo
649 1749 768 1804 quae
791 1732 904 1804 (85)
924 1734 1221 1789 secundum
1242 1733 1523 1788 historiam
1549 1747 1655 1786 non

81 1818 422 1873 conveniunt.
448 1819 760 1876 Videndum
785 1832 953 1878 estne
981 1821 1123 1878 forte
1160 1822 1405 1878 mulieris
1441 1822 1494 1876 in
1517 1837 1657 1891 pra:-

83 1907 375 1964 titulatione
405 1924 510 1978 per
537 1909 769 1981 figuram
813 1912 1024 1968 idcirco
1057 1911 1198 1968 facta
1236 1913 1308 1969 sit
1336 1913 1560 1977 mentio,
1598 1921 1658 1968 ut

1761 735 2176 793 prosequemur.
2220 719 2392 785 Cum,
2443 718 2642 787 inquit,
2675 716 2846 770 multa
2880 716 3157 772 subtilitas
3179 719 3256 785 .sit
3289 721 3342 773 in

1761 815 2025 868 varietate
2059 821 2370 876 sectarum,
2396 821 2450 866 et
2480 811 2571 879 qui
2602 823 2799 864 sensus
2839 807 3138 863 secundum
3174 810 3344 864 Deum

1761 906 1851 972 sit,
1884 906 1974 974 qui
2016 919 2146 959 vero
2172 888 2382 958 alienus
2409 918 2438 956 a
2482 903 2592 957 Deo
2615 902 2668 955 in
2705 902 3123 957 tractationibus
3151 911 3205 956 et
3234 903 3347 956 dis-

1760 996 2136 1068 putationibus
2184 994 2538 1065 sapientium,
2573 993 2774 1048 nullius
2799 995 2870 1048 sit
2895 994 3061 1060 scire,
3090 993 3176 1047 vel
3201 992 3348 1059 judi-

1761 1103 1910 1154 care,
1930 1088 2035 1144 nisi
2067 1088 2240 1144 solius
2266 1087 2382 1154 Dei,
2407 1089 2499 1157 qui
2523 1085 2670 1142 solus
2697 1085 3350 1157 potestcomprehendere

1759 1180 2032 1251 sapientes
2059 1180 2112 1235 in
2136 1181 2336 1236 astutia
2359 1195 2456 1236 sua
2489 1180 2538 1212 ’°
2566 1193 2580 1232 :
2612 1180 2734 1235 ideo
2767 1196 2787 1230 ‹
2830 1179 2926 1234 tibi
2967 1179 3064 1232 soli
3099 1178 3346 1247 peccavi,

1759 1281 1816 1328 et
1845 1272 2047 1326 malum
2094 1287 2278 1326 coram
2329 1282 2380 1328 te
2425 1272 2532 1327 feci
2556 1273 2629 1337 ⁹¹,
2671 1291 2690 1324 ι
2735 1271 2863 1341 quia
2899 1271 3084 1325 caeteri
3130 1285 3346 1335 omnes,

1758 1373 1946 1432 utpote
1983 1363 2254 1419 animales
2299 1364 2572 1428 homines,
2620 1378 2726 1428 me,
2769 1364 2862 1434 qui
2899 1363 3162 1433 spiritalis
3202 1377 3345 1422 sum,

1759 1456 1973 1512 etiamsi
2006 1457 2207 1522 erravi,
2235 1457 2539 1526 dijudicare
2575 1471 2679 1510 non
2712 1467 2944 1525 possunt
2972 1474 2986 1510 :
3013 1456 3139 1524 quia
3169 1473 3188 1504 ι
3229 1457 3346 1522 spi-

1761 1548 1937 1603 ritalis
1972 1548 2185 1618 judicat
2223 1547 2431 1614 omnia,
2478 1548 2594 1616 ipse
2635 1561 2766 1602 vero
2805 1561 2834 1600 a
2882 1548 3099 1601 nemine
3132 1545 3344 1614 judica-

1760 1642 1930 1694 tur”.
1965 1641 2119 1711 gSed
2145 1640 2272 1711 quia
2297 1638 2662 1696 additPaulus
2689 1659 2708 1692 ι
2740 1640 3023 1710 spiritalis,
3049 1658 3067 1690 ι
3097 1649 3153 1693 et
3175 1640 3342 1693 dicit:

1764 1748 1784 1783 ι
1829 1730 1931 1798 Qui
1981 1745 2162 1786 autem
2196 1730 2404 1802 judicat
2447 1745 2556 1798 me,
2603 1731 2866 1785 Dominus
2908 1739 2991 1786 est
3036 1729 3132 1784 ’δε
3176 1747 3198 1784 ι
3241 1731 3346 1784 hoc

1759 1827 1939 1881 sciens
1984 1833 2043 1879 ct
2094 1823 2262 1878 David
2307 1823 2452 1893 quod
2493 1822 2646 1878 solus
2691 1822 2952 1878 Dominus
2986 1830 3073 1878 est
3105 1822 3198 1892 qui
3233 1822 3348 1891 spi-

1759 1917 1972 1972 ritalem
2025 1916 2317 1986 dijudicat,
2384 1916 2471 1970 vel
2531 1916 2858 1984 prophetam
2915 1913 3072 1985 (88),
3133 1913 3343 1974 idcirco

81 2000 162 2053 sub
188 2000 290 2054 hac
315 2001 700 2070 appellatione
728 2003 1064 2074 intelligatur
1083 2004 1261 2076 aliqua
1287 2004 1412 2059 talis
1438 2004 1654 2070 mulier,
1685 2008 1729 2067 Β
1761 2006 1918 2078 501
1962 2008 2132 2063 dicit:
2169 2027 2188 2061 α
2224 2007 2346 2063 Tibi
2380 2008 2481 2064 soli
2503 2009 2747 2078 peccavi,
2786 2025 2805 2060 ι
2843 2022 2874 2061 a
2901 2021 3012 2076 quo
3053 2005 3172 2062 solo
3209 2020 3344 2076 pos-

81 2087 148 2142 vel
175 2089 356 2158 qualis
384 2090 728 2147 describitur
760 2093 850 2148 illa
886 2093 1048 2150 fortis
1078 2110 1199 2164 qua:
1228 2096 1470 2166 duplices
1499 2096 1657 2150 chla-

80 2180 246 2250 mydes
276 2180 419 2236 fecit
435 2183 561 2238 viro
581 2198 683 2239 suo
710 2183 778 2250 ",
803 2184 893 2240 vel
910 2196 1058 2241 certe
1086 2186 1214 2241 huic
1235 2188 1515 2242 contraria
1543 2187 1654 2261 (86)

81 2279 130 2322 ut
148 2271 364 2326 fuerunt
407 2273 521 2327 illae
541 2289 665 2344 quae
686 2275 944 2330 dicuntur
963 2277 1266 2332 declinasse
1292 2293 1390 2333 cor
1416 2277 1659 2334 Salomo-

80 2361 148 2414 nis
171 2360 236 2426 "’,
269 2371 336 2416 ut
382 2363 691 2420 aedificaret
725 2380 850 2422 aras
887 2369 1172 2438 gentium,
1215 2375 1271 2423 et
1319 2369 1484 2424 idola.
1527 2371 1658 2438 Quae

81 2453 242 2522 utique
269 2453 329 2507 in
376 2454 708 2525 allegoriam
752 2467 1008 2527 sumptze,
1047 2474 1171 2513 non
1205 2469 1334 2515 sunt
1365 2473 1430 2514 ex
1475 2461 1656 2516 divina

80 2546 349 2614 sapientia,
381 2548 487 2602 sed
510 2563 580 2602 ex
612 2548 717 2603 illis
748 2564 870 2619 quae
897 2552 1091 2607 suntei
1128 2553 1438 2619 contrariae,
1476 2554 1527 2608 id
1549 2563 1652 2617 est,

82 2634 244 2712 aliena:
287 2653 320 2690 a
369 2638 486 2692 Deo
523 2650 714 2695 sectae.
749 2640 897 2697 Talis
933 2657 1064 2712 ergo
1105 2653 1162 2699 et
1194 2646 1311 2700 haec
1343 2644 1487 2701 Uria:
1518 2661 1657 2700 uxor

82 2725 211 2782 Ευιεί
241 2729 349 2783 viri
376 2729 556 2785 alieni
583 2731 654 2785 ab
684 2732 848 2787 Israel
876 2733 1105 2803 intelligi
1137 2745 1339 2804 potest,
1365 2751 1530 2806 quam
1555 2751 1653 2806 po-

80 2823 194 2878 situs
222 2823 275 2878 in
307 2826 705 2895 superioribus
733 2827 901 2882 David
925 2829 1228 2899 inspexerit
1254 2831 1528 2886 lavantem
1554 2833 1655 2886 im-

82 2914 356 2971 munditias
397 2930 539 2972 suas
585 2916 641 2970 in
679 2917 836 2987 aquis
867 2917 933 2983 ",
967 2928 1021 2973 et
1041 2920 1234 2976 sordes
1276 2936 1406 2977 suas
1447 2921 1655 2978 diluere

81 3005 350 3076 volentem,
407 3023 653 3078 eamque
689 3011 1081 3067 desideraverit
1111 3021 1167 3067 et
1211 3014 1503 3082 acceperit.
1545 3012 1651 3070 Sed

82 3100 183 3164 quia
210 3116 314 3155 non
342 3100 454 3156 fuit
479 3102 736 3159 voluntas
767 3104 979 3159 Domini
1014 3105 1220 3161 alienas
1243 3121 1272 3160 a
1299 3108 1530 3162 veritate
1556 3107 1652 3162 Dei

79 3202 230 3245 sectas
254 3193 545 3248 introduci
583 3193 696 3265 (87)
739 3196 793 3248 in
838 3197 1056 3249 domum
1087 3194 1256 3252 David
1281 3238 1296 3264 ,
1328 3199 1502 3267 prima
1537 3198 1652 3265 ejus

80 3285 329 3351 nativitas,
364 3295 424 3341 et
444 3288 663 3355 primus
683 3285 893 3342 fructus
914 3288 1300 3359 exstinguitur,
1331 3299 1390 3343 ut
1408 3290 1648 3345 secunda

79 3381 310 3448 progenie
357 3395 463 3434 rex
510 3379 582 3432 de
629 3379 933 3450 alienigena
968 3380 1187 3451 sapiens
1231 3394 1550 3437 nasceretur
1578 3383 1650 3437 ⁸³.

80 3465 164 3524 Sed
185 3471 404 3542 longum
429 3479 520 3524 est
551 3471 747 3524 horum
785 3473 988 3540 figuras
1008 3511 1023 3536 ,
1055 3481 1110 3526 et
1137 3472 1425 3544 enigmata
1456 3489 1644 3543 perse-

1759 2113 1880 2154 sum
1913 2098 2224 2167 dijudicari.
2272 2099 2408 2154 Nam
2464 2095 2700 2154 humana
2739 2101 2854 2155 dies
2896 2100 3198 2170 dijudicare
3231 2113 3340 2152 non

1759 2198 1938 2257 potest
1976 2187 2278 2258 spiritalem
2313 2189 2382 2244 “.
2421 2189 2528 2244 Sed
2561 2200 2615 2245 et
2643 2191 2787 2258 quod
2817 2191 3064 2260 sequitur
3091 2190 3159 2244 ad
3195 2190 3342 2243 hunc

1759 2280 1984 2347 respicit
2036 2294 2310 2337 sensum:
2359 2299 2379 2335 ι
2411 2280 2482 2338 Ut
2535 2283 2859 2352 justificeris
2890 2283 2945 2336 in
2993 2282 3343 2336 sermonibus

1759 2371 1887 2439 tuis,
1906 2380 1960 2425 et
1981 2371 2172 2427 vincas
2197 2388 2320 2427 cum
2342 2371 2610 2440 iudicaris
2638 2375 2708 2428 °'.
2739 2391 2760 2427 ι
2799 2371 3343 2443 Judicaturnamque

1757 2461 1902 2518 Deus
1931 2463 1986 2518 in
2026 2463 2487 2529 disputationibus
2524 2465 2852 2535 sapientium
2879 2509 2893 2532 ,
2935 2465 3062 2520 dum
3114 2464 3203 2519 alii
3237 2465 3344 2520 hoc

1757 2553 1945 2620 modo,
1984 2554 2077 2608 alii
2111 2554 2240 2622 alio,
2282 2564 2338 2610 et
2373 2555 2590 2612 diverse
2612 2557 2810 2627 singuli
2840 2557 2908 2612 de
2939 2557 3046 2612 Deo
3067 2556 3336 2612 sentiunt.

1755 2646 1876 2716 Ipse
1902 2662 2032 2703 vero
2060 2648 2234 2703 vincit
2260 2662 2356 2704 eos
2379 2649 2474 2718 qui
2505 2649 2571 2704 de
2599 2663 2662 2704 se
2684 2649 2960 2716 iudicant,
2993 2664 3118 2705 cum
3149 2663 3343 2703 erran-

1755 2739 1902 2794 tibus
1927 2740 2138 2796 cunctis
2166 2756 2323 2795 suam
2357 2741 2423 2795 de
2446 2755 2505 2796 se
2533 2741 2810 2814 quomodo
2844 2741 2928 2796 vel
2957 2741 3200 2810 qualiter
3219 2755 3345 2795 cre-

1754 2831 1964 2887 dendus
1983 2846 2050 2886 ac
2096 2831 2447 2888 venerandus
2480 2835 2555 2886 sit
2586 2829 2795 2886 revelat
2835 2832 2952 2900 ipse
2983 2831 3336 2888 sententiam.

1755 2925 1861 2982 Sed
1887 2923 2116 2980 sufﬁciat
2133 2926 2414 2994 hucusque
2435 2926 2611 2994 spatia
2635 2925 2860 2987 secundi
2886 2923 3181 2979 voluminis
3212 2937 3338 2977 esse

1753 3018 2041 3087 producta.
2078 3014 2276 3071 Nescio
2333 3032 2442 3086 quo
2501 3017 2706 3071 etenim
2756 3026 2915 3084 pacto
2947 3055 2964 3082 ,
3002 3016 3129 3070 dum
3185 3015 3337 3084 piget

1755 3110 2010 3164 omittere
2044 3109 2088 3164 si
2128 3124 2235 3179 qua
2271 3109 2648 3179 explanationi
2681 3107 2988 3164 necessaria
3029 3121 3337 3177 suggerun-

1765 3211 1874 3267 tur,
1902 3201 2202 3256 evulvimur
2229 3216 2259 3254 a
2283 3201 2594 3256 brevitate:
2627 3215 2812 3270 quam,
2841 3200 2886 3254 si
2917 3213 3005 3255 res
3034 3207 3335 3270 pateretur,

1753 3292 1979 3348 lectoris
2011 3292 2232 3350 fastidio
2282 3293 2674 3360 consulentes,
2726 3307 3059 3364 magnOpere
3109 3305 3337 3347 servare

1754 3398 2101 3454 cuperemus.

1205 3795 1556 3883 LIBER
1637 3781 2199 3882 TERTIUS.

1329 4033 1355 4051 Ι

126 4153 168 4206 l.
199 4172 216 4205 ι
248 4144 301 4207 Si
333 4161 531 4207 autem
566 4145 823 4217 iniquitas
852 4154 1037 4200 nostra
1066 4134 1161 4197 Dei
1187 4141 1448 4212 justitiam
1479 4155 1629 4195 com-
1677 4148 1720 4206 (ζ
1751 4141 1916 4197 etiam
1944 4154 2040 4208 pro
2068 4137 2269 4195 ΙιιιΙειξὶε
2305 4137 2525 4207 ponitur
2557 4154 2572 4190 :
2605 4147 2660 4191 et
2694 4151 2757 4191 ex
2789 4137 2921 4206 ipsis
2945 4135 3081 4193 alios
3109 4138 3331 4209 quidem

73 4241 294 4307 mendat,
323 4240 463 4311 quid
497 4236 784 4294 dicemus?
807 4233 1060 4310 Nunquid
1105 4233 1320 4301 iniquus
1365 4231 1508 4286 Deus
1539 4230 1628 4300 qui

73 4331 206 4386 infert
234 4334 411 4389 iram?
440 4329 763 4386 Secundum
805 4325 1079 4380 hominem
1107 4324 1244 4380 dico.
1272 4322 1446 4381 Absit.
1482 4323 1632 4378 Alio-

71 4415 178 4481 quin
209 4415 498 4485 quomodo
546 4413 820 4485 indicabit
869 4413 1012 4467 Deus
1064 4413 1206 4467 hunc
1237 4413 1544 4468 mundum?
1583 4410 1642 4468 Si

72 4504 192 4559 enim
220 4507 437 4562 veritas
485 4504 581 4560 Dei
616 4505 671 4559 in
730 4519 852 4559 meo
894 4504 1177 4558 mendacio
1231 4505 1532 4560 abundavit
1588 4503 1642 4558 in

71 4595 264 4662 gloriam
295 4597 446 4666 ejus,
474 4597 613 4668 quid
646 4596 826 4651 adhuc
859 4605 913 4650 et
938 4611 1039 4663 ego
1082 4602 1342 4666 tauquam
1380 4606 1642 4666 peccator

69 4683 277 4753 judicor,
302 4701 360 4744 et
399 4705 515 4743 non
561 4688 1216 4759 (sicutblasphemamur,
1270 4699 1325 4743 et
1381 4691 1521 4744 sicut
1555 4689 1640 4742 di~

70 4787 181 4830 cunt
215 4796 316 4835 nos
357 4780 597 4849 quidam
630 4779 835 4852 dicere)
871 4779 1136 4835 faciamus
1169 4781 1308 4834 mala
1335 4791 1390 4834 ut
1419 4781 1642 4836 veniant

70 4863 486 4939 bona?quorum
519 4869 962 4938 damnatiojusta
1005 4880 1088 4926 est
1112 4872 1180 4928 ³⁸.
1227 4889 1247 4924 ι
1281 4870 1506 4926 Multum
1535 4873 1644 4929 for-

70 4960 206 5014 tassis
280 4961 703 5030 inconsequens
762 4962 1036 5016 videbitur
1080 4963 1215 5018 ordo
1272 4963 1486 5018 dicendi
1543 4982 1640 5035 per

69 5061 254 5105 omnem
299 5067 451 5124 pene
508 5062 718 5107 textura
769 5052 932 5123 hujus
966 5053 1222 5123 Epistula:
1273 5056 1341 5109 ab
1391 5056 1641 5124 apostolo

69 5136 210 5195 Paulo
240 5145 498 5214 digestus
531 5183 548 5208 ,
609 5145 734 5197 dum
782 5158 963 5198 sermo
997 5145 1114 5214 ejus
1153 5161 1299 5200 nunc
1349 5146 1638 5201 adversum

71 5243 230 5297 gentes
263 5236 555 5306 dirigitur,
585 5249 730 5287 nunc
770 5250 868 5303 pro
906 5235 1160 5306 gentibus
1198 5246 1556 5305 temperatur,
1583 5247 1641 5293 et

71 5335 256 5380 rursum
293 5329 605 5381 adversum
635 5323 874 5392 Judmos,
905 5338 959 5381 et
986 5329 1182 5382 iterum
1212 5329 1278 5384 de
1303 5327 1524 5396 Judaeis,
1544 5341 1639 5384 aut

121 5418 644 5495 '°P_rov._x{x:.22.
707 5422 764 5495 3'
791 5422 851 5476 Ill
883 5422 1016 5495 Res-
1055 5439 1132 5487 ιίν
1165 5425 1200 5480 5
1225 5441 1344 5495 ⁸⁸η·

67 5501 132 5549 ut,
171 5490 254 5546 l9.
330 5492 379 5523 ⁹¹
415 5493 568 5546 Psal.
601 5508 652 5553 ι..
696 5491 752 5548 6.
827 5495 872 5525 ’⁸
904 5494 918 5544 I
951 5490 1075 5548 Cor.
1113 5511 1174 5559 ιι,
1219 5490 1318 5559 14ξ
1352 5496 1436 5551 15.

63 5570 124 5619 ιιι,
155 5560 265 5617 5-8.
345 5565 395 5596 "
438 5563 604 5617 Rom.
639 5578 723 5625 ιιι.
755 5563 810 5618 4.
885 5563 932 5596 ⁸⁸
971 5562 1016 5617 ll
1047 5565 1172 5620 Cor.
1202 5580 1290 5632 ιιι,
1323 5566 1378 5623 6.

122 5655 221 5728 (84)
257 5659 434 5726 Alias,
473 5677 494 5710 ε
537 5659 780 5728 quando.
811 5677 833 5712 ι

121 5727 224 5793 (85)
251 5729 428 5795 Editi,
459 5747 479 5781 ι
511 5727 678 5796 ηιιοά.
720 5747 739 5782 ι

121 5796 221 5864 (86)
252 5800 436 5863 Alias,
466 5817 488 5851 ι
525 5799 616 5853 his
637 5800 934 5864 contraria,
960 5817 982 5853 ι
1017 5800 1179 5858 male.

121 5863 224 5934 (87)
251 5870 365 5934 AL,
398 5889 418 5919 ε
459 5869 837 5924 introducere.
871 5890 892 5922 ι

122 5936 224 6008 (88)
270 5938 368 5996 γει
391 5939 726 6010 prophetam.
762 5940 926 5998 Deest
955 5943 1010 5998 in
1043 5952 1204 5999 antea
1227 5943 1409 6001 editis.

1748 4231 1908 4286 laude
1936 4230 2067 4285 dicit
2097 4229 2291 4296 dignos
2317 4268 2334 4294 ,
2397 4227 2534 4283 alios
2595 4229 2887 4297 vituperat.
2921 4227 3056 4296 Quae
3113 4245 3333 4284 rursum

1746 4337 2003 4379 sensuum
2031 4321 2268 4375 varietas
2298 4327 2456 4374 extra
2489 4319 2660 4374 lineas
2690 4335 2816 4375 eum
2843 4319 3136 4390 proposita:
3162 4318 3334 4374 actio-

1747 4417 1833 4470 nis
1866 4414 1982 4486 (89)
2012 4414 2296 4486 potabitur
2322 4412 2619 4468 abduxisse
2643 4453 2658 4478 ,
2691 4413 2863 4468 veluti
2893 4428 3015 4468 cum
3051 4413 3333 4467 exclama-

1747 4507 1898 4562 tione
1935 4507 2108 4560 utitur
2140 4504 2232 4560 illa
2263 4518 2370 4575 qua
2417 4504 2541 4558 ait:
2579 4522 2598 4556 α
2632 4503 2755 4559 Fiat
2807 4515 2992 4559 autem
3042 4502 3160 4577 (90)
3191 4503 3334 4559 Deus

1749 4615 1940 4664 verax,
1969 4598 2150 4654 omnis
2172 4607 2356 4653 autem
2384 4597 2546 4650 homo
2571 4599 2805 4654 mendax
2819 4599 2921 4664 ⁹⁷;ι
2967 4595 3050 4650 vel
3082 4597 3249 4650 etiam
3268 4610 3335 4650 ea

1749 4705 1912 4759 quam
1938 4696 2341 4758 consequenter
2367 4686 2607 4757 adjungit
2636 4699 2761 4740 cum
2801 4686 2968 4759 dicit:
3001 4702 3020 4736 ι
3053 4683 3108 4739 Si
3148 4695 3333 4738 autem

1751 4781 2009 4850 iniquitas
2041 4789 2226 4835 nostra
2261 4779 2358 4833 Dei
2387 4777 2656 4849 justitiam
2687 4777 3057 4840 commendat,
3099 4793 3119 4828 ι
3160 4783 3216 4827 et
3243 4788 3332 4828 re-

1751 4870 1923 4939 liqua,
1960 4879 2017 4923 ut
2047 4885 2142 4939 per
2173 4871 2276 4923 hoc
2309 4869 2376 4925 de
2403 4883 2632 4923 excessu
2669 4867 2724 4921 in
2759 4880 3044 4920 excessum
3086 4863 3336 4916 videatur

1745 4961 1986 5032 elapsus.
2021 4960 2126 5015 Sed
2162 4961 2256 5031 qui
2295 4960 2576 5015 credimus
2626 4959 2677 5012 ei
2727 4955 2969 5020 dicenti,
3001 4957 3124 5025 quia
3161 4971 3179 5005 ι
3216 4953 3333 5008 ido-

1747 5069 1877 5108 neos
1905 5068 2002 5108 nos
2037 5051 2167 5107 fecit
2200 5051 2482 5107 ministros
2518 5049 2654 5105 Novi
2686 5049 3043 5113 Testamenti,
3099 5061 3204 5101 non
3240 5046 3334 5100 lit-

1750 5154 1889 5210 tera,
1922 5147 2020 5199 sed
2050 5145 2247 5216 Spiritu
2283 5145 2352 5206 ’⁸,
2385 5162 2406 5196 ι
2439 5157 2656 5198 sensum
2688 5143 2807 5212 ejus
2841 5140 3010 5194 multo
3041 5139 3330 5194 celsiorem

1743 5254 1908 5310 quam
1953 5239 2202 5292 humana:
2227 5237 2361 5291 artis
2396 5237 2539 5290 ratio
2576 5235 2781 5290 habere
2805 5233 3084 5300 creditur,
3119 5232 3333 5288 inveni-

1745 5347 1885 5386 mus.
1920 5330 2023 5386 Per
2045 5345 2265 5386 omnem
2293 5345 2526 5399 namque
2545 5329 2706 5398 hujus
2729 5329 2980 5399 Epistula:
2999 5338 3205 5382 textum
3234 5327 3333 5381 do-

1446 5425 1495 5458 stt
1523 5425 1579 5498 up

1800 5443 1876 5490 ιι,
1898 5425 1990 5481 21.
2065 5425 2110 5459 ⁸⁸
2137 5427 2175 5480 ll
2196 5428 2328 5498 Reg.
2351 5441 2447 5493 xtt,
2464 5425 2565 5498 7l9,
2585 5425 2674 5498 24.
2695 5495 2715 5498 _
2752 5427 2798 5458 ⁹⁰
2825 5425 2924 5480 Joh
2951 5441 3006 5498 v,
3039 5426 3134 5498 l5:
3155 5423 3328 5498 thor.

1539 5496 1584 5528 ⁸³
1622 5495 1797 5552 lCor.
1825 5513 1898 5564 tv,
1933 5499 1989 5552 4.

2088 5498 2136 5529 ⁸⁸
2158 5500 2178 5552 l
2203 5495 2330 5553 Cor.
2357 5513 2436 5564 tv,
2461 5497 2516 5552 5.
2619 5497 2666 5529 ⁸⁸
2695 5495 2841 5552 Psal.
2880 5513 2935 5562 1.,
2961 5496 3016 5551 6.
3091 5496 3138 5530 "
3164 5496 3326 5552 Rom.

1813 5660 1927 5735 (89)
1952 5660 2045 5716 Sic
2079 5669 2231 5735 recte
2258 5676 2394 5735 mss.
2425 5661 2620 5735 nostri.
2652 5661 2798 5716 Editi
2821 5675 2951 5715 vero
2974 5669 3030 5714 et
3055 5675 3186 5715 mss.
3213 5657 3330 5728 qui-

1666 5704 1712 5762 Β
1746 5704 3197 5803 (iamper-peramhabent.:v:Qtti‘r-ttrsuinvsensttuin
3215 5704 3327 5786 “'va-

1749 5805 1974 5873 rietates
2009 5811 2178 5873 extra
2214 5803 2387 5857 lineas
2419 5804 2711 5873 proposita:
2738 5803 2988 5872 actionis,
3020 5819 3039 5854 ι
3075 5808 3186 5858 etc.

1819 5872 1933 5945 (90)
1960 5872 2042 5927 Al.
2066 5911 2084 5940 ,
2128 5889 2149 5925 ί
2187 5887 2310 5928 cum
2350 5872 2472 5929 ait:
2503 5873 2589 5929 Sit
2616 5883 2822 5930 autem.
2859 5891 2880 5926 ι
