3784 6536
435 460 540 518 923

1876 456 2036 513 ORlG
2045 455 2130 511 EN
2137 454 2198 510 IS

3593 448 3688 500 92b

437 595 566 635 cere
594 577 708 633 vult
732 592 854 648 quas
886 577 1052 631 fuerit
1075 576 1156 631 vel
1193 586 1318 630 ante
1354 581 1646 632 adventmn
1695 577 1896 631 Christi
1920 593 2010 630 sa-
2045 580 2084 634 Α
2117 588 2234 642 qum
2267 571 2503 625 diximus
2534 567 2845 624 convenire.
2877 565 3190 621 Secundum
3231 565 3337 619 hoc
3391 579 3519 616 vero
3555 571 3687 631 quod

436 671 521 724 lns
575 671 873 724 secundum
906 670 1078 736 legem
1114 669 1424 722 viventibus
1458 709 1473 731 ,
1504 668 1583 722 vel
1617 670 1889 737 quomodo
1921 684 2016 736 per

444 760 747 816 Salvatoris
773 761 1086 825 adventum,
1109 775 1167 813 ru
1179 776 1324 814 rsum
1352 774 1417 813 ex
1449 759 1830 812 incredulitate
1855 755 2016 810 Israel

443 853 594 907 salus
628 855 878 923 gentibus
908 852 1266 915 conferatur;
1305 862 1360 905 et
1407 867 1620 905 rursum
1663 852 1804 919 quod
1845 866 2018 918 neque

358 995 367 1004 _
439 958 509 997 ex
549 943 762 1013 integro
793 953 1005 1012 gentes,
1038 943 1140 997 nisi
1175 958 1298 1011 qua:
1315 943 1667 1006 crediderint,
1695 942 1918 995 veniant
1951 942 2017 993 ad

439 1035 709 1101 salutem;
742 1051 917 1104 neque
938 1051 1006 1090 ex
1036 1036 1250 1106 integro
1303 1036 1598 1106 abjiciatur
1657 1033 1820 1088 Israel
1855 1075 1870 1098 ,
1923 1035 2017 1087 sed

446 1145 464 1177 ‹
499 1126 741 1195 reliquia:
772 1145 790 1178 ι
822 1128 1160 1182 credentium
1225 1146 1242 1178 ι
1284 1127 1446 1182 salva:
1482 1146 1501 1178 ι
1536 1126 1760 1180 fiant".
1795 1124 1860 1178 Ει
1896 1126 2019 1179 ideo

441 1219 723 1281 confusus,
759 1231 818 1273 ut
849 1220 985 1284 dixi,
1016 1220 1231 1274 videtur
1254 1221 1388 1274 ordo
1419 1219 1655 1283 dicendi,
1693 1219 1817 1272 dum
1842 1218 2042 1272 diver--

440 1308 636 1362 sitates
667 1310 1001 1363 credentium
1026 1321 1082 1366 et
1110 1325 1218 1365 non
1247 1309 1590 1364 credentium
1625 1309 1798 1378 partis
1819 1310 2021 1364 utrius-

441 1417 548 1470 que
571 1405 943 1472 prosequitur.
993 1403 1051 1460 In
1099 1404 1300 1469 quibus
1340 1407 1654 1459 necessario
1706 1396 2018 1458 sermonem

441 1493 716 1548 convertit
737 1504 793 1550 et
815 1498 881 1552 ad
902 1495 1067 1550 Deum
1091 1496 1226 1550 utin
1253 1496 1338 1549 his
1388 1495 1644 1551 omnibus
1688 1495 2022 1562 assumptio-

442 1600 569 1637 num
616 1586 1096 1654 repulsionumque
1141 1586 1486 1651 differentiis.
1543 1603 1673 1642 vera
1705 1589 1928 1656 quidem
1965 1598 2020 1642 et

435 1671 583 1738 justa
613 1675 703 1728 Dei
739 1675 933 1729 doceat
957 1675 1325 1744 essejndicia,
1361 1678 1591 1732 multum
1621 1687 1802 1732 autem
1838 1678 1891 1731 in
1922 1678 2022 1732 ho-

441 1757 685 1814 minibus
707 1761 987 1816 abundare
1017 1765 1278 1816 mendacii
1314 1751 1422 1830 ἴθι
1463 1768 1586 1820 ideo
1625 1767 1798 1821 dicit:
1851 1786 1867 1817 ι
1902 1767 2022 1821 Fiat

442 1859 622 1904 autem
651 1853 789 1906 Deus
823 1867 990 1908 verax
1018 1893 1036 1920 ,
1096 1855 1276 1909 omnis
1311 1867 1491 1911 autem
1537 1858 1696 1911 homo
1728 1859 1954 1912 mendax
1998 1876 2012 1923 ;

441 1945 584 1996 sicut
639 1944 903 2012 scriptum
940 1955 1067 2002 est:
1102 1945 1173 2002 Ut
1215 1945 1538 2014 justificeris
1573 1951 1623 2002 in
1673 1951 2018 2005 sermonibus

443 2035 570 2097 tuis,
599 2044 655 2088 et
689 2037 874 2091 vincas
909 2053 1030 2092 cum
1073 2038 1338 2107 judicaris
1364 2041 1403 2107 ',
1441 2059 1460 2092 ο
1512 2040 1579 2095 de
1610 2043 1810 2110 quibus
1856 2053 2019 2112 prout

439 2125 714 2192 potuimus
749 2127 802 2181 in
845 2131 1219 2199 superioribus
1273 2132 1532 2188 diximus.
1581 2135 1664 2188 Ad
1720 2135 1837 2188 ha:c
1885 2151 2018 2205 ergo

441 2230 584 2270 nunc
617 2217 804 2272 videns
835 2235 994 2289 posse
1022 2223 1125 2276 sibi
1157 2238 1188 2278 e
1233 2227 1512 2279 contrario
1534 2227 1829 2280 verisimile
1853 2228 2016 2296 objici

440 2308 566 2372 quia
596 2309 639 2360 si
667 2320 724 2362 ut
760 2310 900 2367 Deus
952 2329 1118 2368 verax
1144 2315 1237 2377 sit,
1273 2317 1588 2373 mendacem
1633 2333 1757 2374 esse
1797 2333 2018 2374 omnem

382 2415 389 2425 '
441 2397 713 2454 hominem
743 2417 966 2457 necesse
991 2414 1100 2470 est,
1152 2415 1206 2460 et
1239 2406 1285 2460 si
1333 2408 1546 2477 justitia
1576 2409 1674 2464 Dei
1711 2426 1808 2480 per
1839 2411 2018 2467 homi-

443 2501 572 2540 num
609 2489 927 2557 injustitiam
953 2498 1404 2566 commendatur,
1464 2499 1698 2569 injustus
1750 2502 2020 2558 videbitur

442 2577 606 2644 Deus,
643 2582 733 2649 qui
759 2581 896 2636 iram
927 2585 1244 2641 hominibus
1272 2587 1492 2654 inferat,
1524 2604 1646 2644 cum
1701 2607 1798 2661 per
1849 2592 2021 2648 homi-

440 2684 571 2722 num
608 2671 923 2741 injustitiam
959 2691 1111 2732 suam
1135 2678 1408 2747 justitiam
1459 2682 1640 2736 videat
1675 2686 2015 2754 approbari:

440 2759 487 2810 si
531 2761 675 2814 enim
705 2775 910 2830 nostra,
944 2769 1046 2822 hoc
1074 2779 1180 2833 est,
1214 2770 1490 2826 hominum
1520 2773 1782 2844 injustitia
1815 2777 1908 2832 Dei
1930 2776 2019 2845 ju-

438 2853 642 2906 stitiam
677 2860 1042 2924 commendat,
1079 2877 1183 2915 non
1215 2865 1404 2930 utique
1435 2879 1593 2933 paena
1644 2867 1790 2936 digni
1841 2869 2020 2924 homi-

440 2961 536 3000 ncs
565 2947 891 3006 videbuntur
920 2969 1016 3022 per
1044 2971 1180 3024 quos
1200 2955 1415 3024 justitia
1448 2958 1538 3013 Dei
1560 2959 1896 3028 probabilior
1917 2963 2018 3018 ha-

438 3035 596 3088 betur
622 3047 676 3090 et
707 3039 907 3094 clarior
937 3059 950 3093 :
984 3045 1089 3097 Sed
1121 3045 1286 3110 absit,
1326 3047 1523 3115 inquit,
1554 3059 1613 3103 ut
1639 3050 1738 3105 hoc
1771 3051 1845 3106 ita
1877 3054 2018 3109 reci-

438 3130 670 3196 piamus,
702 3131 945 3203 iniquum
977 3134 1148 3190 videri
1183 3138 1351 3193 Deum
1377 3141 1469 3208 qui
1503 3140 1725 3195 inducat
1756 3142 1893 3196 iram
1923 3145 2020 3198 ad-

441 3230 654 3270 versum
691 3220 960 3278 homines.
983 3223 1266 3290 Quomodo
1292 3229 1438 3283 enim
1468 3229 1709 3299 injustus
1739 3232 2019 3302 putabitur

436 3307 530 3376 qui
558 3308 766 3376 judicat
798 3315 1078 3385 mundum,
1113 3333 1237 3372 cum
1278 3319 1395 3387 ipso
1427 3321 1649 3376 nomine
1671 3322 1872 3392 judicis
1905 3326 2018 3395 (91)

437 3400 761 3453 ostendatur
789 3401 920 3456 nihil
954 3405 1073 3460 sine
1097 3407 1302 3474 judicio
1326 3410 1547 3464 facere?
1602 3411 1703 3468 Ubi
1728 3426 1907 3470 autem
1939 3416 2021 3486 ju-

437 3488 639 3543 dicium
672 3502 777 3555 est,
804 3505 1020 3551 constat
1050 3513 1172 3553 esse
1204 3499 1500 3569 justitiam.
1540 3502 1582 3556 A
1613 3503 1824 3573 justitia
1854 3522 2016 3562 nam-

439 3594 548 3647 que
572 3588 626 3632 et
651 3581 816 3648 judex
853 3586 1184 3655 etjudicium
1221 3591 1558 3648 nominatur.
1586 3592 1644 3649 Si
1673 3607 1824 3664 ergo,
1855 3606 1912 3650 ut
1937 3597 2023 3651 in—

433 3669 566 3739 justi
594 3673 726 3742 (92),
767 3676 964 3744 inquit,
1001 3677 1160 3748 502
1201 3696 1302 3736 nos
1329 3681 1609 3740 aflirmare
1659 3687 1974 3759 confingunt
2001 3729 2017 3755 ,

443 3778 463 3810 ε
497 3763 699 3818 veritas
733 3765 828 3822 Dei
863 3769 914 3821 in
943 3785 1062 3824 meo
1102 3771 1386 3828 mendacio
1415 3775 1734 3845 abundavit,
1772 3797 1793 3832 ›
1823 3795 2017 3850 super-

436 3851 547 3906 fluo
592 3873 612 3906 r
653 3870 753 3926 ego
803 3870 1061 3930 tauquam
1121 3876 1383 3933 peccator
1407 3867 1652 3939 judicor.
1681 3889 1700 3923 ι
1745 3871 1850 3928 Sed
1887 3873 2019 3929 illud

435 3946 612 4014 magis
641 3948 913 4006 videbitur
941 3953 993 4007 in
1024 3970 1132 4024 quo
1165 3955 1543 4028 blasphemant
1595 3976 1694 4016 nos
1721 4003 1738 4029 ,
1797 3963 2016 4034 inquit,

435 4036 594 4103 quasi
623 4037 726 4093 hoc
758 4041 1041 4098 videamur
1071 4045 1254 4101 dicere
1281 4088 1296 4114 ,
1329 4056 1386 4102 ut
1408 4063 1452 4103 SI
1483 4050 1684 4106 veritas
1719 4052 1810 4106 Dei
1842 4054 1894 4109 in
1929 4055 2022 4110 lto-

439 4128 652 4182 minum
685 4135 974 4187 mendacio
1001 4139 1173 4205 magis
1223 4140 1558 4206 ostenditur,
1586 4152 1637 4197 et
1663 4143 1876 4212 justitia
1903 4147 2020 4213 ejus

436 4233 533 4285 per
556 4221 835 4276 hominum
886 4225 1203 4295 injustitiam
1221 4234 1631 4300 comprobatur,
1654 4253 1671 4286 ι
1699 4234 2014 4293 Faciamus;

439 4324 572 4379 ergo
599 4327 696 4367 nos
732 4333 751 4365 ι
783 4316 944 4380 mala,
975 4327 1034 4371 ut
1071 4337 1091 4371 ι
1124 4336 1188 4375 ex
1236 4322 1395 4378 malis
1433 4343 1452 4377 ‹
1495 4325 1753 4379 eveniant
1782 4327 1962 4396 bona;
1996 4349 2014 4381 ι

439 4413 496 4456 et
518 4405 849 4459 mentiamur
870 4423 990 4472 nos,
1025 4418 1084 4463 ut
1106 4424 1172 4464 ex
1202 4421 1392 4466 nostro
1420 4415 1706 4471 mendacio
1740 4416 1833 4471 Dei
1879 4420 2020 4474 veri—

440 4510 523 4548 cas
556 4496 839 4552 clarescat.
870 4498 974 4554 Sed
1016 4501 1130 4557 haec
1161 4503 1378 4574 quidem
1413 4506 1480 4560 de
1513 4506 1672 4562 nobis
1706 4507 2022 4580 confingunt

2121 665 2174 715 in
2212 662 2424 716 Latinis
2476 659 2903 725 exemplaribus,
2945 667 3002 711 et
3057 655 3341 711 nonnullis
3389 654 3689 710 Cnet-orum

2120 754 2466 807 invenimus:
2509 769 2528 802 ι
2563 749 2816 820 Nunquid
2875 749 3094 816 iniquus
3153 748 3297 802 Deus
3325 787 3340 813 ,
3387 747 3484 815 qui
3540 745 3692 799 infert

2119 847 2290 899 iram?
2327 843 2640 899 Secundum
2672 841 2949 896 hominem
2973 840 3081 894 dic.
3145 839 3338 902 Absit;
3386 856 3406 889 ι
3441 839 3514 892 ita
3545 836 3692 890 intel-

2120 935 2395 1006 ligendqu
2438 935 2673 988 videtur.
2701 931 2816 985 Hoc
2850 931 2993 1000 quod
3027 931 3227 984 dicitur
3261 946 3280 980 ‹
3319 928 3537 996 iniquus
3562 925 3696 978 Deus

2118 1030 2209 1098 qui
2241 1028 2410 1082 infert
2462 1029 2620 1092 iram,
2675 1046 2692 1078 ο
2745 1040 2844 1095 pro
2874 1039 2942 1080 eo
2971 1025 3115 1094 quod
3145 1041 3164 1074 ι
3205 1022 3479 1092 injustitia
3519 1031 3694 1076 nostra

2111 1118 2380 1187 justitiam
2409 1119 2504 1174 Dei
2544 1118 2918 1179 commendat,
2959 1135 2978 1168 ι
3015 1131 3119 1170 non
3158 1115 3464 1169 secundum
3494 1111 3653 1166 Deum
3676 1151 3692 1174 ,

2119 1223 2294 1278 neque
2327 1209 2629 1262 secundum
2673 1206 3004 1276 sapientiam
3039 1205 3130 1260 Dei
3166 1205 3400 1269 dicitur,
3434 1203 3528 1256 sed
3565 1221 3581 1253 ι
3614 1219 3694 1256 se-

2119 1301 2352 1354 cundum
2384 1300 2683 1366 hominem,
2705 1317 2724 1352 ι
2756 1306 2812 1352 et.
2836 1297 3138 1352 secundum
3178 1295 3282 1350 hoc
3331 1294 3478 1363 quod
3511 1294 3696 1346 dicitur

2125 1393 2350 1447 (omnis
2397 1391 2562 1445 homo
2614 1391 2850 1445 mendax
2895 1391 2937 1441 ².
2971 1407 2990 1440 ι
3051 1386 3177 1442 Haec
3229 1395 3416 1440 autem
3476 1385 3693 1440 diximus

2119 1482 2295 1551 ipsum
2337 1483 2516 1536 adhuc
2540 1481 2791 1536 ordinem
2827 1487 3140 1534 sermonum
3176 1487 3232 1533 et
3261 1478 3544 1532 dictorum
3576 1493 3694 1530 con-

2119 1575 2463 1644 sequentiam
2495 1582 2929 1644 pertractantes,
2955 1582 3015 1624 ut
3047 1571 3244 1625 divisio
3271 1570 3387 1638 ipsa
3418 1569 3693 1622 verborum

2119 1665 2445 1733 apertiorem
2481 1666 2640 1720 nobis
2693 1664 2898 1717 faceret
2965 1661 3306 1731 intelligendi
3353 1660 3521 1713 viam.
3554 1660 3694 1714 Nunc

2119 1770 2252 1810 vero
2286 1755 2397 1825 jam
2423 1756 2604 1826 qualis
2647 1756 2700 1809 in
2725 1755 2814 1810 bis
2852 1753 3198 1810 sermonibus
3223 1753 3497 1806 habeatur
3516 1767 3695 1806 sensus

2121 1848 2422 1902 Secundum
2483 1848 2859 1918 dignationem
2921 1845 3280 1916 apostolicam
3340 1847 3693 1913 requiramus.

2052 1935 2093 1989 Β
2125 1937 2317 1992 Omnis
2345 1937 2633 2008 disciplina
2679 1953 2746 1992 ex
2797 1937 3099 2007 prosperis,
3127 1945 3182 1990 et
3225 1952 3295 1990 ex
3327 1937 3593 1999 adversis,
3623 1938 3694 1990 vel

2121 2029 2413 2086 contrariis
2431 2038 2669 2084 constat.
2689 2025 2853 2083 Verbi
2882 2027 3089 2097 gratia:
3128 2026 3404 2080 medicina
3425 2027 3695 2081 scientiam

2123 2135 2230 2174 non
2261 2119 2436 2174 solum
2495 2121 2774 2185 sanitatis,
2822 2120 2918 2174 sed
2944 2128 3000 2174 et
3055 2119 3339 2187 languoris
3380 2119 3695 2187 profitetur:

2120 2221 2172 2266 et
2201 2211 2448 2278 quamvis
2483 2211 2738 2266 sanitatis
2777 2211 3017 2266 studium
3047 2219 3244 2281 gerat,
3288 2225 3398 2264 non
3441 2221 3613 2280 potest
3631 2223 3701 2265 ta-

2124 2320 2245 2357 men
2283 2307 2494 2358 nescire
2527 2320 2645 2373 quae
2686 2303 2964 2372 languoris
2990 2313 3139 2360 sunt.
3193 2302 3471 2358 Similiter
3499 2315 3552 2358 et
3580 2320 3698 2372 pru-

2121 2396 2302 2450 dcntia
2336 2411 2430 2465 per
2457 2395 2583 2449 boni
2622 2405 2676 2450 et
2701 2395 2830 2448 mali
2855 2395 3142 2448 scientiam
3177 2407 3402 2450 constat
3437 2415 3451 2451 :
3485 2408 3540 2451 et
3567 2406 3698 2451 tem-

2121 2487 2370 2555 perantia
2398 2502 2520 2558 qua‘.
2553 2486 2802 2558 eligenda
2835 2493 2891 2540 et
2916 2500 3037 2554 qua:
3065 2487 3307 2540 cavenda
3347 2491 3482 2552 sint,
3517 2489 3698 2543 novit:

2121 2589 2178 2633 et
2213 2578 2478 2634 fortitudo
2507 2594 2614 2632 non
2647 2580 2864 2648 ignorat
2907 2592 3028 2646 qua:
3085 2577 3152 2633 ad
3186 2577 3537 2634 formidinem
3587 2595 3702 2646 spe-

2121 2673 2294 2720 ctant.
2317 2663 2394 2720 lta
2413 2668 2707 2737 etjustitia.
2732 2667 2790 2722 Si
2815 2666 2959 2722 scire
2991 2667 3246 2722 volumus
3276 2669 3408 2737 quid
3443 2679 3526 2723 est
3553 2667 3700 2735 justi-

2123 2757 2216 2824 tia,
2243 2773 2462 2813 necesse
2488 2768 2570 2813 est
2594 2755 2704 2829 (94)
2725 2772 2825 2812 nos
2847 2758 2986 2812 scire
2999 2758 3129 2828 quid
3152 2769 3236 2814 est
3256 2760 3559 2827 injustitia:
3586 2776 3698 2814 cum

2121 2857 2298 2904 autem
2335 2850 2548 2916 plenam
2578 2849 2862 2903 scientiam
2913 2849 3194 2918 injustitia!
3234 2853 3573 2922 ceperimus,
3634 2869 3697 2906 ex

2123 2939 2236 3008 ipsa
2271 2953 2391 3009 qua:
2414 2941 2488 2996 sit
2513 2942 2678 2995 etiam
2705 2938 2918 3009 justitia
2947 2955 3383 3011 cognoscemus:
3413 2959 3536 2998 cum
3561 2943 3698 2998 enim

2121 3032 2378 3088 claruerit
2441 3033 2570 3104 quid
2631 3034 2704 3089 sit
2749 3036 3057 3105 injustam,
3116 3049 3528 3103 consequenter
3579 3035 3699 3102 quid

2120 3126 2287 3178 etiam
2314 3123 2523 3192 justum
2555 3125 2626 3180 sit
2662 3128 2966 3197 apparebit.
2999 3127 3064 3182 Et
3107 3127 3370 3195 quoniam
3401 3125 3612 3194 justitia
3648 3128 3697 3180 in

2123 3217 2233 3272 Deo
2265 3228 2368 3284 est,
2403 3217 2560 3287 cujus
2584 3228 2776 3272 natura
2811 3219 3052 3274 humano
3071 3219 3257 3274 sensui
3285 3218 3566 3274 inaccessa
3590 3229 3696 3272 est:

2123 3309 2391 3378 injustitia
2423 3325 2554 3365 vero
2602 3311 2655 3365 in
2709 3311 2870 3366 nobis
2901 3310 3216 3366 hominibus
3244 3348 3262 3375 ,
3308 3308 3398 3364 vel
3429 3311 3592 3364 etiam
3646 3311 3697 3363 in

2121 3413 2446 3468 unaquaque
2475 3399 2785 3454 rationabili
2809 3409 3061 3455 creatura
3087 3398 3354 3464 habetur;
3386 3413 3456 3454 ex
3488 3399 3587 3454 hac
3608 3415 3699 3453 no-

2122 3501 2239 3546 stra
2283 3489 2548 3560 injustitia
2574 3505 2696 3560 qua:
2731 3491 2895 3546 nobis
2942 3499 3072 3546 nota
3122 3499 3229 3556 est,
3265 3489 3360 3544 illa
3398 3504 3522 3560 quae
3554 3490 3697 3544 nobis

2123 3581 2270 3637 velut
2299 3582 2578 3637 inaccessa
2613 3591 2719 3646 est,
2751 3591 2808 3637 et
2836 3581 3410 3651 incomprehensibilis
3435 3621 3452 3647 ,
3499 3580 3591 3635 Dei
3615 3582 3697 3650 ju-

2121 3674 2270 3729 stitia
2298 3673 2411 3744 (95)
2439 3673 2810 3745 cognoscitur,
2844 3685 2899 3729 et
2921 3673 3361 3738 commendatur,
3388 3683 3445 3728 et
3476 3674 3698 3728 velutex

2121 3766 2402 3821 contrario
2428 3765 2768 3820 contrarium
2815 3765 3085 3835 proditur.
3141 3763 3310 3820 Notat
3343 3766 3514 3837 igitur
3570 3780 3693 3836 apo-

2123 3856 2297 3913 stolus
2330 3855 2532 3912 Paulus
2555 3856 2883 3927 imperitiam
2915 3856 3028 3924 (96)
3062 3871 3286 3923 eorum,
3321 3859 3417 3927 qui
3454 3859 3696 3911 inconse-

2122 3957 2380 4020 quentem
2407 3947 2673 4016 objiciunt
2719 3947 3079 4018 qumstionem
3109 3986 3126 4012 ,
3168 3957 3428 4018 putantes
3460 3949 3694 4018 iniquum

2120 4055 2241 4096 esse
2275 4041 2442 4095 Deum
2477 4039 2569 4108 qui
2598 4039 2734 4094 iram
2762 4041 2818 4094 in
2858 4039 3170 4094 hominibus
3195 4039 3422 4094 inducat
3449 4079 3466 4105 ,
3496 4054 3592 4109 pro
3633 4053 3696 4092 eo

2121 4132 2264 4204 quod
2291 4131 2503 4202 justitia
2536 4130 2654 4201 ejus
2677 4145 2746 4186 ex
2788 4140 2976 4186 nostra
3003 4131 3215 4202 justitia
3247 4133 3692 4186 commendetur:

2122 4227 2436 4294 ignorantes
2465 4233 2648 4278 autem
2680 4238 2784 4278 non
2808 4233 3155 4293 peccatorum
3193 4231 3507 4278 nostrorum
3541 4223 3697 4277 bene-

2123 4317 2269 4382 ficio,
2298 4317 2392 4371 sed
2425 4315 2592 4385 ipsius
2624 4315 2854 4368 rationis
2891 4314 3007 4368 ﬁeri
3037 4314 3465 4383 consequentia,
3488 4323 3544 4367 ut
3567 4328 3693 4368 con—

2121 4407 2293 4464 traria
2329 4423 2394 4462 ex
2431 4406 2724 4462 contrariis
2763 4405 3159 4476 approbentur.
3194 4403 3322 4459 Ideo
3357 4420 3488 4474 ergo
3517 4404 3591 4458 sic
3615 4405 3696 4454 di-

2123 4501 2196 4555 cit
2222 4497 2511 4569 Apostolus
2544 4516 2556 4552 :
2587 4515 2607 4549 α
2644 4496 2700 4552 Si
2729 4507 2914 4551 autem
2959 4495 3221 4564 injustitia
3251 4507 3438 4550 nostra
3490 4496 3576 4550 Dei
3603 4496 3693 4565 ju-

435 4587 880 4656 blasphemantes
910 4607 1028 4658 nos,
1056 4597 1198 4664 quod
1221 4598 1376 4666 quasi
1401 4613 1470 4653 ex
1501 4599 1670 4668 ipsius
1693 4601 2016 4671 assertioni;
2047 4623 2092 4679 ι)
2127 4590 2336 4645 stitiam
2373 4590 2762 4651 commendat,
2806 4589 2938 4658 quid
2984 4589 3270 4643 dicemus?
3308 4587 3562 4658 Nunquid
3598 4587 3696 4640 iui-

437 4689 640 4735 nostrar
676 4683 796 4754 (95)
831 4688 1221 4756 consequentia
1249 4694 1362 4744 tunc
1399 4690 1504 4745 dici
1539 4691 1624 4744 vel
1654 4694 1910 4762 consequi
1940 4694 2014 4748 vi-

435 4769 686 4830 deantur.
733 4775 885 4844 Quod
929 4779 1068 4835 ratio
1117 4780 1394 4850 dogmatis
1443 4782 1614 4836 nostri
1645 4784 1870 4838 omnino
1904 4801 2010 4840 non

434 4863 648 4933 recipit,
677 4866 768 4934 qui
806 4867 1015 4935 justum
1042 4878 1094 4923 et
1143 4884 1332 4923 verum
1371 4868 1726 4938 intelligimus
1769 4870 2011 4938 judicent

435 4953 624 5008 Deum.
668 4956 965 5012 Sciendum
1015 4974 1149 5015 sane
1188 4970 1272 5014 est
1307 4998 1322 5021 ,
1382 4961 1527 5029 quod
1579 4961 1631 5014 in
1682 4961 2009 5029 quibusdam

429 5046 593 5100 etiam
623 5045 830 5103 Grzecis
863 5050 1268 5119 exemplaribus
1291 5050 1371 5105 sic
1399 5051 1677 5104 invenitur
1708 5068 1721 5104 :
1781 5069 1800 5102 ι
1863 5049 2014 5106 Νυιι-

426 5139 554 5206 quid
590 5139 808 5208 iniquus
840 5141 1002 5206 Deus,
1030 5142 1119 5209 qui
1156 5141 1321 5194 infert
1351 5142 1486 5195 iram
1533 5141 1817 5195 adversum
1845 5142 2018 5196 homi-

429 5245 525 5282 nes
547 5230 601 5284 Ἰ»
638 5231 704 5285 Et
736 5234 910 5304 magis
931 5235 1230 5290 secundum
1250 5235 1413 5304 ,hunc
1442 5249 1662 5290 sensum
1696 5231 2019 5289 videbuntur

501 5391 548 5426 ”
575 5391 740 5447 Rom.
776 5407 856 5460 ιι,
883 5393 980 5447 27.

503 5533 617 5606 (9i)
646 5533 732 5606 _A_l.
757 5573 772 5594 .
805 5550 825 5585 ι
861 5549 983 5590 cum
1019 5536 1072 5590 in
1106 5536 1223 5605 ipso
1256 5537 1476 5591 nomine
1499 5536 1707 5606 judicii.
1751 5557 1770 5590 ι

505 5602 620 5674 (92)
641 5603 774 5676 Mss.
803 5606 1023 5672 quidam
1046 5618 1102 5660 et
1126 5602 1255 5662 editi
1288 5602 1570 5676 perperam
1603 5608 2009 5675 habent,¢isti.i

504 5676 618 5742 (95)
654 5675 887 5729 Nostrae.
917 5677 1078 5732 Deest
1111 5677 1165 5731 in
1189 5675 1354 5730 antea
1387 5679 1568 5731 editis.

507 5744 618 5813 (94)
646 5744 733 5796 Al.
755 5786 772 5812 ,
810 5763 829 5796 ι
864 5745 938 5800 Ita
970 5756 1026 5801 et
1050 5747 1096 5804 si
1139 5743 1410 5818 justitiam
1443 5750 1584 5803 scire
1612 5747 1882 5813 volumus,
1918 5763 2014 5804 ne-

437 5828 588 5866 Cosse
621 5823 723 5877 est,
761 5834 778 5866 ι
824 5828 931 5870 etc.

509 5884 622 5955 (95)
652 5883 826 5940 Editi:
869 5905 885 5937 ι
927 5887 1083 5942 nobis
1115 5887 1200 5942 vcl
1248 5888 1529 5944 inaccessa
1553 5896 1661 5956 est,
1687 5889 1772 5945 vel
1805 5887 2012 5947 incom-

1059 5396 1078 5426 ⁸
1103 5395 1261 5451 Rom.
1283 5409 1367 5460 ut,
1402 5395 1470 5455 ιε
1498 5393 1644 5450 Psal.
1677 5409 1730 5462 ι,
1768 5393 1822 5449 6.
1899 5396 1920 5426 ²
1947 5393 2091 5451 Psal.
2118 5409 2245 5460 cxv,
2279 5393 2365 5448 ll.

2123 4697 2261 4753 quus
2301 4681 2463 4746 Deus,
2497 4681 2590 4750 qui
2641 4680 2809 4736 infert
2858 4679 3034 4736 iram?
3078 4679 3391 4734 Secundum
3428 4680 3694 4735 hominem

2121 4776 2263 4831 dico.
2297 4775 2473 4828 Absit.
2507 4774 2760 4844 Alioquin
2783 4773 3056 4843 quomodo
3079 4772 3349 4842 judicabit
3377 4773 3517 4827 Deus
3544 4787 3694 4826 mun-

2119 4867 2247 4920 dum
2273 4867 2292 4897 ³
2315 4867 2338 4920 ?
2363 4885 2382 4918 ι
2414 4864 2535 4921 Non
2567 4867 2762 4936 ergojin
2795 4865 2898 4920 hoc
2916 4865 3130 4935 iniquus
3153 4865 3493 4934 approbatur
3518 4864 3647 4919 Deus
3674 4901 3693 4928 ,

2117 4959 2165 5013 si
2198 4957 2500 5028 disciplina:
2533 4957 2670 5012 ratio
2698 4957 2812 5028 (97)
2839 4957 3117 5012 contraria
3163 4972 3229 5011 ex
3261 4958 3560 5011 contrariis
3604 4970 3694 5023 ap-

2117 5049 2334 5118 probat,
2364 5057 2420 5103 ct
2449 5062 2512 5102 ex
2543 5046 2810 5117 injustitia
2854 5048 3124 5118 justitiam
3177 5049 3526 5102 commendat
3555 5065 3568 5100 :
3602 5045 3693 5100 sed

2121 5156 2244 5196 cum
2293 5139 2440 5194 υιιιιιί
2502 5140 2896 5210 consequentia
2954 5140 3113 5207 digne
3144 5143 3449 5209 meritoque
3483 5141 3694 5193 inimica

2123 5243 2209 5289 est
2232 5243 2288 5287 et
2321 5233 2649 5287 adversatur
2679 5231 2794 5304 (98)
2825 5232 3105 5303 injustitia:
3131 5231 3367 5303 justitia.
3405 5233 3549 5288 sicut
3596 5233 3694 5287 iui-

2443 5392 2464 5424 ³
2499 5393 2656 5448 Rom.
2690 5408 2774 5462 nt,
2812 5393 2871 5460 5,
2896 5393 2948 5448 6.

2117 5537 2511 5609 prehensibilis
2536 5536 2630 5592 Dei
2665 5538 2904 5608 justitia,
2931 5559 2954 5593 θ
2983 5547 3092 5594 etc.

2217 5608 2310 5680 96)
2452 5647 2470 5672 ,
2503 5627 2522 5660 ε
2553 5609 2830 5678 injuriam.
2863 5627 2884 5660 ι

2214 5679 2302 5744 97)
2329 5679 2502 5742 Alias,
2529 5697 2548 5730 ι
2585 5681 2816 5734 ratione.
2858 5698 2878 5731 ι

2217 5747 2306 5820 98)
2342 5749 2481 5803 Editi
2509 5788 2524 5813 ,
2564 5765 2583 5800 ι
2614 5749 2774 5821 digne
2801 5750 3017 5820 merito,
3049 5748 3175 5820 quia
3211 5745 3434 5802 inimica
3460 5756 3548 5804 est
3572 5761 3695 5818 qua

2119 5820 2458 5887 adversatur,
2492 5837 2511 5873 ι
2549 5829 2656 5876 etc.

3225 6493 3778 6529 rw
