3784 6564
71 528 164 584 sas

1052 539 1408 598 COMMENT.
1450 543 1518 598 av
1558 511 1776 596 EPlST.
1817 542 1909 598 Al)
1949 544 2114 600 non.
2157 543 2286 600 LIB.
2328 543 2417 600 ιιι.

3246 553 3351 608 9°26

77 651 206 704 mica
238 659 296 705 et
337 652 592 709 adversa
624 663 708 712 est
738 655 845 709 vita
876 657 1059 724 morti,
1100 670 1155 713 et
1189 660 1278 714 lux
1317 663 1577 715 tenebris.
1615 661 1677 716 Et
1709 661 1752 716 Α
1785 675 1903 730 post
1940 664 2055 716 have
2088 661 2268 716 facere
2294 677 2418 716 eum
2469 659 2626 713 deum
2663 670 2790 716 tunc
2831 677 2954 716 cum
3005 666 3108 717 erit
3143 684 3160 715 ι
3211 666 3350 722 Dens

74 744 185 798 ideo
225 743 442 799 dicitur
480 746 633 801 Deus
685 749 739 801 in
788 747 899 818 qho
931 759 1014 804 est
1041 749 1274 820 justitia,
1302 752 1501 805 inferre
1534 755 1669 805 iram

76 835 390 890 hominibus
418 837 478 890 in
522 838 729 907 quibus
777 840 990 894 habitat
1038 841 1326 910 injustitia.
1364 843 1481 898 ista:
1523 847 1667 900 enim

77 929 172 982 sibi
205 930 557 985 naturaliter
587 935 967 988 adversantur.
999 935 1064 989 Et
1101 938 1374 1003 quomodo
1408 939 1572 992 etiam
1603 925 1668 994 ex

77 1022 173 1075 hoc
197 1022 318 1091 ipso
343 1023 600 1092 injustus
628 1026 897 1079 videbitur
932 1027 1093 1092 Deus,
1120 1029 1212 1097 qui
1245 1030 1561 1084 adversatur
1585 1033 1668 1086 in-

72 1114 340 1182 justitize?
373 1114 447 1168 Et
481 1116 692 1170 idcirco
733 1117 982 1172 fortassis
1015 1135 1120 1172 non
1150 1119 1288 1173 dixit
1335 1123 1624 1186 Apostolus
1651 1162 1666 1188 ,

76 1209 192 1276 quia
228 1223 328 1262 nos
355 1207 620 1263 homines
683 1208 866 1278 injusti
927 1214 1372 1268 commendamus
1397 1215 1666 1284 justitiam

76 1299 164 1354 Dei
195 1317 212 1366 ;
245 1299 343 1354 sed
397 1301 519 1354 ait;
555 1319 574 1352 ι
616 1299 675 1355 Si
734 1301 1000 1370 injustitia
1035 1314 1218 1357 nostra
1270 1304 1364 1360 Dei
1394 1305 1664 1372 justitiam

76 1389 470 1444 commendat:
506 1408 524 1442 ι
568 1401 624 1444 ιιι
650 1393 961 1446 ostenderet
997 1407 1101 1445 non
1131 1395 1292 1448 Deum
1332 1397 1664 1464 hominibus,

75 1481 166 1534 sed
199 1479 478 1549 justitiam
520 1482 803 1552 injustitia:
827 1497 946 1537 esse
970 1486 1334 1541 contrariam:
1371 1488 1549 1542 induci
1577 1505 1669 1544 au-

79 1581 178 1625 tem
221 1572 554 1629 hominibus
596 1575 741 1628 iram.
762 1590 860 1642 pro
890 1590 955 1628 eo
983 1579 1127 1645 quod
1161 1577 1212 1632 in
1245 1582 1553 1651 semetipsis
1584 1584 1663 1639 lo-

76 1679 191 1716 cum
219 1664 517 1734 injustitize
543 1666 805 1721 dederint.
839 1667 953 1724 Non
984 1684 1111 1741 ergo
1140 1671 1371 1742 injustus
1396 1674 1666 1730 videbitur

79 1755 213 1810 Deus
241 1756 334 1824 qui
374 1767 462 1810 est
487 1755 726 1826 justitia,
755 1774 878 1812 cum
927 1760 1183 1816 irascitur
1222 1764 1486 1821 adversus
1521 1765 1665 1835 inju-

81 1845 284 1898 stitiam
326 1885 343 1910 ,
389 1848 481 1900 cui
539 1862 664 1902 eum
700 1863 806 1901 non
843 1849 999 1903 decet
1028 1865 1145 1905 esse
1167 1853 1461 1922 propitium
1497 1873 1509 1909 :
1568 1857 1665 1911 sed

81 1941 326 2007 pervenit
360 1945 446 1994 ira
501 1941 618 1995 haec
648 1943 812 1995 etiam
858 1943 910 1997 in
947 1945 1218 2012 homines,
1267 1949 1360 2018 qui
1394 1963 1453 2003 se
1495 1949 1659 2003 mini-

79 2043 211 2084 su'os
275 2031 598 2102 iujustitiaa,
629 2033 714 2086 cui
768 2034 910 2088 Deus
967 2036 1257 2105 irascitur,
1291 2040 1657 2106 praebuerunt.

80 2121 257 2192 Neque
302 2125 459 2178 enim
497 2125 551 2179 in
589 2126 698 2179 ullo
732 2137 916 2196 potest.
937 2130 1239 2186 subsistere
1287 2133 1548 2201 injttstitia
1580 2133 1661 2188 vel

79 2215 181 2287 (99)
221 2218 444 2288 justitia
480 2237 495 2272 :
553 2221 650 2274 sed
685 2223 824 2275 sicut
865 2221 1078 2293 justitia
1126 2223 1352 2280 ell‘ectus
1401 2236 1483 2280 est
1525 2226 1659 2297 justi

81 2311 316 2375 ret-tique
353 2312 562 2379 cperis,
595 2312 685 2380 qui
715 2314 890 2382 primo
923 2315 976 2369 in
1008 2315 1139 2384 Deo,
1160 2327 1272 2372 tum
1300 2319 1464 2373 etiam
1498 2323 1549 2375 in
1577 2323 1663 2377 his

79 2402 163 2468 qui
194 2402 491 2455 imitantur
521 2418 672 2469 eum,
702 2405 978 2459 invenitur
1006 2423 1021 2460 :
1075 2409 1150 2462 ita
1184 2417 1240 2464 et
1269 2409 1535 2480 injttstitia
1574 2413 1658 2466 ef-

79 2493 242 2548 fectus
269 2504 368 2574 est.
402 2496 540 2565 justi
577 2496 842 2566 pravique
886 2499 1090 2569 operis,
1126 2500 1218 2571 qui
1247 2503 1427 2570 primo
1458 2504 1509 2558 in
1538 2505 1657 2558 dia-

79 2586 215 2651 bolo,
249 2597 366 2640 tum
400 2588 572 2642 etiam
629 2590 682 2643 in
717 2589 802 2644 his
820 2591 912 2658 qui
945 2605 1069 2645 eum
1094 2591 1277 2646 volunt
1315 2594 1540 2661 imitari,
1568 2597 1662 2652 de-

79 2678 458 2742 prehenditur.
502 2679 570 2733 Et
600 2680 722 2734 ideo
765 2679 927 2748 digne
968 2681 1050 2736 eis
1081 2680 1160 2736 ira
1217 2694 1552 2738 memoratur
1581 2686 1662 2738 in-

83 2770 228 2835 ferri,
269 2772 533 2840 quamvis
557 2787 624 2826 ex
652 2772 916 2842 iujostitia
946 2787 1134 2828 eorum
1178 2777 1323 2828 velut
1352 2790 1416 2829 ex
1445 2787 1662 2830 contra-

82 2865 154 2916 rio
173 2862 434 2918 videatur
457 2861 550 2918 Dei
586 2863 852 2919 claruisse
882 2864 1116 2934 justitia.
1143 2863 1403 2919 Poterant
1426 2881 1660 2936 namque

81 2957 208 3009 sicut
240 2965 574 3023 receperunt
617 2957 668 3009 in
721 2969 783 3012 se
836 2955 1089 3028 allectum
1125 2956 1205 3029 (1)
1252 2957 1438 3028 injusti
1484 2959 1662 3028 pravi-

81 3063 175 3116 que
223 3049 414 3118 Operis
449 3089 464 3110 ,
513 3047 682 3101 multo
733 3049 910 3118 magis
949 3047 1084 3118 justi
1114 3049 1360 3118 rectique
1393 3050 1658 3121 recipere.

83 3137 226 3193 .luste
285 3139 460 3210 igitur
519 3153 551 3194 a
611 3139 740 3201 ,Deo
798 3139 878 3194 ira
950 3155 1116 3209 super
1167 3155 1358 3196 omnes
1412 3141 1660 3198 homines

84 3231 251 3285 induci
281 3230 508 3285 dicitur.
562 3230 643 3285 llli
705 3230 854 3286 enim
904 3231 958 3286 in
1001 3233 1198 3301 quibus
1255 3233 1338 3288 ira
1398 3247 1505 3288 non
1562 3234 1660 3288 ha-

1773 757 1951 810 otnnia
2005 755 2056 807 in
2098 753 2351 808 omnibus
2402 753 2444 804 ³.
2491 771 2510 804 ι
2563 752 2643 806 Ad
2696 756 2843 808 hunc
2890 766 3069 809 autem
3128 772 3346 811 sensum

1773 849 1936 902 etiam
1972 846 2103 899 illud
2131 843 2390 913 applicari
2419 852 2620 911 potest,
2644 845 2786 912 qttod
2810 845 2862 897 in
2889 845 3086 900 Genesi
3117 845 3346 900 dicitur:

1779 957 1798 990 ι
1818 937 2242 1006 Τειιιιιιιεοιιιιιίε
2267 934 2504 989 hominis
2523 935 2672 987 venit
2691 936 2741 988 in
2763 948 3056 1006 conspectu
3078 953 3199 991 meo
3217 939 3293 990 ηε
3322 959 3342 991 ι

1773 1041 1831 1085 ιιι
1875 1048 1977 1084 ιιοιι
2008 1030 2180 1084 solum
2228 1030 2292 1083 de
2326 1027 2417 1083 illo
2454 1035 2580 1082 tunc
2613 1028 2802 1082 diluvii
2847 1039 3091 1098 tempore
3137 1029 3343 1085 dictum

1773 1133 2009 1192 putetur,
2043 1124 2138 1175 sed
2177 1131 2231 1175 et
2272 1121 2337 1175 de
2374 1121 2633 1190 mysterio
2669 1120 2960 1190 baptismi;
2991 1124 3345 1191 quemadmo-

1771 1216 1898 1270 dum
1935 1214 2066 1267 dicit
2098 1212 2378 1281 apostolus
2409 1211 2603 1266 Petrus
2651 1211 2715 1276 ¹¹,
2753 1213 2879 1279 quia
2917 1212 3058 1267 sicut
3100 1223 3223 1268 tunc
3279 1230 3345 1269 ex

1771 1307 1978 1360 diluvio
2025 1305 2206 1359 salvus
2259 1303 2436 1358 factus
2468 1314 2549 1358 est
2591 1303 2722 1370 Noe,
2775 1305 2849 1357 ita
2887 1314 2942 1358 et
2985 1321 3129 1359 nunc
3179 1304 3346 1361 simili

1771 1395 1946 1449 forma
1986 1409 2087 1463 per
2118 1393 2443 1463 baptismum
2470 1391 2603 1446 salvi
2635 1392 2770 1446 flant
2797 1394 3108 1448 credentes.
3158 1393 3224 1448 Et
3269 1396 3342 1449 ita

1768 1497 1947 1557 potest
1997 1487 2102 1541 hoc
2131 1485 2272 1554 quod
2309 1485 2466 1548 dicit,
2516 1505 2534 1537 ι
2577 1495 2792 1556 tempus
2831 1487 3012 1542 omnis
3051 1487 3288 1541 hominis
3320 1506 3338 1538 ι

1769 1581 2080 1646 advenisse,
2108 1581 2335 1651 intelligi
2377 1582 2444 1635 ad
2474 1583 2730 1648 salutem,
2771 1593 2830 1637 ut
2855 1598 2952 1654 per
2985 1583 3214 1652 gratiam
3241 1582 3341 1636 ba-

1769 1671 1953 1742 ptismi
1985 1674 2273 1729 credentes
2307 1673 2680 1744 intelligantur
2717 1690 2784 1729 ex
2821 1676 3138 1729 hominibus
3171 1673 3226 1728 in
3250 1689 3344 1728 su-

1766 1765 2036 1834 periorem
2089 1766 2337 1820 ordinem
2383 1768 2774 1835 commutandi,
2823 1783 2947 1824 cum
2987 1767 3105 1822 dies
3154 1782 3345 1821 resur-

1770 1857 2029 1910 rectionis
2068 1859 2372 1924 advenerit,
2414 1860 2502 1913 ubi
2534 1860 2707 1914 sancti
2741 1861 2942 1930 quique
2976 1877 2994 1912 ι
3029 1869 3194 1914 erunt
3232 1859 3340 1914 sic-

1769 1957 1826 2001 ut
1874 1949 2047 2016 angeli
2083 1949 2190 2002 'Dei
2235 1949 2298 2004 υ.
2331 1969 2350 2001 ι
2383 1949 2505 2005 llaec
2523 1953 2589 2005 de
2632 1966 2698 2006 eo
2727 1952 2873 2020 quod
2907 1951 3108 2006 dictum
3145 1960 3229 2005 est
3256 1949 3341 2004 “:

1771 2062 1788 2094 ι
1824 2040 2075 2110 Nunquid
2106 2041 2322 2111 iniquus
2355 2041 2496 2096 Deus
2526 2043 2617 2112 qui
2651 2041 2815 2096 infert
2840 2041 3000 2105 iram,
3033 2060 3052 2093 ι
3083 2041 3165 2098 vel
3193 2059 3213 2094 t
3240 2044 3340 2095 ad-

1762 2148 1977 2187 versum
2014 2133 2280 2198 homines,
2316 2151 2335 2186 ι
2379 2143 2435 2188 ιιι
2483 2135 2534 2187 in
2577 2134 2899 2203 quibusdam
2935 2133 3342 2202 exemplaribus

1763 2224 1868 2290 legi
1914 2226 2170 2291 diximus,
2225 2225 2334 2290 vel,
2390 2235 2449 2280 ut
2501 2241 2602 2281 nos
2651 2226 2936 2289 habemus,
2975 2243 2994 2276 ι
3041 2226 3338 2280 secundum

1765 2315 2042 2369 hominem
2091 2315 2231 2370 dico.
2275 2315 2458 2380 Absit,
2494 2334 2514 2369 ι
2558 2324 2718 2387 prout
2749 2331 3041 2372 occurrere
3069 2316 3224 2370 nobis
3248 2332 3341 2384 po-

1765 2405 1889 2470 tuit,
1936 2405 2082 2459 dicta
2130 2405 2260 2459 sint.
2315 2405 2471 2471 Quod
2504 2416 2686 2459 autem
2719 2405 2795 2458 ait
2825 2427 2836 2460 :
2869 2423 2888 2455 ι
2920 2404 3172 2472 Alioquin
3197 2419 3338 2472 quo-

1762 2499 1923 2554 modo
1965 2498 2234 2566 judicabit
2283 2499 2427 2553 Deus
2475 2497 2737 2552 mundum
2786 2498 2852 2566 ",
2907 2515 2926 2549 ι
2972 2498 3025 2552 in
3070 2498 3172 2553 hoc
3220 2498 3341 2551 loco

1768 2611 1786 2643 ι
1815 2591 2073 2645 mttndum
2103 2610 2122 2644 ι
2151 2591 2402 2645 homines
2436 2591 2527 2660 qui
2584 2591 2636 2644 in
2679 2592 2779 2646 hoc
2809 2590 3008 2645 mundo
3031 2600 3158 2644 sunt
3185 2590 3340 2656 dicit,

1762 2682 1904 2737 sicut
1939 2690 1994 2736 et
2033 2681 2160 2736 alibi
2194 2682 2444 2749 legimus,
2495 2699 2514 2732 ι
2545 2680 2669 2750 quia
2699 2681 2873 2734 omnis
2904 2678 3342 2733 mundusinma-

1762 2772 1908 2842 ligno
1942 2773 2150 2841 positus
2175 2782 2260 2825 est
2283 2771 2367 2836 u’;
2400 2791 2417 2821 ι
2448 2772 2591 2840 quod
2641 2771 2826 2840 utique
2859 2770 3110 2824 homines
3151 2769 3242 2837 qui
3282 2769 3336 2824 in

1763 2865 1866 2920 hoc
1897 2862 2097 2916 mundo
2138 2863 2412 2925 habitant,
2444 2861 2497 2915 in
2524 2861 2732 2913 malitia
2764 2875 2886 2914 esse
2918 2860 3122 2928 positos
3145 2869 3339 2914 osten-

1762 2955 1859 3010 dit.
1892 2953 2023 3009 Post
2060 2953 2290 3024 hocjam
2324 2951 2609 3007 videamus
2654 2950 2926 3021 quomodo
2982 2950 3188 3005 dictum
3223 2949 3335 3006 sit:

1767 3065 1788 3100 ι
1821 3047 1878 3103 Si
1914 3050 2059 3100 enim
2087 3047 2293 3100 veritas
2325 3044 2420 3100 Dei
2453 3045 2503 3097 in
2541 3059 2661 3098 meo
2707 3043 2993 3098 mendacio
3039 3042 3339 3098 abundavit

1762 3135 1817 3188 in
1847 3134 2076 3204 gloriam
2110 3133 2300 3202 ipsius.
2336 3150 2355 3183 ι
2388 3130 2567 3186 Multae
2598 3141 2728 3186 sunt
2768 3133 2822 3186 in
2855 3133 2958 3186 hoc
2989 3132 3188 3186 mundo
3213 3131 3340 3186 reli-

1762 3225 1981 3296 gionum
2006 3227 2239 3296 species,
2267 3226 2452 3280 multa:
2479 3226 2926 3297 philosophorum
2955 3235 3139 3290 sectae,
3167 3224 3337 3278 multa

83 3325 162 3379 bet
210 3324 397 3378 locum
424 3363 442 3386 ,
492 3324 609 3394 jam
667 3339 775 3379 non
828 3325 1079 3380 homines
1110 3365 1126 3389 ,
1199 3325 1294 3380 sed
1355 3340 1520 3395 supra
1568 3326 1728 3395 ho-c
1763 3318 2016 3388 dogmata
2058 3316 2211 3372 falsis
2243 3317 2643 3372 assertionibus
2681 3317 2896 3382 tradita,
2923 3328 2976 3371 et
3001 3317 3338 3387 arguit-tentis

85 3419 247 3474 mines
278 3417 450 3490 503
483 3416 790 3486 appeilandi
824 3427 971 3473 sunt.
997 3417 1064 3471 Et
1093 3426 1382 3490 propterea
1405 3417 1656 3475 fortassis

85 3511 215 3565 idem
244 3510 528 3581 apostolus
561 3507 763 3563 Paulus
805 3508 872 3563 de
901 3509 1156 3564 omnibus
1188 3509 1502 3566 hominibus
1531 3525 1658 3582 pro-

84 3605 284 3657 nuntiat
323 3603 541 3666 dieens,
570 3601 697 3671 quia
731 3618 752 3653 ι
783 3615 1005 3656 eramus
1049 3609 1245 3656 natura
1277 3600 1370 3656 ﬁlii
1398 3601 1514 3668 iraa,
1551 3603 1658 3658 sic-

84 3704 138 3747 ut
171 3703 225 3748 et
263 3693 454 3750 caeteri
493 3692 537 3745 δ.
573 3711 592 3745 ι
629 3690 751 3746 Νοιι
801 3693 947 3747 enim
994 3692 1154 3758 dixit,
1206 3710 1227 3745 ι
1287 3693 1518 3748 Eramus
1563 3695 1654 3748 lilii

87 3787 190 3849 irae,
219 3805 238 3839 ι
280 3786 379 3842 sed
405 3785 656 3840 addidit:
690 3803 708 3836 ι
741 3784 974 3839 Eramus
1007 3795 1202 3839 natura
1236 3784 1332 3839 lilii
1366 3785 1486 3850 iraa,
1515 3786 1659 3841 sicut

87 3889 128 3932 et
155 3879 358 3934 caeteri.
394 3897 415 3930 ι
446 3877 651 3933 Omnes
695 3877 840 3930 enim
884 3876 1139 3931 homines
1179 3886 1372 3932 natura
1420 3878 1514 3932 lilii
1563 3879 1658 3934 ira:

87 3968 250 4024 ellecti
287 3979 444 4033 sunt,
490 3984 559 4023 ex
607 3982 675 4022 eo
715 3968 859 4038 quod
906 3978 1064 4022 erant
1089 3968 1165 4024 dii
1199 3977 1256 4022 et
1298 3967 1393 4023 lilii
1421 3969 1653 4038 Excelsi,

88 4077 134 4116 et
162 4077 251 4129 per
283 4063 391 4116 hoc
429 4060 684 4115 homines
733 4058 990 4128 appellati
1037 4068 1182 4114 sunt.
1237 4061 1471 4116 Attende
1509 4063 1655 4116 enim

88 4151 386 4223 diligentius
412 4152 687 4222 quomodo
705 4150 838 4206 dicit
856 4152 877 4183 ⁸
902 4170 915 4206 :
945 4169 964 4202 ι
996 4151 1106 4223 Ego
1131 4152 1239 4207 dixi
1266 4171 1280 4208 :
1314 4153 1395 4208 Dii
1421 4154 1574 4218 estis,
1602 4165 1658 4209 et

89 4243 166 4297 lilii
211 4244 464 4311 Excelsi;
507 4263 528 4296 ι
573 4253 627 4298 ει
691 4244 919 4309 addidit,
974 4261 993 4295 ι
1041 4259 1233 4301 onmes
1289 4260 1406 4300 vos.
1456 4265 1474 4298 ι
1529 4244 1658 4313 Quae

91 4338 305 4404 adjectio
337 4353 507 4393 omne
537 4337 699 4392 simul
743 4337 846 4391 sub
891 4336 992 4392 hoc
1031 4339 1188 4394 titulo
1236 4339 1539 4393 humanum
1583 4338 1658 4393 si-

90 4429 295 4496 gnificat
342 4445 522 4500 genus
570 4445 878 4486 connexum
931 4431 1031 4504 (2).
1081 4431 1328 4502 Denique
1367 4434 1421 4486 in
1466 4445 1658 4487 conse-

91 4521 366 4586 quentibus
395 4523 572 4577 dicit:
614 4540 633 4574 ι
689 4523 792 4579 Vos
827 4535 1009 4580 autem
1057 4535 1118 4579 ut
1167 4523 1418 4580 homines
1453 4523 1656 4577 morie-

92 4612 204 4668 mini
230 4615 272 4669 ⁸.
301 4635 320 4668 ι
347 4615 505 4672 Unde
530 4624 583 4670 et
616 4616 747 4672 illud
771 4617 917 4686 quod
941 4618 1203 4687 scriptum
1232 4616 1358 4671 est"
1387 4633 1400 4669 :
1426 4633 1445 4666 ι
1477 4615 1542 4668 Et
1569 4629 1655 4670 re-

93 4708 328 4778 cogitavit
374 4709 524 4764 Deus
559 4710 685 4780 quia
731 4708 860 4766 fecit
898 4709 1174 4763 hominem
1203 4722 1368 4778 super
1404 4717 1602 4762 terram
1633 4722 1648 4772 ;

92 4808 136 4851 et
161 4801 412 4869 pmnituit
446 4802 502 4856 in
537 4801 700 4857 corde
736 4817 857 4871 suo,
903 4813 959 4858 et
1013 4801 1152 4856 dixit
1197 4799 1348 4856 Deus
1389 4816 1404 4853 :
1453 4799 1653 4854 Delebo

95 4888 342 4948 hominem
388 4909 552 4964 quem
599 4893 700 4950 feci
746 4909 778 4948 a
825 4894 967 4949 facie
1021 4902 1221 4948 terrae:
1263 4911 1283 4944 ι
1338 4907 1445 4946 ιιοιι
1479 4891 1651 4946 solum

94 4996 177 5049 pro
202 4985 418 5041 excidio
446 4985 636 5041 diluvii
663 4987 874 5042 dictum
912 4995 1066 5056 puto,
1095 4985 1192 5041 sed
1220 4985 1423 5054 aliquid
1455 4998 1520 5038 ex
1548 4983 1652 5038 hoc

93 5077 233 5131 etiam
268 5080 371 5134 sub
419 5079 686 5150 mysterio
731 5081 799 5135 de
834 5079 1040 5135 futuris
1092 5079 1455 5150 praedictum:
1499 5087 1556 5130 ut
1586 5091 1650 5132 eo

96 5171 233 5225 modo
274 5172 548 5227 sentiatur
594 5172 740 5242 quod
789 5173 995 5227 dictum
1031 5181 1134 5237 est,
1170 5189 1190 5223 ‹
1240 5170 1437 5225 Delebo
1477 5170 1651 5228 homi-

98 5275 222 5330 nem,
250 5284 270 5316 ι
301 5281 412 5335 quo
446 5277 505 5322 et
548 5282 646 5336 per
670 5267 992 5337 prophetam
1036 5267 1170 5321 dicit
1209 5268 1351 5322 Deus
1394 5284 1408 5320 :
1456 5283 1476 5318 ι
1514 5266 1653 5321 Ecce

97 5355 221 5408 enim
254 5357 406 5414 deleo
430 5357 576 5413 sicut
603 5358 804 5413 nubem
830 5359 1144 5428 iniquitates
1173 5368 1293 5412 tuas
1315 5357 1336 5389 ⁸
1363 5375 1378 5420 ;
1410 5375 1429 5408 ι
1471 5369 1531 5411 ιιι
1570 5358 1652 5410 νίο

99 5445 263 5502 deatur
290 5450 479 5506 delens
518 5465 644 5506 eum
673 5454 974 5526 secundum
1029 5452 1133 5507 hoc
1175 5451 1319 5522 quod
1354 5451 1516 5506 homo
1546 5462 1651 5515 est,

157 5559 175 5589 ⁸
198 5560 386 5684 [ξιιιεε.
410 5565 548 5624 ",3.
625 5564 648 5596 ⁸
672 5565 810 5619 Psal.
840 5583 1022 5628 uxxt,
1051 5566 1104 5620 6.
1182 5570 1204 5601 ⁸
1228 5569 1358 5623 ibid.
1381 5572 1436 5625 7.
1483 5573 1503 5602 "
1526 5573 1652 5628 Gem

101 5629 208 5684 Vni
250 5672 263 5684 .
337 5634 378 5665 “
403 5632 426 5684 l
447 5634 596 5684 Petr.
624 5651 706 5684 ιιι-
729 5637 820 5684 '20-
842 5637 932 5684 2L
1011 5640 1054 5670 ιι
1109 5637 1296 5684 Manu
1334 5656 1466 5684 ηιι-
1497 5643 1568 5684 an

1781 5589 1834 5635 η,
1857 5569 1913 5631 6,
1937 5565 1990 5620 7.
2068 5564 2090 5595 "
2112 5559 2236 5614 lsai.
2260 5574 2306 5611 in

1787 5657 1894 5684 nm-
1921 5647 2002 5684 ιιι.
2037 5629 2092 5684 6.
2171 5629 2214 5662 ³⁸
2238 5629 2306 5684 ibi

101 5623 269 5706 νι,15’ζ
291 5703 305 5706 _
337 5634 378 5665 “
403 5632 426 5687 1
447 5623 596 5690 Petr.
624 5651 706 5704 tu,
729 5637 820 5704 20,
842 5637 932 5691 21.
1011 5623 1054 5670 λ’
1105 5637 1296 5694 Matth.
1333 5623 1468 5706 xxI-1,
1497 5623 1641 5699 3f):-

1781 5623 2002 5699 omam,
2037 5629 2092 5685 6.
2171 5629 2214 5662 ³⁸
2238 5623 2399 5684 ιιιιιι.·
2467 5627 2510 5658 ¹⁸
2547 5627 2566 5682 Ι
2601 5625 2759 5683 Joan.
2793 5641 2846 5695 v,
2879 5625 2968 5681 19.
3067 5623 3113 5656 ¹⁶
3136 5623 3332 5679 Matth.

100 5711 227 5766 ιιιιι,
244 5703 330 5758 24.

105 5794 394 5929 “ﬁniti
427 5812 588 5920 mss,
645 5798 908 5856 Rabanus
958 5807 1013 5856 et
1064 5801 1408 5858 Salodianus.
1444 5802 1643 5862 Caneri

161 5937 228 6013 (β)
367 5954 529 6013 mss._.
572 5937 828 5996 Rabanus
855 5984 870 6009 ,
925 5940 1250 6001 Salodianus
1275 5952 1331 5999 et
1367 5941 1652 6002 Mel‘unus.

106 6003 191 6060 Alii
210 6008 352 6079 editi,
387 6027 407 6063 ι
441 6008 719 6066 effectum.
751 6029 769 6062 ι

1758 3408 2069 3479 conscripta
2103 3407 2476 3473 mendacibus,
2517 3422 2747 3477 quorum
2778 3417 3027 3461 auctores
3056 3406 3189 3459 l'also
3215 3406 3341 3460 licet

1759 3501 2040 3570 sapientiae
2069 3500 2306 3565 nomine,
2349 3513 2457 3553 non
2499 3507 2679 3554 tamen
2709 3498 2920 3570 exigua:
2958 3510 3053 3552 aut
3095 3508 3336 3553 contem-

1758 3601 1866 3662 pta:
1897 3590 2244 3646 auctoritatis
2264 3589 2368 3644 viri
2396 3589 2663 3644 habentur
2687 3607 2701 3643 :
2727 3603 2791 3643 ex
2820 3603 3044 3659 quorum
3065 3603 3338 3658 praeroga—

1760 3684 1868 3738 tiva
1898 3683 2035 3738 falsa
2064 3698 2164 3753 pro
2184 3683 2329 3737 veris
2353 3691 2572 3751 recepta
2598 3691 2746 3744 sunt,
2777 3690 2837 3735 ut
2863 3681 3172 3735 universum
3199 3693 3340 3750 pene

1760 3775 2018 3828 mundum
2058 3774 2410 3828 mendacibus
2437 3788 2565 3842 erga
2595 3771 2672 3844 (5)
2705 3771 3022 3842 religionem
3056 3773 3336 3840 opinioni-

1760 3867 1860 3921 bus
1889 3865 2234 3935 occuparint,
2267 3866 2342 3918 ita
2379 3873 2438 3916 ut
2470 3865 2521 3917 in
2553 3876 2797 3917 errorem
2834 3863 3244 3928 inducerentur,
3289 3865 3336 3918 si

1760 3956 1862 4011 dici
1899 3965 2093 4026 potest,
2126 3957 2288 4008 etiam
2315 3953 2476 4009 elei-ti
2507 3954 2572 4006 ιθ.
2605 3953 2742 4019 Quia
2786 3968 2918 4022 ergo
2967 3956 3170 4008 veritas
3203 3955 3322 4020 Dei,

1761 4056 1817 4100 et
1851 4045 2117 4115 sapientia
2143 4043 2285 4112 ejus,
2319 4052 2376 4097 et
2413 4040 2645 4096 Verbum
2677 4041 2797 4109 ejus
2830 4041 3126 4097 adveniens
3154 4040 3336 4108 arguit

1759 4146 1815 4192 et
1851 4135 2156 4191 confutavit
2176 4148 2340 4188 omne
2375 4133 2744 4198 mendacium,
2767 4141 2933 4202 atque
2959 4146 3150 4187 omnes
3171 4131 3335 4185 falso-

1762 4245 1881 4285 rum
1913 4230 2228 4299 dogmatum
2253 4226 2590 4282 assertiones
2631 4225 2739 4281 lide
2781 4225 3024 4279 veritatis
3069 4225 3333 4289 exsecuit,

1760 4338 1858 4394 per
1883 4322 2307 4392 unumquodque
2335 4318 2702 4385 mendacium,
2768 4319 3099 4388 quodprius
3136 4318 3203 4372 ab
3234 4319 3335 4371 ho-

1762 4415 2004 4470 minibus
2063 4415 2243 4468 fuerat
2299 4421 2592 4478 assertum,
2635 4411 2928 4466 abundavit
2981 4410 3181 4466 veritas
3238 4409 3336 4464 Dei

1760 4509 2122 4579 subreptitias
2152 4507 2662 4563 verisimilitudines
2691 4504 2994 4576 arguendo,
3032 4515 3089 4560 et
3125 4504 3179 4559 in
3218 4506 3335 4560 sin-

1761 4603 1902 4672 gulis
1957 4603 2263 4673 quibusque
2311 4603 2658 4674 dogmatibus
2728 4601 2993 4656 tradendo
3034 4599 3335 4669 simplicem

1685 4671 1730 4728 D
1760 4671 1884 4747 fidei
1917 4671 2209 4747 veritatem
2233 4711 2246 4746 :
2273 4671 2452 4748 ethoc
2477 4693 2643 4748 modo
2672 4691 2960 4762 Apostolus
2982 4690 3114 4744 dicit
3142 4690 3336 4744 verita-

1761 4794 1868 4838 tem
1906 4782 2000 4838 Dei
2034 4785 2089 4838 in
2119 4784 2402 4839 hominum
2436 4784 2725 4840 mendacio
2749 4784 3074 4838 abundasse.
3111 4782 3332 4844 Verum,

1761 4885 1820 4931 ut
1879 4877 2058 4932 adhuc
2110 4875 2455 4932 manifestius
2500 4877 2597 4930 liat
2651 4875 2794 4944 quod
2842 4874 3094 4937 dicimus,
3153 4871 3333 4939 aliqua

1759 4971 1995 5039 exempli
2023 4985 2191 5025 causa
2230 4969 2593 5040 proferamus.
2627 4968 2756 5022 Erat
2799 4968 2852 5022 in
2896 4967 3204 5020 hominibus
3243 4966 3336 5020 do-

1758 5080 1906 5136 gma,
1942 5068 2086 5134 quod
2116 5077 2389 5118 summum
2424 5063 2623 5117 bonum
2658 5047 3197 5129 pronuntiaret'esse
3238 5072 3335 5115 vo-

1756 5160 2056 5228 luptatem;
2085 5159 2137 5211 in
2176 5171 2284 5228 quo
2319 5167 2376 5210 et
2426 5156 2555 5210 illud
2599 5160 2996 5221 consequenter
3047 5154 3333 5218 asseritur,

1764 5270 1873 5309 non
1914 5268 2036 5308 esse
2071 5249 2502 5312 Providentiam,
2543 5246 2740 5315 quippe
2770 5246 2816 5300 si
2852 5261 2956 5298 non
3000 5260 3068 5300 ex
3098 5245 3333 5316 legibus,

1760 5351 1858 5406 sed
1886 5362 1954 5404 ex
1990 5347 2273 5414 voluptate
2305 5341 2593 5397 vivendum
2624 5357 2638 5392 :
2668 5349 2724 5393 et
2754 5340 2870 5394 haec
2901 5338 3050 5394 lauto
3078 5338 3155 5410 (4)
3197 5339 3335 5394 satis

1760 5451 2069 5510 ornatoque
2096 5449 2371 5500 sermone,
2403 5442 2460 5488 et
2488 5431 2826 5502 argumentis
2855 5431 3214 5488 validissimis
3240 5447 3340 5502 per

2068 5564 2090 5595 "
2112 5559 2236 5614 lsai.
2260 5573 2407 5625 ιιιιν,
2429 5556 2523 5611 22.
2596 5557 2619 5588 ⁹
2647 5553 2668 5608 l
2696 5555 2821 5610 Cor.
2844 5569 2935 5618 xv,
2960 5553 3108 5625 28η-
3131 5552 3332 5625 ’.ο-ϐειι.

1834 5800 1912 5871 (2)
1944 5797 2072 5855 Mss.
2103 5795 2321 5871 quidam
2361 5793 2564 5851 habent
2598 5811 2613 5853 :
2658 5811 2676 5847 ι
2719 5793 3016 5851 humanum
3052 5789 3330 5849 contexuit

1765 5865 1860 5940 (αι’.
1895 5865 2207 5940 connexuit)
2237 5879 2428 5932 genus.
2461 5883 2479 5916 ι

1837 5943 1916 6009 ('5)
1945 5939 2055 6002 AL,
2092 5955 2110 5988 ι
2152 5945 2362 5989 contra.
2398 5953 2414 5987 ι

1833 6012 2265 6083 μ)ΑΙ.,‹1ιιιο.
2294 6023 2312 6058 ι
