3754 6550
442 461 548 515 9‘27

1935 448 2256 508 ORIGENIS
2325 528 2340 543 ι
3611 443 3705 498 99.8

443 586 729 642 innumera
774 586 1051 642 volumina
1102 585 1448 653 digeruntur.
1478 582 1584 639 Sed
1621 583 1834 638 intuere
1871 596 1971 635 nun

2168 569 2482 635 Hellexerit,
2511 584 2618 623 non
2648 568 2836 640 utique
2869 566 3001 622 dicit
3030 564 3160 619 illud
3199 566 3344 635 quod
3400 564 3458 617 in
3509 580 3706 618 conse-

442 677 713 744 quomodo
741 678 785 732 is
813 677 905 746 qui
931 677 1218 730 veritatem
1257 675 1350 728 Dei
1389 675 1654 737 defendit,
1700 683 1756 728 et
1798 674 1890 741 qui
1929 687 2016 727 se-

439 767 678 820 cundum
712 767 1014 834 Christum,
1058 767 1152 836 qui
1192 777 1276 821 est
1320 767 1412 820 Dei
1462 767 1667 822 veritas
1704 777 1760 820 et
1803 765 1896 820 Dei
1932 781 2020 821 sa-

443 857 654 926 pientia
689 860 755 925 ιτ,
801 859 1162 927 philosophus
1208 869 1335 922 est,
1365 859 1524 912 docet
1572 858 1818 913 homines
1864 873 2016 912 sum-

441 963 586 1001 mum
623 949 824 1002 bonum
854 965 977 1004 esse
1003 951 1168 1003 vitam
1194 959 1487 1004 aaternam:
1514 950 1653 1003 hanc
1682 957 1865 1002 autem
1893 960 2019 1002 esse

439 1047 698 1094 aeternam
737 1042 927 1108 vitam,
968 1053 1026 1095 ut
1055 1051 1388 1112 cognoscant
1419 1042 1670 1094 homines
1711 1054 1878 1094 unum
1922 1055 2016 1095 so—

439 1128 548 1182 lum
571 1147 757 1186 verum
779 1133 971 1198 Deum,
993 1143 1046 1190 et
1063 1133 1262 1187 Filium
1285 1131 1401 1199 ejus
1422 1131 1604 1187 Jesum
1637 1130 1917 1187 Christum
1939 1129 2014 1188 "z

437 1228 494 1272 et
526 1224 796 1290 quomodo
825 1238 947 1276 cum
978 1223 1127 1276 omni
1162 1222 1362 1278 fiducia
1395 1221 1789 1292 providentiam
1818 1220 1910 1276 Dei
1929 1235 2016 1275 as-

437 1323 605 1376 serat,
641 1328 761 1381 quae
797 1315 969 1369 dicit:
1021 1333 1040 1367 ι
1072 1313 1264 1368 Nonne
1307 1315 1413 1368 duo
1462 1327 1712 1383 passeres
1765 1328 1887 1367 asse
1918 1328 2014 1368 ve-

436 1417 626 1468 neunt,
669 1413 720 1456 et
749 1419 886 1458 unus
933 1421 1000 1459 ex
1049 1405 1181 1474 ipsis
1235 1419 1342 1458 non
1389 1404 1534 1458 cadit
1569 1403 1622 1457 in
1657 1411 1857 1456 terram
1897 1402 2014 1458 sine

435 1491 613 1548 Patris
639 1495 922 1551 voluntate
959 1497 1048 1552 "‘3
1093 1516 1113 1550 ι
1166 1506 1221 1552 et
1259 1495 1388 1566 quia
1433 1495 1548 1565 ipse
1581 1513 1600 1546 ι
1636 1495 1808 1548 solem
1854 1507 2011 1548 suum

433 1586 568 1640 oriri
592 1583 748 1652 jubet
779 1602 946 1658 super
973 1589 1146 1643 bonos
1175 1596 1230 1642 et
1260 1585 1451 1650 malos,
1477 1595 1532 1640 et
1557 1584 1694 1655 pluit
1723 1598 1886 1653 super
1923 1584 2013 1654 ju-

433 1687 550 1731 stos
581 1685 635 1732 et
665 1678 895 1748 injustos
939 1679 1006 1736 '°.
1050 1697 1068 1730 ι
1106 1676 1210 1733 Per
1249 1679 1363 1732 haec
1409 1687 1589 1731 autem
1630 1675 1843 1744 singula
1879 1677 2009 1730 dum

434 1768 526 1822 illa
565 1768 716 1824 falsa:
741 1770 986 1824 scientiae
1021 1769 1275 1840 dogmata
1324 1771 1704 1834 confutantur,
1747 1769 1798 1822 in
1835 1768 2012 1823 homi-

431 1875 562 1913 num
599 1861 880 1916 mendacio
909 1861 1150 1916 abundat
1179 1861 1388 1915 veritas
1416 1858 1532 1914 Dei.
1570 1859 1711 1913 Sunt
1743 1860 1871 1914 item
1917 1858 2008 1913 alii

429 1951 522 2020 qui
552 1952 739 2006 dicant
770 1961 879 2007 tres
907 1965 1035 2006 esse
1063 1951 1273 2022 species
1301 1952 1426 2006 boni
1459 1969 1474 2004 :
1521 1967 1682 2005 unam
1715 1965 1846 2020 erga
1887 1950 2009 2005 ani-

428 2058 597 2111 mam,
651 2043 815 2096 aliam
875 2058 1006 2114 erga
1053 2058 1308 2113 corpora,
1365 2043 1586 2096 tertiam
1644 2043 2009 2098 extrinsecus.

429 2133 561 2200 Quae
585 2135 800 2204 singula
838 2151 960 2189 cum
999 2134 1420 2189 conducibiliter
1455 2135 1530 2205 (5)
1573 2135 1902 2199 habeantur,
1940 2148 2009 2188 ex

430 2223 567 2292 ipsis
613 2241 888 2280 summum
953 2226 1152 2280 bonum
1202 2235 1460 2279 constare
1521 2224 1865 2280 confirmant.
1915 2224 2009 2280 Isti

427 2317 592 2370 etiam
634 2305 730 2370 Dei
765 2317 1160 2387 providentiam
1195 2328 1528 2381 resecantes,
1565 2331 1734 2387 usque
1764 2317 1831 2372 ad
1868 2317 2009 2372 luna:

426 2417 548 2460 eam
583 2406 800 2475 globum
835 2407 1191 2476 supervenire
1227 2408 1568 2462 contendunt
1607 2425 1620 2461 :
1671 2408 1810 2461 infra
1850 2422 2005 2475 vero,

427 2493 535 2550 hoc
603 2507 688 2550 est
751 2498 816 2550 ad
866 2498 1134 2563 homines,
1179 2514 1298 2553 eam
1365 2498 1590 2552 minime
1643 2499 2002 2555 descendere.

427 2589 569 2645 Sunt
601 2591 728 2646 item
760 2591 850 2645 alii
888 2592 978 2661 qui
1018 2593 1291 2648 invisibile
1340 2600 1396 2647 et
1438 2592 1820 2660 incorporeum
1870 2593 2004 2648 nihil

423 2678 610 2734 dicant
643 2695 782 2745 esse,
815 2683 910 2736 sed
944 2683 1125 2736 omnia
1157 2697 1277 2752 qua:
1319 2689 1448 2736 sunt
1487 2683 1810 2752 corporibus
1862 2684 2005 2739 assi-

423 2780 613 2839 gnant,
646 2773 788 2826 unde
813 2783 868 2828 et
898 2773 1114 2828 Patrem
1143 2775 1387 2828 omnium
1421 2776 1589 2830 Deum
1624 2789 1825 2845 corpus
1873 2789 2002 2831 esse

418 2861 704 2918 dixerunt.
764 2863 960 2919 Verum
1005 2867 1132 2934 quia
1181 2869 1412 2935 urgebat
1462 2883 1558 2923 eos
1597 2869 1830 2925 rationis
1887 2884 2001 2924 sua:

421 2955 833 3023 consequentia,
867 2971 971 3024 qua
1002 2966 1217 3012 constat
1246 2973 1407 3012 omne
1435 2973 1634 3028 corpus
1661 2974 1784 3015 esse
1813 2976 2001 3016 corru-

424 3044 638 3112 ptibile,
674 3057 728 3099 ut
759 3047 802 3101 si
836 3049 1001 3101 etiam
1031 3048 1195 3102 Deum
1225 3064 1426 3118 corpus
1442 3064 1564 3104 esse
1580 3061 1848 3119 asserant,
1881 3054 1999 3108 sine

418 3135 586 3188 dubio
613 3147 669 3190 et
713 3139 1124 3208 corruptibilem
1171 3139 1467 3204 fateantur,
1511 3141 1674 3214 505
1713 3152 1997 3199 verterunt

2121 665 2416 734 quentibus
2437 664 2599 718 stulta
2631 662 2938 731 obiectione
2967 660 3244 731 profertur
3269 679 3284 715 :
3313 678 3332 710 ι
3358 659 3505 727 Quid
3525 662 3704 715 adhuc

2119 766 2173 809 et
2201 769 2301 824 ego
2334 763 2591 824 tanquam
2626 761 2884 822 peccator
2906 750 3125 820 judicor
3147 752 3192 782 "
3221 750 3245 804 ἲ
3273 769 3292 801 ι
3335 751 3432 804 scd
3468 751 3706 804 advertit
3741 763 3748 770 ·

2119 845 2316 899 mer-ito
2344 859 2405 900 se
2438 844 2814 912 iudicandum,
2863 843 2907 896 si
2956 849 3274 910 permaneat
3317 841 3370 894 in
3412 841 3702 894 mendacio

2120 936 2400 990 hominum
2425 953 2439 989 :
2466 943 2521 990 et
2554 934 2646 1005 qui
2675 933 2968 989 secundum
2998 947 3062 987 ea
3095 948 3216 1002 qua:
3245 945 3414 1001 supra
3444 933 3704 1000 exposui-

2119 1042 2238 1082 mus
2265 1042 2330 1082 ex
2365 1026 2458 1082 Dei
2485 1027 2718 1081 veritate
2746 1025 3030 1078 convictus
3062 1037 3276 1078 errasse
3312 1037 3373 1076 se
3398 1022 3597 1081 sentit,
3639 1023 3700 1075 ab

2117 1133 2304 1174 errore
2329 1131 2631 1174 conversus
2655 1115 2824 1170 Deum
2857 1130 3045 1171 verum
3078 1116 3260 1185 agnita
3296 1115 3540 1168 veritate
3590 1113 3703 1182 glo-

2119 1209 2316 1276 rillcat,
2350 1223 2450 1263 nec
2478 1207 2822 1277 blasphemat
2849 1205 2993 1260 ultra
3030 1219 3126 1260 eos
3157 1205 3248 1274 qui
3285 1204 3601 1274 prmdicant
3629 1202 3699 1271 (7)

2115 1303 2422 1366 veritatem,
2450 1310 2708 1370 tanquam
2736 1301 2981 1354 dicentes
3011 1316 3024 1352 :
3060 1316 3078 1350 ι
3126 1296 3420 1352 Faciamus
3455 1296 3598 1350 mala
3648 1306 3700 1348 ut

2116 1395 2340 1449 veniant
2379 1393 2522 1448 bona
2545 1391 2614 1458 ",
2651 1409 2671 1445 ι
2713 1391 2893 1448 sciens
2921 1393 2974 1447 in
3003 1391 3108 1446 hoc
3144 1391 3310 1445 verbo
3340 1390 3551 1459 justam
3577 1403 3694 1442 esse

2114 1485 2544 1554 blasphemantis
2577 1483 3005 1539 damnationem.
3040 1481 3457 1538 Observandum
3486 1495 3698 1548 quoque

2112 1585 2220 1641 est,
2265 1575 2410 1645 quod
2469 1591 2564 1632 eos
2609 1575 2701 1645 qui
2749 1573 3036 1630 veritatem
3086 1575 3410 1643 praedicant,
3446 1587 3560 1626 non
3597 1583 3696 1624 tam

2113 1665 2388 1730 maledici,
2411 1667 2556 1735 quod
2587 1666 2654 1720 ad
2690 1664 2968 1732 homines,
3004 1667 3097 1722 sed
3127 1664 3532 1734 blasphemari,
3560 1666 3696 1734 quod

2111 1757 2178 1812 ad
2211 1757 2378 1812 Deum
2408 1757 2664 1825 pertinet,
2700 1757 2907 1827 posuit.

2181 1848 2238 1905 2.
2269 1868 2286 1902 ι
2319 1848 2460 1917 Quid
2483 1863 2614 1920 ergo
2632 1860 2882 1903 tenemus
2903 1846 3138 1916 amplius
3156 1845 3234 1917 (8)
3251 1846 3275 1900 2
3293 1846 3527 1902 Causati
3553 1862 3622 1902 en
3646 1863 3695 1902 tn

2112 1957 2301 1998 sumus
2329 1941 2545 1998 Iudaeos
2574 1950 2628 1996 et
2657 1938 2880 1996 Graecos
2907 1955 3100 1994 omnes
3147 1939 3250 1994 sub
3289 1949 3523 2008 peccato
3557 1955 3694 1994 esse.

2113 2033 2257 2089 sicut
2286 2032 2551 2102 scriptum
2581 2042 2667 2088 est
2697 2048 2713 2086 :
2743 2030 2878 2099 Quia
2909 2045 3015 2084 non
3044 2045 3128 2085 est
3158 2030 3344 2099 justus
3372 2033 3692 2102 quisquam,

2114 2139 2225 2180 non
2265 2134 2351 2180 est
2389 2123 2721 2190 intelligens,
2751 2137 2859 2177 non
2893 2129 2978 2177 est
3007 2121 3292 2188 requirens
3335 2122 3535 2178 Deum.
3566 2122 3692 2179 0m-

2113 2232 2208 2272 nes
2235 2217 2668 2282 declinaverunt,
2719 2216 2882 2272 simul
2933 2214 3155 2270 inutiles
3203 2216 3332 2270 facti
3391 2225 3550 2280 sunt,
3594 2234 3692 2270 non

2111 2318 2197 2362 est
2223 2310 2312 2375 qui
2344 2309 2510 2371 faciat
2541 2309 2862 2371 bonitatem,
2902 2321 3006 2360 non
3054 2315 3138 2360 est
3182 2320 3359 2376 usque
3402 2311 3478 2361 ad
3508 2325 3692 2362 unum.

2112 2399 2434 2468 Sepulcrum
2478 2411 2673 2470 patens
2711 2409 2796 2454 est
2838 2410 3025 2470 guttur
3063 2414 3290 2464 eorum,
3342 2400 3554 2470 linguis
3585 2403 3693 2455 suis

2109 2493 2295 2548 dolose
2313 2495 2567 2564 agebant,
2592 2506 2858 2548 venenum
2887 2494 3136 2562 aspidum
3158 2493 3260 2546 sub
3286 2493 3451 2548 labiis
3479 2509 3690 2548 eorum.

2107 2584 2350 2651 Quorum
2401 2601 2465 2641 os
2511 2585 2895 2641 maledictione
2939 2598 2997 2641 et
3042 2587 3411 2642 amaritudine
3472 2589 3688 2658 plenum

2105 2687 2190 2732 est
2230 2694 2243 2731 :
2284 2677 2496 2733 veloces
2531 2678 2696 2747 pedes
2733 2695 2924 2733 eorum
2952 2679 3019 2736 ad
3059 2678 3443 2735 effundendum
3476 2682 3691 2751 sangui-

2105 2784 2252 2825 nem.
2279 2769 2550 2825 Contritio
2583 2781 2636 2824 et
2664 2770 2952 2827 infelicitas
2983 2773 3035 2827 in
3064 2773 3166 2828 viis
3193 2787 3410 2840 eorum,
3453 2785 3516 2828 et
3547 2777 3683 2828 viam

2103 2862 2253 2932 pacis
2291 2877 2394 2916 non
2429 2871 2800 2933 cognoverunt
2849 2881 2862 2918 :
2909 2878 3014 2917 non
3067 2873 3151 2918 est
3203 2863 3369 2918 timor
3412 2864 3518 2919 Dei
3564 2875 3686 2919 ante

2101 2955 2295 3010 oculos
2323 2970 2512 3010 eorum
2558 2955 2626 3008 ³⁵.
2666 2973 2684 3007 ι
2732 2953 3091 3011 Praediximus
3136 2955 3248 3026 jam
3283 2956 3433 3026 quod
3475 2957 3533 3011 in
3581 2957 3684 3012 hac

2104 3045 2347 3116 Epistola
2384 3045 2603 3111 Paulus,
2633 3046 2782 3101 velut
2810 3046 3020 3102 arbiter
3041 3049 3260 3118 quidam
3287 3048 3436 3102 inter
3468 3063 3570 3103 eos
3599 3052 3682 3117 qui

2105 3152 2171 3192 ex
2215 3137 2631 3193 circumcisione
2667 3136 3042 3202 crediderunt,
3072 3148 3129 3193 et
3152 3154 3247 3195 eos
3283 3141 3377 3210 qui
3404 3157 3474 3195 ex
3509 3144 3684 3212 genti-

421 3228 700 3296 stropham
732 3229 906 3292 verbi,
940 3237 993 3284 et
1041 3231 1295 3286 dixerunt
1354 3243 1566 3287 natura:
1612 3234 1829 3302 quidem
1870 3250 1992 3290 eum
2027 3269 2070 3326 ο
2100 3230 2225 3296 bus,
2265 3239 2532 3298 temperet
2555 3245 2867 3286 sermonem
2899 3246 3118 3299 semper
3149 3242 3203 3286 et
3228 3233 3418 3296 libret,
3447 3245 3513 3287 ut
3545 3251 3680 3288 nunc

419 3331 542 3371 esse
566 3319 962 3389 corruptibilis,
992 3335 1092 3376 nec
1119 3330 1297 3376 tamen
1325 3323 1622 3390 corrumpi,
1643 3338 1740 3393 pro
1763 3339 1829 3380 eo
1853 3325 1996 3396 quod

393 3423 527 3465 'non
566 3413 643 3466 sit
670 3411 876 3480 aliquid
910 3413 1028 3482 ipso
1056 3414 1330 3482 superius,
1360 3430 1390 3468 a
1422 3429 1531 3484 quo
1560 3417 1840 3487 corrumpi
1870 3432 1996 3488 pos-

419 3503 491 3556 sit
546 3512 640 3558 aut
695 3505 854 3558 solvi.
925 3505 1063 3561 Sunt
1112 3516 1167 3563 et
1209 3507 1316 3563 alia
1365 3509 1652 3565 innumera
1713 3511 1994 3567 hominum

416 3592 670 3662 ﬁgmenta
697 3595 993 3652 dialecticis
1025 3599 1250 3668 argutiis
1278 3608 1333 3655 et
1360 3602 1755 3672 sophismatum
1809 3602 1998 3661 fraude

414 3689 738 3756 composita.
773 3689 904 3756 Quae
941 3707 1063 3746 cum
1101 3693 1311 3764 singula
1343 3710 1441 3764 per
1474 3697 1878 3753 ecclesiasticos
1915 3700 1997 3753 vi-

412 3790 507 3833 ros
543 3787 599 3833 et
627 3781 805 3835 divina
847 3783 1110 3852 sapientia
1146 3786 1388 3843 eruditos
1415 3787 1617 3844 veritas
1641 3790 1734 3844 Dei
1771 3793 1996 3845 convin-

413 3868 512 3935 cit,
538 3881 594 3925 et
623 3885 1066 3942 argumentorum
1098 3877 1376 3950 deeipulas
1406 3879 1703 3952 redarguit,
1735 3882 1789 3937 in
1813 3882 1992 3937 homi-

414 3973 545 4015 num
597 3967 882 4022 mendacio
925 3968 1018 4023 Dei
1063 3969 1271 4026 veritas
1327 3971 1528 4026 dicitur
1583 3972 1885 4037 abundare,
1938 3984 1994 4028 et

415 4071 523 4110 non
567 4061 742 4115 solum
799 4062 1107 4129 abundare,
1165 4067 1261 4121 sed
1311 4066 1590 4122 abundare
1644 4069 1713 4122 ad
1763 4068 1991 4138 gloriam

411 4145 533 4216 ejus
562 4151 628 4205 ".
664 4153 815 4218 Quod
849 4156 950 4210 huc
984 4158 1144 4212 modo
1177 4157 1589 4227 intelligendum
1625 4169 1786 4228 puto:
1817 4160 1862 4214 si
1895 4161 1990 4214 do-

411 4249 536 4295 ctor
561 4241 818 4298 Ecclesia:
851 4245 1126 4315 simplices
1156 4261 1402 4316 quosque
1444 4247 1726 4303 auditores
1774 4248 1989 4315 doceat,

411 4339 470 4384 et
497 4333 734 4387 nondum
766 4335 918 4390 falsis
945 4336 1292 4406 dogmatibus
1326 4348 1646 4406 occupatos,
1695 4349 1862 4407 atque
1905 4339 1991 4394 his

414 4421 484 4476 de
508 4423 737 4493 singulis
757 4426 1067 4497 quibusque
1087 4430 1353 4482 rationem
1378 4428 1572 4482 divinae
1590 4428 1844 4484 veritatis
1871 4444 1992 4498 ape~

411 4512 542 4577 riat,
567 4516 620 4568 in
657 4516 1035 4584 hujuscemodi
1071 4520 1320 4576 doctrina
1348 4520 1441 4574 Dei
1475 4519 1679 4576 veritas
1710 4521 1990 4576 videbitur

2102 3321 2223 3387 hos,
2257 3337 2402 3376 nunc
2429 3322 2553 3377 illos
2594 3322 2647 3376 in
2681 3322 3012 3391 quibusdam
3042 3326 3291 3379 videatur
3328 3338 3590 3394 arguere,
3630 3333 3682 3378 et

2098 3428 2318 3470 rursum
2347 3413 2590 3483 singulas
2617 3427 2804 3483 partes
2833 3425 2980 3470 certa
3006 3430 3104 3485 spe
3131 3415 3523 3485 promissionis
3559 3418 3676 3470 ani—

2104 3521 2255 3560 mare
2281 3505 2380 3578 (9).
2413 3506 2552 3574 Quia
2589 3521 2721 3576 ergo
2767 3507 2919 3563 visus
2964 3507 3143 3563 fuerat
3194 3507 3248 3562 in
3301 3508 3678 3577 superioribus

2098 3597 2304 3664 dicere,
2342 3600 2602 3669 quoniam
2635 3598 2680 3655 si
2710 3599 3032 3669 praeputium
3056 3599 3308 3668 justitias
3336 3600 3477 3671 legis
3500 3611 3676 3656 custo-

2100 3693 2234 3758 diat,
2266 3693 2539 3763 judicabit
2567 3708 2691 3748 eum
2725 3695 2817 3764 qui
2859 3694 2913 3749 in
2948 3695 3370 3751 circumcisione
3414 3696 3674 3764 praevari-

2097 3796 2252 3841 cator
2279 3797 2365 3840 est
2389 3785 2521 3854 legis
2541 3786 2623 3842 ¹⁸ε
2655 3801 2867 3840 rursum
2896 3797 2959 3841 ut
2987 3801 3083 3840 eos
3119 3801 3258 3856 quos
3293 3785 3674 3839 humiliaveral

2097 3878 2380 3947 allevaret,
2419 3880 2661 3935 addidit.
2693 3899 2712 3932 ι
2744 3879 2883 3946 Quid
2911 3895 3042 3950 ergo
3073 3879 3305 3946 amplius
3336 3890 3424 3933 est
3445 3877 3673 3933 Iudaeo?

2098 3981 2193 4026 aut
2231 3987 2352 4042 qua:
2382 3974 2588 4026 utilitas
2623 3973 3104 4028 circumcisionis?
3134 3971 3360 4024 Multum
3407 3988 3510 4040 per
3554 3987 3670 4026 om-

2098 4079 2220 4116 nem
2255 4063 2492 4116 modum.
2529 4062 2712 4116 Primo
2737 4063 2982 4134 quidem,
3015 4062 3140 4132 quia
3171 4059 3379 4115 credita
3411 4072 3540 4116 sunt
3567 4061 3670 4115 illis

2095 4155 2310 4224 eloquia
2342 4155 2435 4210 Dei
2475 4154 2542 4207 ".
2592 4173 2611 4206 ι
2667 4153 2793 4208 Pnst
2823 4155 2958 4217 haec,
2991 4170 3115 4207 cum
3149 4154 3235 4206 his
3269 4165 3668 4223 consequenter

2093 4245 2246 4314 quasi
2282 4246 2528 4316 quaedam
2578 4244 2772 4300 fuisset
2824 4256 3168 4316 prosecutus,
3217 4245 3368 4298 addit
3413 4261 3582 4307 nunc,
3615 4253 3668 4298 et

2091 4336 2232 4391 dicit
2257 4354 2270 4390 ε
2305 4355 2323 4388 ι
2350 4337 2488 4403 Quid
2523 4351 2656 4406 ergo
2689 4346 2938 4391 tenemus
2966 4334 3199 4404 amplius
3217 4334 3244 4388 ἲ
3268 4333 3500 4390 Causati
3525 4337 3672 4391 enim

2095 4441 2284 4482 sumus
2298 4425 2512 4482 Iudaeos
2533 4439 2585 4482 et
2601 4426 2821 4482 Graacos
2835 4441 3025 4482 omnes
3047 4428 3147 4481 sub
3165 4436 3395 4496 peccato
3418 4428 3618 4483 esse”.
3638 4446 3659 4481 ι

2093 4516 2247 4584 Quod
2287 4517 2333 4572 si
2364 4532 2556 4572 omnes
2584 4517 2686 4572 sub
2717 4527 2940 4587 peccato
2971 4527 3120 4582 sunt,
3145 4531 3275 4586 ergo
3304 4533 3414 4572 non
3444 4518 3663 4575 eritela-

410 4603 707 4659 abundare.
751 4605 809 4660 Si
849 4621 978 4663 vero
1012 4609 1078 4662 ad
1103 4623 1197 4663 eos
1246 4625 1428 4665 sermo
1463 4612 1538 4666 sit
1577 4612 1668 4682 qui
1712 4611 1986 4665 obsistant
2019 4603 2062 4659 D
2095 4607 2259 4662 tionis
2293 4622 2457 4662 causa
2485 4606 2577 4661 uni
2605 4607 2896 4662 adversum
2929 4607 3118 4673 alium,
3147 4623 3267 4663 cum
3300 4617 3540 4678 uterque
3565 4625 3663 4663 non

408 4697 652 4763 veritati,
684 4699 776 4768 qui
819 4714 967 4754 sanae
1011 4700 1274 4756 doctrina:
1323 4704 1669 4759 sermonibus
1704 4703 1983 4759 contradi-

407 4800 537 4844 cant
562 4789 666 4862 (6),
696 4799 753 4846 et
781 4794 1222 4849 contradicentes
1263 4796 1618 4852 confutentur
1665 4807 1719 4853 et
1756 4798 1984 4853 convin-

407 4893 624 4948 cantur,
659 4885 732 4939 ita
763 4895 822 4940 ut
846 4901 1094 4942 errorum
1125 4891 1362 4946 tenebris
1396 4891 1676 4948 derelictis
1703 4893 1770 4947 ad
1801 4892 1978 4947 lucem

407 4975 656 5032 Veritatis
682 4979 944 5033 accedant
972 4997 987 5046 ;
1015 4990 1144 5035 tunc
1172 4997 1276 5036 non
1307 4982 1485 5037 solum
1515 4983 1810 5039 abundabit
1833 4984 1979 5038 veri-

405 5070 491 5120 tas
522 5067 640 5134 Dei,
669 5071 762 5125 sed
793 5080 849 5124 et
889 5073 956 5126 ad
985 5074 1212 5142 gloriam
1245 5074 1362 5143 ejus
1399 5075 1726 5130 abundabit.
1756 5073 1976 5130 Glorili-

405 5165 561 5209 catur
592 5161 733 5214 enim
769 5161 911 5217 Deus
943 5180 1041 5234 per
1075 5181 1197 5220 eum
1229 5167 1321 5235 qui
1363 5169 1430 5222 de
1469 5181 1662 5222 errore
1709 5166 1978 5221 mendacii

405 5258 626 5316 ereptus
672 5251 853 5309 lumen
886 5257 1132 5312 veritatis
1179 5260 1414 5329 aspexit.
1447 5259 1571 5314 Haec
1599 5274 1730 5330 ergo
1764 5259 1857 5329 qui
1901 5258 1976 5312 ita

480 5386 711 5459 vtem.
735 5405 774 5454 ι,
797 5391 889 5446 24.
964 5395 1008 5427 ³⁸
1028 5393 1186 5451 Joan.
1217 5413 1355 5458 xvtt.
1375 5398 1426 5452 5.
1505 5398 1548 5431 ¹⁹
1575 5397 1762 5452 Matth.
1789 5413 1844 5459 ι,
1863 5397 1955 5452 29.

2168 5393 2291 5446 ιιιΙι.
2317 5405 2372 5454 v,
2406 5389 2497 5444 45.
2570 5389 2612 5419 ’⁸
2639 5386 2798 5442 Rom.
2836 5384 2998 5459 tm].
3072 5385 3119 5417 “
3143 5381 3273 5438 ibid.

2089 4716 2156 4757 ex
2200 4716 2296 4756 sua
2331 4699 2566 4770 justitia,
2597 4699 2693 4754 sed
2716 4714 2782 4755 ex
2824 4699 2921 4755 Dei
2954 4702 3333 4758 misericordia
3380 4707 3570 4760 veniat
3601 4705 3663 4760 ad

2091 4791 2346 4846 salutem.
2375 4789 2633 4847 Probavit
2661 4805 2796 4862 ergo
2815 4790 3040 4848 Graecos
3067 4794 3308 4862 quidem,
3341 4795 3396 4849 id
3429 4808 3516 4850 est
3545 4812 3662 4864 gen.

2092 4883 2236 4948 tiles,
2265 4898 2385 4938 esse
2411 4883 2511 4938 sub
2542 4891 2788 4952 peccato,
2819 4897 2945 4936 cum
2973 4883 3052 4937 ait
3073 4883 3156 4939 “z
3189 4901 3210 4936 ι
3237 4884 3498 4942 Dicentes
3525 4889 3658 4942 enim

2087 4991 2146 5029 se
2183 4991 2302 5030 esse
2323 4975 2620 5043 sapientes,
2653 4973 2805 5029 stulti
2848 4973 2976 5030 facti
3007 4985 3133 5031 sunt
3164 4994 3179 5031 :
3223 4987 3276 5030 et
3314 4987 3661 5033 mutaverunt

2087 5068 2315 5139 gloriam
2349 5066 2776 5136 incorruptibilis
2810 5066 2905 5122 Dei
2949 5067 3002 5122 in
3056 5068 3476 5124 similitudinem
3519 5071 3656 5125 ima-

2089 5159 2233 5228 ginis
2263 5157 2641 5225 corruptibilis
2685 5155 2946 5222 hominis,
2996 5167 3053 5213 et
3095 5157 3410 5223 volucrum,
3443 5168 3500 5214 et
3529 5174 3656 5228 qua-

2085 5250 2410 5321 drupedum,
2453 5257 2510 5303 et
2537 5250 2870 5318 serpentium
2921 5267 2939 5307 :
2980 5258 3201 5320 propter
3240 5249 3385 5319 quod
3439 5251 3656 5305 tradidit

3362 5383 3411 5415 ¹³
3452 5383 3583 5440 ibid.
3603 5383 3653 5438 8.

403 5454 602 5514 “ibid.
627 5457 660 5512 9
686 5473 802 5530 seq.
881 5463 926 5494 η
957 5464 1113 5520 Rom.
1144 5484 1205 5532 ιι,
1243 5454 1454 5535 26,27.
1531 5469 1577 5499 ιο
1603 5469 1761 5524 ιιοιιι.
1801 5454 1884 5533 ιιι,
1909 5466 2038 5530 1,2.
2110 5464 2155 5497 ιτ
2187 5463 2319 5519 ibid.
2357 5462 2412 5517 9.
2485 5461 2530 5492 ιε
2569 5459 2730 5514 nom.
2765 5473 2804 5524 ι,
2831 5455 3027 5510 22.24.

401 5565 709 5696 migra},
737 5589 756 5623 ‹
786 5587 908 5628 cum
937 5575 1284 5648 docibiliter;
1315 5597 1334 5631 ι
1369 5580 1520 5646 editi,
1571 5598 1592 5633 ι
1641 5579 1686 5660 si
1713 5579 1978 5635 conduci-

435 5779 448 5792 .
476 5711 553 5792 (ti)
586 5711 751 5778 Editi,
786 5731 806 5765 ι
835 5711 890 5768 Si
922 5729 1055 5792 vero
1102 5719 1168 5771 ad
1217 5733 1405 5774 omnes
1449 5735 1630 5776 sermo
1663 5718 1850 5790 sitqui
1876 5721 1974 5776 ob-

403 5785 748 5837 Sistunt......
773 5785 1177 5849 contradicunt,
1221 5807 1239 5839 ι
1270 5798 1377 5842 etc.

471 5852 550 5923 (7)
573 5851 746 5924 Alias,
806 5871 829 5906 ι
877 5870 978 5912 nec
1024 5856 1366 5927 blaSphemat
1407 5859 1546 5916 ultra
1599 5876 1693 5917 eos
1734 5861 1824 5927 qui
1862 5874 1968 5915 non

2083 5572 2403 5642 praedicant.
2439 5590 2458 5624 ›

2155 5642 2234 5712 (8)
2267 5642 2409 5706 Quid
2438 5657 2559 5711 ergo
2596 5649 2828 5695 tenemus
2856 5638 3082 5712 amplius
3107 5626 3143 5693 ἶ
3159 5637 3250 5693 sic
3286 5652 3419 5712 mss.
3440 5636 3644 5712 _nnstri.

2081 5707 2223 5766 Editi
2255 5727 2404 5778 vero,
2443 5729 2464 5764 ι
2497 5707 2642 5778 Quid
2667 5711 2835 5781 ergo?
2865 5710 3232 5765 Prazcellimus
3262 5710 3394 5765 eos?
3434 5707 3643 5778 Nequa-

2079 5797 2263 5852 quam.
2292 5799 2310 5832 ι

2149 5849 2225 5922 (9)
2260 5851 2422 5918 Editi,
2459 5870 2478 5904 ι
2515 5851 2742 5919 animet,
2764 5868 2782 5904 ι
2817 5849 2974 5906 male.
