3754 6540
35 390 146 444 ῦὲθ

1002 401 1364 461 COMMENT.
1403 405 1473 461 ΙΝ
1512 407 1733 465 EPIST.
1768 410 1860 464 AD
1893 412 2062 468 ROM.
2105 411 2234 469 LIB.
2277 413 2367 470 111.

3200 430 3310 485 930

37 523 137 560 eos
165 507 311 561 Deus
347 507 402 562 in
444 509 734 579 reprobum
768 524 1013 582 sensum,
1061 536 1081 569 ι
1130 528 1186 574 et
1228 522 1434 590 reliqua
1468 542 1482 578 :
1525 523 1624 579 Ju—
1655 532 1701 584 Α
1730 525 1890 582 labiis
1922 544 2109 582 eorum
2143 530 2206 595 ³⁸,
2242 551 2262 583 ι
2293 534 2437 602 quod
2462 544 2517 588 et
2541 533 2719 604 ipsum
2749 551 2817 591 ex
2839 539 3074 610 quodam
3098 545 3310 612 psalmo

37 598 188 651 tizcos
220 613 379 663 vero,
415 615 538 656 cum
577 604 744 659 dicit:
792 623 814 656 ι
861 606 919 660 Si
952 619 1135 664 autem
1173 623 1228 668 tu
1270 614 1492 672 Iuda-us
1529 635 1625 673 co-

41 691 412 757 gnominaris,
448 705 502 747 et
536 697 838 764 requiescis
880 699 932 753 in
967 700 1082 772 lege
1119 704 1188 772 ",
1230 726 1249 758 ι
1293 717 1348 762 et
1389 709 1624 782 reliqua.

39 777 254 842 Quibus
283 782 489 837 addidit
517 785 599 840 “z
643 803 661 836 ‹
695 785 794 852 Qui
819 802 949 860 ergo
976 790 1138 848 doces
1172 795 1359 866 alium,
1393 777 1624 870 teipsum

44 888 150 925 non
193 875 398 931 doces:
431 878 522 947 qui
554 880 823 948 praedicas
851 898 956 937 non
988 883 1303 954 furandum,
1337 891 1560 961 furaris,
1599 915 1619 949 ι

41 974 150 1019 etc.
189 965 321 1021 Post
351 969 468 1024 hac
505 987 634 1042 ergo
675 974 829 1040 dicit,
865 977 990 1045 quia
1027 996 1046 1029 ι
1079 983 1286 1037 causati
1321 999 1510 1042 sumus
1535 988 1626 1044 Ju-

44 1056 192 1111 dazos
219 1070 277 1112 et
305 1059 524 1116 Graecos
554 1079 745 1119 omnes
781 1068 881 1122 sub
909 1079 1134 1140 peccato
1164 1089 1285 1130 esse
1329 1077 1393 1132 ³¹.
1432 1097 1450 1130 ι
1498 1081 1627 1136 Post

44 1143 161 1198 haec
193 1161 350 1212 vero,
403 1157 461 1203 ut
509 1153 559 1206 ei
610 1157 778 1210 moris
814 1167 916 1221 est,
966 1161 1033 1215 de
1086 1167 1386 1234 Scripturis
1416 1175 1625 1229 sanctis

44 1236 160 1290 vult
205 1238 483 1296 aﬂirmare
528 1248 673 1314 quod
720 1248 980 1320 dixerat;
1035 1255 1199 1312 simul
1228 1264 1281 1314 et
1312 1261 1625 1323 doctoribus

41 1328 306 1388 Ecclesiae
341 1337 547 1403 przebet
578 1342 914 1410 exemplum,
949 1357 1008 1400 ut
1056 1364 1119 1404 ea
1153 1367 1274 1420 quae
1323 1353 1626 1426 loquuntur

42 1423 105 1473 ad
139 1425 434 1495 populum,
485 1446 592 1484 non
645 1436 881 1504 propriis
933 1453 1263 1513 praesumpta
1311 1423 1621 1518 sententiis,

43 1515 137 1566 sed
179 1514 383 1571 divinis
413 1520 620 1575 munita
659 1525 986 1583 testimoniis
1033 1533 1333 1602 proferant.
1374 1538 1430 1593 Si
1475 1514 1621 1595 enim

47 1605 159 1672 ipse
187 1615 375 1664 tantus
412 1626 477 1666 ac
523 1614 648 1670 talis
692 1617 986 1687 Apostolus
1021 1629 1404 1685 auctoritatem
1448 1635 1622 1689 dicto-

43 1712 157 1752 rum
183 1715 410 1758 suorum
442 1707 687 1765 sufﬁcere
721 1727 879 1780 posse
909 1732 1014 1771 non
1053 1720 1253 1788 credit,
1290 1725 1393 1779 nisi
1427 1725 1625 1784 doceat

43 1792 92 1845 in
158 1791 306 1863 Lege
363 1806 418 1851 et
479 1797 770 1870 Prophetis
832 1807 1039 1877 scripta
1101 1826 1224 1868 esse
1285 1829 1408 1884 qua:
1465 1819 1617 1884 dicit,

42 1893 243 1950 quanto
282 1887 451 1956 magis
483 1904 582 1943 nos
615 1891 824 1947 minimi
859 1895 960 1952 hoc
987 1899 1286 1959 observare
1327 1908 1612 1976 debemus,

46 1983 232 2028 utnon
269 1984 486 2032 nostras
535 1995 656 2036 cum
702 1985 984 2055 docemus,
1029 1995 1125 2048 sed
1171 2000 1344 2052 sancti
1379 2001 1619 2070 Spiritus

45 2067 344 2146 sententias
365 2070 753 2139 proferamus?
789 2076 925 2134 lllud
962 2085 1127 2140 etiam
1160 2067 1470 2149 necessario
1515 2099 1607 2152 du-

43 2160 210 2216 cimus
237 2165 661 2233 admonendum,
695 2172 841 2238 quod
878 2174 932 2229 in
970 2182 1251 2238 nonnullis
1295 2183 1616 2245 Latinorum

43 2265 99 2303 ea
135 2267 260 2320 qua:
289 2257 696 2330 subsequuntur
741 2270 1052 2328 testimonia
1095 2275 1149 2329 in
1197 2281 1358 2333 tertio
1403 2280 1618 2336 decimo

49 2345 253 2410 psalmo
293 2365 692 2424 consequenter
728 2377 794 2416 ex
848 2365 1064 2436 integro
1100 2369 1273 2436 posita
1324 2372 1618 2428 inveniun—

47 2448 159 2504 tur;
192 2438 248 2493 in
289 2441 494 2500 Grarcis
532 2459 713 2506 autem
759 2471 898 2524 pene
942 2459 1195 2516 omnibus
1243 2478 1352 2517 non
1386 2466 1620 2532 amplius

48 2526 92 2578 in
117 2529 331 2585 decimo
357 2536 520 2589 tertio
541 2541 773 2608 psalmo,
799 2561 1150 2620 quantusque
1179 2552 1244 2605 ad
1274 2554 1425 2608 illum
1455 2558 1619 2611 versi-

47 2621 240 2718 culum,
295 2626 386 2680 ubi
429 2628 544 2700 (10)
571 2635 834 2704 scriptum
858 2652 936 2694 εει
967 2660 980 2696 :
1020 2660 1039 2694 ι
1075 2642 1189 2698 Non
1220 2657 1302 2701 est
1329 2649 1420 2718 qui
1453 2649 1618 2706 faciat

45 2711 258 2808 bonum,
290 2733 396 2774 non
421 2732 506 2776 est
534 2739 704 2795 usque
724 2729 789 2781 ad
809 2747 997 2788 unum.
1035 2752 1054 2785 ι
1090 2735 1196 2790 Sed
1228 2747 1282 2792 et
1315 2711 1459 2808 quod
1478 2743 1617 2799 dixit

45 2804 327 2870 Apostolus
375 2829 388 2865 :
441 2832 461 2865 ι
513 2813 668 2870 Sicut
709 2820 978 2889 scriptum
1027 2834 1108 2880 est
1153 2846 1166 2882 :
1202 2804 1348 2893 Quia
1383 2846 1486 2886 non
1530 2845 1615 2890 est

41 2894 208 2963 justus
231 2899 522 2971 quisquam
563 2924 574 2958 :
603 2924 708 2962 non
725 2913 1154 2984 estintelligens,
1178 2934 1282 2972 non
1315 2933 1402 2976 est
1430 2925 1615 2993 requi-

46 3003 157 3043 rens
189 2989 355 3062 505
397 2994 586 3060 Deum,
619 3017 637 3050 ι
680 3017 784 3054 ιιοιι
811 3003 1016 3060 eisdem
1063 3011 1411 3067 sermonibus
1461 3015 1616 3070 inve-

47 3081 176 3136 nitur
212 3086 270 3137 in
315 3087 557 3155 psalmo,
602 3091 694 3145 sed
736 3093 826 3146 alii
879 3111 1281 3166 permutantur,
1332 3104 1424 3158 alii
1457 3120 1616 3160 assu-

46 3183 280 3241 muntur,
315 3177 406 3230 alii
457 3179 860 3248 relinquuntur.
898 3185 1052 3252 Quod
1097 3191 1165 3244 ab
1197 3193 1460 3250 studiosis
1489 3196 1612 3266 qui-

46 3261 242 3332 busque
271 3267 315 3320 si
353 3269 678 3324 observetur
709 3272 1050 3344 diligentius,
1088 3289 1217 3347 puto
1257 3283 1372 3336 dari
1423 3285 1474 3338 in
1508 3261 1612 3341 hoc

46 3354 388 3420 apostolicam
429 3360 842 3428 auctoritatem,
886 3375 943 3418 ut
972 3383 1098 3420 cum
1129 3369 1428 3438 Scriptura:
1463 3377 1614 3431 testi-

46 3446 230 3500 moniis
268 3452 528 3503 utendum
561 3450 743 3519 fuerit,
771 3470 992 3510 sensum
1025 3462 1196 3531 magis
1223 3478 1288 3516 ex
1320 3481 1403 3530 ea,
1445 3483 1610 3535 quant

43 3539 186 3591 verba
220 3541 525 3608 capiamus.
562 3542 675 3598 Hoc
709 3548 854 3600 enim
889 3559 942 3602 et
969 3549 1022 3604 in
1061 3551 1371 3623 Evangeliis
1402 3556 1608 3612 factum

44 3626 348 3697 frequenter
376 3632 642 3689 invenies.
668 3635 721 3690 In
762 3639 920 3692 tertio
962 3643 1173 3699 decimo
1207 3647 1374 3716 igitur
1403 3651 1612 3716 psalmo

44 3716 102 3770 ita
129 3721 395 3790 scriptum
434 3732 558 3797 est:
610 3744 629 3777 ι
663 3723 928 3784 Dominus
960 3732 1026 3785 de
1056 3735 1194 3788 coelo
1239 3741 1478 3808 respexit
1514 3757 1610 3796 su-

45 3826 123 3878 per
151 3814 296 3868 tilios
340 3815 650 3885 hominum,
682 3829 740 3872 ut
770 3821 978 3878 videret
1028 3825 1073 3878 si
1116 3838 1201 3881 est
1253 3828 1565 3901 intelligens
1590 3875 1609 3899 ,

43 3913 120 3956 aut
145 3906 432 3974 requirens
469 3906 658 3964 Deum.
690 3930 711 3963 ι
764 3912 872 3969 Sed
918 3917 968 3970 in
1010 3919 1467 3990 quinquagesimo
1519 3940 1609 3979 se-

44 3997 201 4048 tuudo
251 3996 464 4066 psalmo
499 3998 576 4053 ita
613 4001 745 4057 dicit
779 4021 794 4058 :
833 4022 852 4057 (
889 4007 1029 4062 Deus
1067 4010 1134 4064 de
1184 4012 1324 4066 coelo
1369 4017 1610 4082 respexit

45 4100 184 4154 soper
214 4088 359 4144 ﬁlios
389 4091 695 4158 hominum,
731 4105 790 4150 ut
825 4099 1038 4155 videret
1073 4103 1117 4156 si
1149 4114 1234 4158 est
1278 4103 1607 4174 intelligens,

45 4189 119 4231 aut
147 4182 436 4249 requirens
469 4185 656 4240 Deum.
680 4208 698 4240 ι
738 4188 804 4243 Et
834 4192 1051 4247 videtur
1075 4195 1215 4248 idem
1245 4199 1455 4250 servari
1481 4213 1608 4253 sen-

44 4288 118 4328 sus
137 4277 303 4330 etiam
347 4277 401 4330 in
441 4294 507 4332 eo
550 4284 693 4349 quod
740 4283 1036 4352 Apostolus
1065 4287 1278 4356 posuit:
1317 4305 1334 4336 ι
1372 4285 1609 4342 Non.est

46 4365 357 4440 intelligens,
381 4387 488 4426 non
523 4381 608 4426 est
634 4377 918 4445 requirens
944 4379 1112 4434 Deum
1144 4379 1243 4432 ⁸².»
1265 4378 1332 4433 Ει
1360 4382 1504 4450 quod
1528 4381 1610 4435 di-

45 4461 138 4515 xit:
169 4482 186 4515 ι
221 4465 343 4521 Non
383 4468 670 4536 estjustus
709 4472 996 4541 quisquam
1026 4472 1096 4535 ³³,
1123 4491 1141 4524 ι
1188 4484 1318 4542 puto
1347 4474 1491 4543 quod
1537 4488 1606 4528 ex

1729 631 2088 690 assumptum,
2117 624 2444 691 immutatis,
2473 636 2530 682 ut
2554 643 2717 699 supra
2752 631 3014 698 diximus,
3041 641 3310 695 sermoni-

1723 711 1850 777 bus,
1885 724 2038 782 puto.
2071 713 2225 780 Quod
2259 729 2441 773 autem
2472 722 2762 788 sequitur:
2785 743 2804 776 ι
2841 724 3080 791 Quorum
3109 744 3170 784 os
3194 747 3313 786 ma-

1726 803 2034 874 ledictione,
2075 817 2130 863 et
2157 810 2526 866 amaritudine
2555 813 2774 880 plenum
2811 827 2894 872 est
2918 819 2984 884 ³⁷,
3013 839 3033 872 ι
3069 835 3134 875 ex
3165 837 3310 879 nono

1725 896 1938 965 psalmo
1961 898 2176 954 videtur
2214 911 2520 968 acceptum.
2554 902 2690 958 Tum
2738 906 2979 964 deinde:
3017 928 3038 962 ι
3083 910 3311 971 Veloces

1723 988 1891 1055 pedes
1926 1004 2115 1044 eorum
2171 992 2238 1045 ad
2275 991 2658 1049 eﬂ'undendum
2689 999 3031 1069 sanguinem,
3067 1019 3086 1053 ι
3140 1003 3224 1058 vel
3253 1005 3308 1059 in

1724 1078 1863 1135 Isaia
1895 1083 2160 1148 invenies,
2193 1085 2276 1139 vel
2307 1086 2359 1140 in
2394 1085 2707 1144 Proverbiis
2740 1089 2806 1144 ³⁸.
2851 1089 2958 1147 Sed
2999 1102 3075 1158 et,
3111 1113 3131 1146 ι
3161 1095 3305 1151 Cons

1727 1173 1878 1228 tritio
1902 1185 1953 1226 et
1990 1174 2282 1231 infelicitas
2306 1177 2358 1231 in
2384 1177 2489 1234 viis
2510 1193 2722 1246 eorum,
2752 1191 2806 1236 et
2835 1182 2978 1236 viam
3006 1186 3156 1252 pacis
3199 1202 3309 1244 non

1724 1277 2095 1336 cognoverunt
2125 1268 2193 1333 ³⁸,
2227 1288 2248 1322 ι
2287 1285 2391 1323 non
2417 1271 2634 1338 quidem
2685 1274 2751 1326 ad
2790 1273 3062 1342 integrum
3116 1293 3306 1333 recor-

1725 1357 1826 1411 dor
1853 1358 1941 1412 ubi
1975 1359 2235 1426 scriptum
2267 1360 2338 1415 sit
2368 1376 2382 1412 :
2419 1363 2666 1429 suspicor
2698 1373 2874 1419 tamen
2920 1368 2973 1421 in
3019 1383 3127 1424 uno
3175 1384 3306 1438 pro-

1725 1447 2010 1516 phetarum
2037 1449 2263 1505 inveniri
2293 1466 2472 1520 posse.
2497 1453 2552 1508 In
2577 1452 2810 1509 Psalmis
2832 1463 3012 1511 autem
3042 1458 3304 1528 scriptum

1723 1553 1806 1596 est
1837 1541 1924 1596 ‘°:
1963 1563 1982 1595 ι
2015 1543 2128 1599 Νοη
2159 1555 2244 1600 est
2275 1547 2440 1602 timor
2486 1548 2579 1604 Dei
2630 1560 2757 1604 ante
2801 1551 2985 1606 oculos
3031 1566 3243 1607 eorum.
3279 1571 3300 1605 ι

1726 1631 1851 1687 Hzec
1886 1644 2069 1688 autem
2118 1638 2301 1691 omnia
2357 1640 2667 1694 testimonia
2716 1641 2934 1696 videtur
2966 1657 3306 1716 congregare

1723 1726 1960 1780 voluisse
1988 1729 2056 1780 ob
2093 1728 2217 1793 hoc,
2256 1741 2314 1782 ut
2344 1732 2688 1796 ostenderet,
2718 1733 2842 1801 quia
2880 1736 3025 1802 quod
3049 1747 3306 1791 causatur

1730 1835 1749 1868 ι
1789 1817 2003 1874 Judznos
2029 1830 2080 1874 et
2117 1821 2338 1875 Graecos
2375 1837 2566 1878 omnes
2614 1823 2716 1879 sub
2767 1837 2991 1892 peccato
3021 1841 3141 1882 esse
3170 1827 3238 1895 “,
3277 1849 3298 1884 ο

1724 1926 1832 1964 non
1870 1919 1978 1964 tam
2004 1926 2184 1976 suam,
2211 1927 2374 1981 quam
2406 1926 2613 1968 sancta:
2647 1913 2946 1986 Scriptura:
2973 1920 3304 1976 sententiam

1725 2000 2061 2068 pronuntiat.
2085 1998 2190 2054 Sed
2215 2003 2560 2072 requiramus
2590 2005 2716 2074 quid
2747 2018 2832 2062 est
2866 2007 2968 2062 hoc
2992 2009 3166 2078 ipsum
3188 2013 3306 2084 (15)

1723 2090 1824 2143 sub
1863 2097 2089 2158 peccato
2111 2105 2235 2144 esse
2266 2113 2278 2146 :
2313 2092 2430 2148 sine
2447 2096 2773 2165 exceptione
2802 2099 2946 2152 enim
2979 2114 3160 2158 sermo
3187 2102 3306 2170 ejus

1722 2195 1933 2242 omnes,
1965 2180 2081 2236 sive
2121 2180 2293 2237 Judaei
2341 2183 2472 2248 sint,
2506 2186 2622 2240 sive
2651 2187 2904 2257 gentiles,
2955 2191 3174 2247 videtur
3223 2195 3307 2249 in-

1721 2271 1960 2326 volvere.
2001 2271 2105 2326 Sed
2138 2274 2384 2330 occurrit
2418 2277 2576 2332 nobis
2630 2279 2735 2333 alia
2784 2280 2954 2349 ipsius
3006 2287 3303 2354 sententia,

1721 2367 1828 2434 qua
1861 2364 2028 2418 dicit:
2072 2383 2091 2416 ι
2126 2363 2230 2419 Ubi
2260 2376 2440 2421 autem
2477 2383 2584 2422 non
2617 2379 2700 2424 est
2731 2369 2841 2436 lex,
2891 2387 2991 2428 nec
3044 2379 3307 2442 praevari-

1721 2456 1870 2510 catio
1893 2456 1962 2510 “.
1997 2475 2017 2509 ›
2051 2459 2205 2528 Apud
2231 2456 2448 2515 Judazos
2478 2461 2700 2528 quidem
2749 2463 2923 2534 legem
2976 2464 3145 2538 Moysi
3183 2483 3306 2525 esse

1721 2547 2070 2602 manifestum
2099 2557 2222 2603 est:
2258 2551 2400 2619 apud
2427 2552 2665 2620 gentiles
2709 2569 2838 2609 vero
2886 2555 3061 2624 legem
3095 2570 3306 2616 natura:

1719 2651 1841 2692 esse
1869 2638 2158 2692 conlirmat
2213 2638 2350 2711 (14),
2411 2657 2533 2710 quae
2588 2644 2904 2700 testimonio
2951 2649 3303 2707 conscientiae

1719 2740 1914 2800 arguat
1945 2729 2372 2799 delinquentem.
2409 2731 2510 2788 Ubi
2545 2751 2678 2805 ergo
2707 2739 3004 2806 qumrimus
3026 2742 3302 2798 hominem

1719 2819 1771 2874 in
1807 2836 1914 2888 quo
1941 2836 2050 2875 non
2091 2821 2164 2876 sit
2192 2822 2296 2886 lex,
2331 2832 2386 2879 et
2413 2825 2505 2893 qui
2529 2839 2627 2895 per
2652 2828 2753 2882 hoc
2787 2843 2894 2883 non
2917 2830 3167 2886 videatur
3181 2848 3304 2889 esse

1717 2911 1772 2964 in
1804 2913 2257 2982 praevaricatione
2291 2916 2526 2985 peccati,
2569 2916 2698 2985 quia
2729 2927 2782 2973 et
2820 2920 2936 2989 ipse
2984 2921 3186 2977 Paulus
3233 2925 3303 2979 de

1719 3003 2017 3073 semetipso
2047 3003 2224 3059 dicit:
2284 3023 2303 3057 ι
2339 3005 2454 3074 Ego
2488 3018 2668 3061 autem
2714 3009 2970 3064 vivebam
3019 3011 3139 3065 sine
3185 3010 3302 3080 lege

1715 3092 2140 3164 aliquando“?i
2165 3095 2397 3162 Quando
2426 3095 2626 3153 Paulus
2673 3099 2790 3154 sine
2840 3099 2956 3169 lege
2995 3101 3154 3166 vixit,
3203 3103 3298 3172 qui

1720 3201 1937 3240 rursum
1971 3186 2039 3241 de
2064 3188 2360 3258 semetipso
2405 3189 2580 3245 dicit:
2617 3208 2636 3240 α
2683 3191 3055 3248 Circumcisus
3102 3205 3296 3250 octava

1715 3277 1804 3332 die
1832 3277 1948 3348 (15)
1984 3277 2250 3333 Hebraeus
2277 3293 2345 3332 ex
2373 3278 2615 3336 Hebraeis
2637 3280 2721 3335 “7
2751 3300 2770 3334 ο
2827 3282 3113 3349 Quomodo
3162 3300 3296 3356 ergo

1712 3385 1903 3426 verum
1927 3370 2034 3426 erit
2061 3387 2184 3426 eum
2224 3371 2516 3441 aliquando
2541 3373 2658 3428 sine
2688 3374 2804 3446 lege
2833 3377 3059 3445 vixisse,
3084 3380 3174 3448 qui
3205 3395 3300 3434 oc-

1717 3472 1836 3515 tava
1867 3463 1956 3518 die
1983 3461 2096 3533 (16)
2123 3463 2424 3519 nativitatis
2448 3479 2559 3520 sua:
2591 3467 2801 3536 signum
2857 3469 3296 3525 circutncisionis

1711 3569 1778 3609 ex
1809 3554 1924 3623 lege
1952 3555 2229 3626 suscepit?
2261 3554 2415 3612 Unde
2433 3567 2658 3634 constat
2692 3567 2819 3615 tunc
2852 3559 2969 3615 ﬁeri
3019 3561 3297 3619 hominem

1711 3647 1812 3700 sub
1851 3647 1992 3717 lege,
2025 3649 2243 3717 quando
2275 3651 2343 3704 ad
2375 3651 2427 3704 id
2472 3653 2651 3705 artatis
2697 3653 2930 3719 venerit,
2986 3664 3044 3708 ut
3091 3655 3296 3725 eligere

1710 3737 1904 3805 possit,
1939 3749 1994 3792 et
2022 3739 2335 3796 discernere
2361 3739 2490 3808 quid
2514 3741 2585 3794 sit
2632 3740 2715 3795 lex
2745 3757 2760 3795 :
2809 3759 2909 3798 nec
2953 3747 3104 3813 prius
3161 3745 3300 3814 legis

1712 3827 1856 3882 illius
1882 3828 2227 3885 extrinsecus
2248 3829 2440 3901 jugum
2479 3831 2782 3900 suscipere,
2828 3850 2991 3903 quam
3042 3836 3294 3903 internae,

1709 3928 1764 3971 et
1794 3918 2062 3975 naturalis
2111 3919 2248 3990 legis
2294 3921 2496 3977 habere
2548 3922 2774 3990 incipiat
2802 3923 2917 3992 (l7)
2949 3924 3291 3980 ﬁrmitatem.

1710 4009 1954 4080 Denique
1989 4010 2043 4066 in
2075 4025 2140 4065 eo
2171 4011 2291 4067 loco
2317 4013 2409 4068 ubi
2434 4013 2610 4070 dixit:
2649 4033 2668 4065 ι
2692 4014 2803 4085 Ego
2828 4025 3006 4069 autem
3045 4017 3292 4072 vivebam

1708 4102 1830 4154 sine
1879 4101 1998 4173 lege
2048 4101 2366 4170 aliquando,
2398 4123 2418 4156 ι
2464 4105 2716 4159 addidit:
2782 4124 2801 4158 ι
2835 4107 2942 4160 Sed
2999 4108 3087 4160 ubi
3144 4110 3294 4163 venit

1709 4194 2047 4257 mandatum,
2079 4203 2364 4262 peccatum
2390 4195 2586 4248 revixit
2609 4195 2678 4249 “.
2703 4214 2722 4248 ι
2771 4195 2826 4250 In
2862 4211 2969 4266 quo
3020 4197 3123 4251 hoc
3172 4199 3294 4268 qui-

1709 4284 1833 4338 dem
1868 4285 2130 4349 ostendit,
2165 4286 2289 4354 quia
2331 4286 2386 4340 in
2422 4287 2654 4356 pueritia
2691 4288 2843 4355 prius
2872 4303 3033 4358 quam
3090 4289 3294 4343 discre-

1710 4376 1912 4430 tionem
1939 4378 2064 4448 quis
2092 4378 2293 4432 habeat
2325 4377 2453 4432 boni
2482 4390 2535 4432 et
2576 4379 2726 4444 mali,
2759 4381 2876 4434 sine
2906 4379 3023 4450 lege
3056 4397 3176 4436 esse
3205 4384 3291 4436 di-

1707 4469 1887 4532 citur;
1923 4484 2046 4522 cum
2082 4469 2247 4523 etiam
2281 4469 2326 4523 si
2359 4481 2576 4538 peccat,
2608 4472 2733 4540 quia
2761 4470 2846 4525 lex
2884 4472 2937 4527 in
2959 4488 3024 4527 eo
3051 4489 3156 4528 non
3184 4486 3287 4538 est,

45 4565 96 4604 eo
136 4560 431 4625 sumpserit
460 4561 604 4627 quod
650 4562 919 4632 scriptum
958 4574 1042 4617 est
1070 4563 1150 4617 “:
1190 4583 1210 4616 ε
1240 4563 1356 4618 Non
1391 4574 1474 4620 est
1509 4566 1601 4634 qui
1633 4563 1678 4618 D
1710 4569 1992 4626 peccatum
2035 4560 2084 4613 ei
2121 4575 2226 4613 non
2276 4560 2576 4629 imputatur
2604 4561 2671 4614 “.
2721 4562 2856 4615 Cum
2909 4579 3040 4617 vero
3083 4564 3290 4618 discre-

46 4644 185 4700 Iaciat
219 4650 545 4717 bonitatem,
578 4669 686 4708 non
721 4664 804 4709 est
832 4671 1006 4724 usque
1032 4658 1098 4710 ad
1130 4672 1298 4710 unum
1329 4657 1474 4727 (ll);
1502 4678 1520 4709 ι
1550 4657 1602 4711 in

46 4750 132 4804 quo
162 4744 327 4795 etiam
365 4745 408 4797 si
433 4759 618 4800 sermo
651 4749 896 4800 converti
932 4748 1168 4814 videtur,
1199 4762 1391 4803 sensus
1424 4759 1604 4804 tamen

47 4843 162 4886 unus
190 4835 446 4905 idemque
477 4847 750 4893 servatur.
794 4839 948 4905 Quod
984 4854 1113 4894 vero
1145 4839 1198 4893 in
1256 4856 1604 4910 consequen-

48 4921 168 4978 tibus
214 4928 453 4982 dicitur:
499 4946 517 4979 ι
557 4928 882 4999 Sepulcrum
929 4942 1122 5000 patens
1152 4943 1237 4987 est
1273 4944 1460 5003 guttur
1503 4949 1601 4989 (ιο-ι

49 5027 164 5081 rum,
195 5018 393 5090 linguis
423 5021 538 5075 suis
569 5024 757 5078 dolose
784 5026 1026 5094 agebant
1057 5025 1222 5089 ",iin
1264 5026 1454 5094 quinto
1485 5025 1600 5100 (12)

47 5109 226 5168 psalmo
255 5115 514 5184 reperies.
544 5114 676 5170 Post
700 5117 800 5173 hoc
827 5140 840 5173 :
870 5136 889 5170 ι
922 5116 1198 5172 Venenum
1225 5119 1472 5188 aspidum
1498 5119 1600 5174 sub

103 5247 316 5305 "Rom.
354 5269 417 5318 ll,
446 5253 530 5308 ΓΙ.
610 5254 656 5286 ³ο
682 5252 810 5308 ibid.
835 5255 927 5309 2L

53 5330 118 5388 tu,
146 5321 236 5388 l5;
264 5323 403 5378 Psal.
438 5324 596 5386 v.11.

1013 5255 1055 5287 ³¹
1088 5253 1246 5309 Rom.
1274 5271 1357 5320 ιιι,
1389 5255 1443 5310 9.

51 5468 109 5522 tv,
134 5462 212 5516 l5.
287 5464 333 5495 ⁸³
362 5464 518 5519 Rom.
547 5481 644 5530 ut,
671 5466 724 5521 9.

32 5609 40 5618 .
108 5571 205 5640 (l0)
242 5575 360 5630 Ubi.
394 5579 452 5632 In
482 5579 641 5634 editis
666 5581 958 5635 omittitur.

107 5645 206 5722 (ll)
237 5648 426 5722 Editiu
459 5664 563 5702 non
593 5663 876 5722 estusque
904 5653 970 5706 ad
1015 5668 1182 5707 unum
1215 5653 1306 5722 qui
1347 5651 1534 5708 faciat.
1571 5669 1590 5704 ι

107 5715 207 5778 (1’2)
235 5719 343 5780 AL,
386 5738 404 5769 ι
443 5722 696 5774 secundo.
728 5740 745 5770 ι

247 5790 409 5865 κιιίιι,
441 5807 468 5865 3
505 5791 877 5865 relinquamns
905 5791 1120 5859 quidem
1155 5793 1259 5849 hoc
1283 5795 1517 5865 ipsum.»

109 5856 210 5923 (ιιι)
242 5860 348 5926 AL,
383 5881 399 5911 ι
433 5859 608 5914 linunt
643 5863 738 5930 (al.
772 5856 1027 5933 alﬁrniat)
1051 5878 1182 5933 quo.
1214 5883 1231 5916 ι

1527 5254 1575 5286 ³·
1606 5253 1764 5306 Rom.
1799 5267 1891 5316 ιιι,
1923 5251 2016 5305 Η.

674 5325 720 5407 1‘
746 5325 873 5380 ibid.
899 5335 955 5379 et
975 5325 1364 5407 ηερμριιιιικ,
1499 5325 1574 5407 ﬁ"
1611 5323 1676 5407 Ιξξ

1743 5345 1770 5376 τ.
1799 5337 1883 5407 ut,
1914 5321 2012 5385 M;
2049 5320 2306 5407 Pnsalz‘tx,
2343 5320 2434 5407 7.“
2472 5320 2806 5407 'f_Rom..£t.n;

49 5384 268 5450 7;Prov.
322 5410 398 5454 vi,
438 5384 524 5449 18.
599 5394 643 5427 ³⁹
673 5394 828 5448 Rom.
874 5411 954 5458 ιιι,
976 5384 1091 5461 ’ίϐς
1123 5396 1246 5450 lsai.
1277 5384 1386 5454 Litt.
1414 5397 1469 5456 7,
1497 5395 1553 5450 8.
1628 5395 1673 5426 ⁸ο

1743 5393 1846 5446 ‘sal.
1871 5384 2044 5452 xxxv.
2078 5392 2140 5457 2;
2178 5384 2336 5445 Rom.
2375 5390 2572 5456 "1,17.
2647 5388 2690 5420 ⁶¹
2719 5390 2855 5442 ibi'd.
2894 5389 2949 5445 9.

803 5464 848 5497 “
875 5464 1072 5536 Philip.
1105 5481 1188 5532 nt,
1223 5467 1279 5522 5.
1354 5467 1398 5499 “
1427 5467 1584 5521 Rom.
1617 5480 1712 5531 vn,
1740 5463 1794 5518 9.
1871 5462 1916 5493 “
1945 5462 2102 5518 Rom.
2128 5477 2183 5525 v,
2210 5461 2296 5515 15.

1715 4653 1916 4706 tionem
1955 4651 2079 4704 boni
2114 4652 2354 4720 malique
2387 4653 2684 4720 acceperit,
2723 4655 2940 4708 venisse
2985 4655 3034 4708 ei
3088 4656 3289 4709 dicitur

1710 4743 1824 4807 lex,
1864 4751 1918 4797 et
1946 4742 2162 4797 dedisse
2189 4744 2465 4796 mandata.
2506 4741 2607 4798 Ubi
2639 4754 2816 4798 autem
2849 4746 2989 4799 inest
3018 4745 3096 4798 vis
3136 4761 3287 4797 man-

1709 4835 1855 4895 dati,
1888 4834 1993 4889 hoc
2031 4843 2148 4900 est,
2199 4833 2537 4890 conscientia
2577 4841 2931 4905 redargueus,
2976 4847 3282 4905 peccatum,

1710 4928 1852 4995 quod
1904 4928 2055 4998 prius
2086 4928 2138 4982 in
2168 4941 2234 4983 eo
2269 4939 2541 4984 mortuum
2579 4938 2718 4992 erat,
2764 4927 2966 4982 dicitur
3000 4928 3281 4985 revixisse.

1711 5019 1789 5072 Ex
1839 5019 1942 5074 hoc
1989 5033 2119 5088 ergo
2148 5017 2262 5088 jam
2314 5029 2558 5089 tempore
2587 5021 2630 5072 si
2665 5022 2785 5088 quis
2831 5018 3028 5072 subdat
3067 5033 3127 5072 se
3177 5021 3281 5088 legi

1709 5111 1903 5183 Moysi,
1923 5121 1986 5167 ut
2010 5126 2132 5166 eam
2155 5110 2450 5168 secundum
2481 5110 2717 5166 litteram
2749 5110 3020 5174 observet,
3053 5108 3282 5168 etlicitur

2091 5250 2140 5284 ³³
2183 5249 2313 5304 ibid.
2347 5247 2434 5303 l9.
2511 5248 2561 5282 ”
2585 5248 2728 5303 Psal.
2753 5263 2875 5310 xm,
2906 5247 2961 5301 2.
3043 5247 3087 5280 ³⁸
3120 5247 3280 5305 Rem.

2472 5319 2518 5350 ⁸⁸
2543 5319 2701 5372 Rom.
2737 5335 2819 5381 ιιι,
2871 5318 2972 5383 l5;
3010 5317 3130 5372 Isai.
3167 5334 3285 5382 Lux,

2483 5390 2572 5443 17.
2647 5388 2690 5420 ⁶¹
2719 5390 2855 5442 ibi'd.
2894 5389 2949 5443 9.
3041 5389 3086 5421 "
3118 5389 3278 5443 Boni.

3167 5407 3278 5443 Olll.

1778 5579 1889 5652 (15‘.
1924 5580 2015 5634 Sic
2043 5593 2176 5652 mss.
2212 5577 2324 5632 fere
2354 5591 2565 5652 omnes.
2601 5575 2986 5652 Quidam‘ve‘ro
3016 5592 3138 5630 cum
3162 5575 3276 5631 edi-

1708 5646 1797 5716 tis,
1829 5671 1846 5700 ‹
1873 5649 2340 5703 circumcisionem
2377 5650 2559 5716 accepi
2601 5649 2778 5702 octavi
2818 5646 2947 5715 diei,
2983 5665 3002 5698 ι
3029 5658 3131 5702 etc.

1777 5721 1887 5789 (l6)
1918 5720 2032 5773 Die.
2065 5719 2223 5772 Deest
2260 5719 2310 5770 in
2343 5729 2497 5770 antea
2527 5719 2707 5774 editis.

1777 5788 1890 5861 (l7)
1923 5792 2031 5857 AL,
2065 5807 2082 5840 ι
2120 5788 2401 5857 inciperet.
2433 5805 2452 5840 ι
