3784 6518
515 326 573 379 31
1675 376 1680 378 .
1941 326 2025 383 OB

2178 324 2265 382 ilS

3647 323 3740 378 953

482 440 534 491 iu
572 439 865 497 manifesto
893 441 1112 500 Judaatts
1141 443 1206 500 ".
1234 443 1292 500 Si
1321 458 1453 502 vero
1482 444 1781 500 secundum
1813 443 2066 514 spiritum
2100 448 2141 503 A
2175 443 2320 494 niam
2357 448 2408 494 ιιι
2441 437 2648 494 scelera
2675 436 2845 493 multa
2875 437 3282 504 οοῐηῐηὶιιῑείθῑ
3307 435 3442 491 lana
3489 446 3743 508 suntquae

479 545 601 584 eam
627 541 910 602 sequatur,
941 534 1182 590 elﬁcitur
1216 535 1268 590 in
1302 536 1523 591 occulto
1545 533 1780 590 Judteus.
1812 535 1938 590 lltec
1963 551 2064 605 pro

479 636 544 675 eo
561 624 704 692 quod
731 624 938 679 dictum
961 634 1081 680 est:
1103 645 1120 678 ι
1143 625 1366 681 Causati
1385 625 1530 680 enim
1565 641 1750 680 sumus
1770 623 1987 680 Iudaeos
2012 635 2062 682 et

479 711 702 769 Grzrcos
731 730 922 772 omnes
953 719 1058 774 sub
1093 725 1318 787 peccato
1349 733 1469 772 esse
1491 717 1558 772 ⁸⁸.
1585 737 1604 770 ι
1642 717 1866 773 Scilicet
1906 735 1925 769 ι
1948 733 2067 773 om-

379 856 392 870 .
479 818 577 857 nes
610 822 628 855 ι
666 804 1008 876 intelligatur
1040 810 1109 863 de
1141 807 1250 863 illis
1281 809 1510 875 dictum,
1540 823 1679 878 quos
1713 808 1797 864 vel
1831 808 2062 863 naturali

477 895 563 950 vel
591 896 794 966 scripta
826 898 944 968 lege
968 915 1033 954 ne
1058 909 1286 969 peccent
1309 910 1524 956 constat
1553 903 1792 956 edoceri.
1845 900 1980 956 Nam
2011 913 2067 957 et

478 989 546 1041 de
570 991 820 1058 gentibus
845 993 946 1047 sub
978 1003 1203 1062 peccato
1236 993 1396 1048 lactis
1428 995 1616 1048 eodem
1647 995 1810 1049 modo
1859 995 2064 1049 intelli-

479 1080 656 1145 gimus
687 1096 793 1149 quo
829 1097 995 1152 supra
1025 1085 1294 1139 diximus:
1329 1101 1454 1140 eum
1483 1086 1755 1156 coeperint
1800 1087 2066 1142 naturali-

479 1181 565 1226 ter
589 1188 710 1242 qua-
741 1174 873 1245 legis
898 1185 1026 1230 sunt
1054 1177 1238 1234 facere
1259 1179 1326 1244 ⁸⁸,
1349 1191 1404 1234 et
1431 1179 1529 1250 ipsi
1554 1179 1655 1235 sibi
1677 1193 1796 1234 esse
1818 1179 1926 1244 lex,
1954 1188 2065 1234 tum

478 1259 888 1330 redarguuntur
933 1278 962 1317 a
1000 1266 1333 1321 conscientia
1377 1269 1430 1322 in
1461 1269 1546 1323 his
1592 1284 1716 1337 quae
1765 1281 1954 1323 contra
1992 1269 2068 1324 le-

478 1363 600 1417 gem
635 1349 815 1406 facere
848 1352 1120 1408 videntur.
1158 1354 1386 1427 Propter
1409 1360 1553 1427 quod
1585 1368 1639 1414 et
1662 1370 2068 1430 consequenter

480 1443 611 1497 mihi
647 1445 905 1500 videntur
935 1462 1065 1502 vere
1103 1450 1344 1507 sensisse
1377 1452 1456 1516 hi,
1499 1452 1590 1521 qui
1635 1451 1808 1522 legem
1859 1464 2068 1509 naturae

476 1531 648 1600 legem
685 1533 780 1588 Dei
805 1536 1021 1602 dicunt,
1055 1537 1226 1607 legem
1278 1549 1461 1594 autem
1519 1541 1688 1612 Moysi
1727 1543 1898 1613 legem
1929 1545 2066 1600 scri-

475 1631 623 1692 ptam
658 1627 934 1697 appellant
959 1627 1097 1698 (18).
1136 1629 1192 1685 Si
1225 1645 1357 1701 ergo
1383 1631 1585 1686 Paulus
1602 1635 1668 1688 de
1689 1634 1807 1704 lege
1835 1636 2068 1706 scripta,

480 1717 580 1771 hoc
607 1728 691 1772 est
724 1719 792 1774 de
832 1718 949 1790 lege
972 1719 1165 1791 Moysi,
1201 1721 1452 1778 diceret:
1494 1742 1513 1776 t
1555 1724 1846 1780 Peccatum
1881 1737 2063 1782 autem

2167 531 2305 601 agis,
2335 541 2392 586 ut
2426 546 2617 586 omnes
2639 531 3077 601 supergrediaris
3104 533 3158 585 in
3191 527 3578 598 magnitudine
3622 544 3738 598 pec-

2166 632 2434 685 catorum,
2465 622 2530 676 ad
2562 622 3025 691 comparationem
3061 620 3337 676 scelerum
3385 631 3604 673 tuorum
3635 618 3737 687 iam

2167 711 2402 767 Sodoma
2435 711 2731 781 iustiﬁcata
2784 721 2890 767 est.
2945 711 3014 766 Et
3057 711 3147 766 hic
3197 725 3331 782 ergo
3393 711 3544 780 quod
3580 710 3737 764 dixit:

2171 823 2190 858 ι
2221 803 2335 859 Non
2365 803 2758 876 iustiﬁcabitur
2788 803 2842 856 in
2874 812 3165 872 conspectu
3192 811 3285 856 tuo
3309 801 3497 855 omnis
3516 800 3734 862 νίκης.»

2167 912 2270 951 non
2302 896 2406 950 hoc
2437 895 2628 950 sentiri
2652 893 2823 949 voluit
2851 893 2993 963 quod
3021 908 3128 947 non
3153 891 3556 963 instiﬁcabitur
3582 894 3740 946 omnis

2166 990 2375 1055 vivens,
2404 990 2498 1043 sed
2539 1005 2559 1038 ι
2599 987 2651 1040 in
2679 996 2974 1057 conSpectu
3006 995 3120 1048 tuo,
3142 1003 3161 1036 ι
3196 985 3299 1038 hoc
3329 992 3418 1038 est
3498 983 3609 1048 Dei,
3647 999 3738 1037 non

2161 1077 2572 1148 iustiticabitur.
2605 1077 2974 1144 Quantumvis
3001 1077 3148 1134 enim
3184 1077 3308 1145 quis
3327 1075 3538 1144 iustus,
3580 1092 3739 1145 quan-

2167 1172 2365 1226 tumvis
2387 1179 2612 1226 sanctus
2635 1170 2724 1234 sit,
2775 1183 2880 1224 non
2931 1169 3108 1224 solum
3161 1167 3310 1223 inter
3341 1167 3622 1232 homines,
3653 1167 3739 1222 sed

2165 1275 2219 1318 et
2255 1264 2308 1318 in
2338 1263 2592 1334 supernis
2619 1274 2784 1333 atque
2816 1263 3275 1317 eminentioribus
3325 1260 3618 1326 creaturis,
3677 1261 3736 1314 ad

2165 1356 2634 1424 comparationem
2667 1353 2762 1409 Dei
2798 1363 3008 1409 certum
3039 1365 3120 1409 est
3154 1369 3276 1411 eum
3311 1352 3604 1424 iustiﬁcari
3645 1369 3738 1407 non

2168 1462 2350 1516 posse.
2396 1447 2641 1516 Denique
2675 1456 2729 1501 et
2764 1445 2816 1500 in
2850 1445 3172 1517 Apocalypsi
3211 1444 3445 1500 Joannis
3464 1443 3537 1509 ",
3568 1444 3654 1498 ubi
3684 1444 3739 1497 lio

2167 1541 2267 1595 ber
2300 1542 2551 1610 signatus
2583 1537 2811 1593 ull‘ertur
2851 1539 2902 1592 in
2935 1549 3228 1608 conspectu
3276 1538 3478 1593 vetusti
3519 1536 3736 1597 dierum,

2167 1643 2220 1685 et
2259 1631 2522 1701 qmeritttr
2547 1645 2613 1685 ex
2651 1631 2798 1684 omni
2841 1630 3011 1694 tribu,
3039 1630 3246 1700 lingua,
3281 1640 3337 1684 et
3374 1628 3608 1699 populis,
3655 1629 3737 1696 qui

2165 1738 2291 1778 eum
2319 1724 2488 1793 possit
2531 1723 2766 1792 aperire,
2806 1720 2992 1776 nullus
3041 1721 3296 1774 inventus
3329 1729 3416 1773 est
3450 1719 3555 1772 nisi
3603 1717 3737 1772 solus

477 1823 584 1862 non
610 1809 934 1879 imputatur,
968 1829 1093 1869 cum
1125 1813 1212 1870 lex
1245 1831 1352 1870 non
1384 1817 1560 1882 est”,
1597 1837 1616 1870 ι
1665 1819 1939 1874 videbitur
1964 1836 2062 1874 nec
2095 1805 2136 1858 Β
2166 1801 2354 1885 Agnus
2401 1817 2466 1870 de
2506 1815 2647 1870 tribu
2695 1812 2854 1878 Juda,
2892 1813 2986 1882 qui
3026 1812 3361 1882 iustiﬁcatus
3414 1820 3502 1866 est
3532 1811 3582 1864 in
3622 1825 3741 1864 con-

477 1898 610 1954 Cain
643 1911 957 1970 reputatum
1009 1919 1131 1962 esse
1159 1915 1446 1976 peccatum
1491 1908 1634 1979 (l9),
1669 1925 1768 1964 nec
1813 1910 1919 1965 illis
1971 1913 2062 1982 qui

478 1990 683 2046 diluvio
707 1995 1008 2064 perierunt,
1046 2013 1147 2052 nec
1179 1998 1286 2054 illis
1328 2015 1468 2070 quos
1519 2001 1574 2054 in
1623 2001 1876 2056 Sodomis
1925 2003 2066 2073 ignis

477 2083 803 2155 absumpsit.
855 2085 962 2142 Sed
1012 2091 1270 2159 quoniam
1314 2092 1564 2148 videmus
1609 2092 1715 2148 illis
1745 2107 1850 2148 non
1892 2094 2065 2149 solum

478 2184 728 2244 reputata
752 2191 871 2233 esse
888 2189 1134 2247 peccata,
1166 2182 1260 2236 sed
1291 2190 1346 2236 et
1376 2181 1640 2236 ultionem
1666 2183 1719 2236 in
1738 2197 1832 2238 eos
1855 2183 2063 2250 datam,

476 2267 788 2320 ostenditur
817 2284 884 2322 ex
915 2270 1000 2324 his
1031 2271 1097 2325 de
1127 2271 1358 2325 naturali
1407 2271 1527 2341 lege
1570 2271 1796 2328 Paulum
1856 2275 2062 2344 dicere,

479 2371 623 2424 quze,
650 2367 878 2428 excepta
905 2360 1081 2429 prima
1109 2371 1272 2416 aetate
1297 2364 1569 2432 pueritiae,
1596 2363 1650 2419 in
1679 2365 1932 2421 omnibus
1961 2368 2065 2422 lto-

479 2447 716 2502 minibus
745 2451 920 2505 inest:
954 2461 1008 2505 et
1035 2467 1134 2520 per
1170 2454 1270 2508 boc
1298 2455 1603 2511 rectissime
1635 2457 1764 2511 dicit
1795 2473 1810 2509 :
1860 2476 1880 2509 α
1921 2457 2065 2514 Catt-

478 2539 583 2591 sati
620 2539 764 2594 enim
795 2556 982 2595 sumus
1018 2539 1235 2597 Juda-os
1261 2555 1315 2597 et
1347 2543 1568 2600 Grtecos
1597 2561 1787 2601 omnes
1817 2546 1916 2601 sub
1940 2561 2066 2617 pec-

479 2639 606 2683 eato
630 2644 772 2685 esse.
809 2650 829 2683 ι
869 2631 1030 2703 506
1064 2633 1218 2688 Unde
1263 2650 1370 2690 non
1412 2637 1545 2694 mihi
1585 2638 1798 2692 videtur
1839 2639 2063 2709 quidam

479 2719 594 2790 (20)
618 2736 680 2776 ex
717 2723 1058 2792 sapientibus
1085 2735 1276 2779 contra
1315 2728 1578 2783 rationem
1623 2729 1899 2793 definisse,
1923 2731 2064 2800 quod

479 2816 533 2871 in
564 2819 708 2872 omni
750 2819 1063 2874 mortalium
1099 2837 1318 2891 genere,
1370 2835 1492 2876 eum
1531 2824 1598 2876 ad
1646 2823 1698 2877 id
1730 2823 1908 2877 aetatis
1933 2838 2066 2878 ven-

478 2917 592 2962 tum
631 2907 795 2964 l'uerit
818 2909 907 2964 ubi
936 2911 1317 2966 discretionem
1348 2912 1480 2966 recti
1518 2913 1781 2982 pravique
1816 2913 2063 2984 ingressu

477 3001 747 3056 naturalis
777 3002 910 3072 legis
932 3003 1054 3072 quis
1091 3006 1352 3074 excipiat,
1393 3005 1570 3074 primo
1615 3004 1862 3058 omnium
1909 3003 2066 3058 mali-

479 3092 608 3144 tiam
633 3093 909 3159 suscitari,
940 3105 1062 3162 post
1091 3095 1207 3149 hmc
1233 3095 1348 3163 iam
1381 3095 1804 3160 eruditionibus,
1845 3095 2065 3150 institu-

476 3182 570 3247 tis,
601 3184 822 3238 monitis
871 3159 1136 3253 paulatim
1172 3159 1293 3240 eam
1331 3185 1548 3254 depelli,
1595 3194 1651 3240 et
1700 3186 1767 3241 ad
1792 3159 2058 3242 virtutem
2093 3159 2133 3215 Ο

481 3274 732 3328 transiri.
773 3273 1025 3330 Consona
1063 3290 1301 3345 namque
1343 3277 1430 3331 his
1459 3277 1624 3330 etiam
1669 3275 1875 3333 Paulus
1924 3280 2057 3334 mihi

477 3366 719 3421 sensisse
752 3366 971 3422 videtur
1002 3367 1054 3421 in
1079 3382 1143 3422 eo
1175 3369 1316 3435 quod
1346 3368 1515 3424 dicit:
1570 3386 1589 3420 t
1631 3368 1737 3425 Sed
1780 3371 1868 3425 ubi
1911 3373 2063 3426 venit

479 3458 819 3525 mandatum,
851 3470 1137 3528 peccatum
1164 3460 1387 3514 revixit.
1411 3478 1433 3513 ι
1457 3460 1563 3515 Sed
1589 3470 1644 3515 et
1673 3460 2059 3518 Salvatorcum

478 3547 612 3602 dicit
638 3549 692 3602 in
720 3548 1061 3618 Evangeliis:
1099 3567 1118 3600 ‹
1156 3547 1270 3604 Nisi
1302 3549 1595 3616 venissem,
1642 3560 1699 3604 et
1732 3550 1945 3607 locutus
1981 3554 2063 3609 eis

481 3638 728 3701 fuissem,
766 3650 1052 3710 peccatum
1081 3655 1186 3695 non
1221 3641 1530 3696 haberent:
1567 3657 1717 3697 nunc
1743 3650 1928 3698 autem
1960 3660 2061 3698 ex-

479 3731 816 3786 cusationem
848 3747 953 3787 non
985 3733 1188 3786 habent
1214 3733 1282 3787 de
1307 3741 1532 3802 peccato
1563 3748 1662 3787 suo
1682 3733 1750 3799 ⁸¹,
1784 3755 1803 3787 ι
1849 3736 2063 3792 videbi-

479 3831 567 3875 tur
591 3823 894 3878 secundum
927 3824 1066 3878 hanc
1093 3824 1299 3879 dixisse
1345 3825 1634 3892 rationem,
1667 3827 1812 3895 quod
1864 3827 2061 3882 virtute

479 3931 540 3969 ea
572 3931 677 3985 qua
707 3916 917 3985 replere
955 3915 1067 3988 (9.1)
1091 3917 1290 3971 dicitur
1308 3917 1592 3984 mundum,
1615 3917 1682 3971 ad
1707 3933 2063 3988 unumquem-

475 4023 580 4078 que
612 4008 886 4063 hominem
917 4010 1120 4076 veniat,
1153 4019 1207 4064 et
1235 4009 1488 4078 loquatur
1520 4011 1572 4064 in
1611 4011 1776 4066 corde
1817 4011 1956 4080 ejus,
1996 4027 2061 4067 ac

477 4104 603 4156 boni
655 4103 891 4172 malique
925 4101 1190 4169 judicium
1244 4103 1462 4158 doceat.
1508 4103 1634 4159 ideo
1678 4120 1812 4176 ergo
1857 4105 2060 4162 Paulus

476 4194 738 4262 scriptum
767 4208 887 4248 esse
903 4193 1070 4248 dicit:
1102 4213 1120 4246 ε
1147 4195 1283 4261 Quia
1303 4210 1409 4249 non
1433 4197 1708 4264 estiustus
1734 4197 2056 4266 quisquam;

481 4298 586 4335 non
615 4291 700 4336 est
737 4283 1064 4354 intelligens,
1100 4299 1205 4338 non
1247 4293 1331 4339 est
1378 4287 1661 4353 requirens
1696 4286 1900 4340 Deum:
1937 4302 2059 4341 om-

479 4389 574 4428 nes
592 4373 1026 4440 declinaverunt,
1056 4376 1216 4431 simul
1238 4376 1454 4432 inutiles
1480 4376 1609 4434 facti
1638 4379 1864 4444 sunt“;
1893 4399 1911 4431 ι
1946 4380 2059 4436 sic-

478 4476 538 4519 ut
570 4475 625 4520 et
658 4463 787 4520 aiibi
819 4465 1086 4536 Propheta
1121 4470 1252 4522 dicit
1285 4487 1299 4523 :
1343 4487 1362 4520 ι
1391 4469 1526 4535 Quia
1580 4487 1687 4524 non
1729 4473 2058 4538 iustiﬁeabi-

481 4569 566 4612 tur
593 4560 646 4613 in
673 4569 967 4628 conspectu
1003 4569 1093 4615 tuo
1115 4561 1296 4616 omnis
1327 4562 1517 4617 vivens
1543 4563 1642 4619 ⁵³.»
1679 4563 1833 4630 Quod
1865 4565 2060 4620 fortas-

476 4650 552 4702 sis
581 4648 915 4701 eoulrarium
949 4648 1201 4702 videatur
1238 4650 1358 4704 aliis
1400 4650 1721 4720 Scripturis,
1755 4669 1876 4721 qua:
1926 4669 2062 4705 non-

476 4741 639 4794 nullis
669 4738 1038 4794 testimonium
1068 4741 1355 4809 perhibent
1377 4743 1527 4812 quasi
1547 4741 1739 4809 iustis;
1768 4744 1819 4796 in
1849 4754 2056 4797 tantum

477 4841 537 4886 ut
566 4834 732 4886 etiam
767 4832 833 4885 ad
882 4829 1186 4886 Jerusalem
1238 4832 1306 4886 de
1347 4833 1600 4886 Sodomis
1649 4833 1885 4901 dicatur,
1931 4837 2058 4903 quia

481 4944 500 4976 ι
530 4923 826 4992 iustiﬁcata
852 4932 935 4976 est
967 4923 1199 4975 Sodoma
1225 4936 1290 4974 ex
1327 4933 1378 4977 te
1405 4923 1470 4976 “.
1498 4943 1517 4976 ι
1572 4922 1678 4978 Sed
1724 4925 1939 4982 intuere
1977 4927 2060 4982 di-

477 5015 729 5085 ligentius
753 5014 1025 5068 cautelam
1059 5011 1359 5082 Scriptura:
1381 5015 1600 5077 divinae,
1642 5017 1914 5082 quomodo
1949 5034 2054 5073 non

480 5109 648 5160 dixit:
679 5125 697 5157 t
727 5105 1032 5160 Justiﬁcata
1058 5117 1141 5160 est
1167 5105 1440 5170 Sodoma;
1467 5126 1485 5159 ι
1518 5107 1611 5162 sed
1635 5109 1710 5161 ait
1734 5107 1846 5179 (2‘3)
1875 5129 1887 5164 :
1917 5110 2061 5178 Quo-

2180 1918 2367 1978 spectu
2401 1907 2494 1961 Dei
2535 1921 2549 1959 :
2598 1916 2654 1960 et
2707 1906 2820 1973 ipse
2857 1905 3002 1959 solus
3040 1903 3237 1958 librum
3274 1903 3483 1957 meruit
3522 1902 3740 1972 aperire,

2166 2002 2256 2069 qui
2305 2001 2454 2055 solus
2495 2000 2610 2070 ipse
2649 2009 2735 2054 est
2773 2015 2791 2048 α
2825 1997 2916 2066 qui
2963 1997 3159 2066 aperit,
3202 2004 3258 2050 et
3296 2010 3463 2050 nemo
3516 1994 3737 2061 claudit;

2167 2087 2371 2142 claudit
2403 2096 2458 2142 et
2506 2102 2668 2142 nemo
2723 2086 2902 2154 aperit
2933 2085 3000 2139 ".
3042 2104 3061 2135 ι
3097 2083 3259 2141 Solus
3313 2099 3452 2155 ergo
3506 2083 3741 2139 Salvator

2166 2190 2352 2235 noster
2396 2180 2661 2235 Dominus
2692 2177 2858 2233 Jesus
2890 2177 3140 2234 Christus
3165 2178 3504 2246 iustiﬁcatur
3535 2178 3584 2232 in
3616 2192 3743 2232 con-

2166 2280 2352 2340 spectu
2386 2269 2588 2336 Patris,
2621 2269 2748 2340 quia
2782 2286 2801 2320 ι
2837 2285 3180 2338 quaecunque
3231 2268 3365 2323 facit
3413 2268 3596 2334 Pater,
3638 2268 3744 2321 haec

2167 2371 2220 2416 et
2255 2361 2429 2416 Filius
2466 2361 2598 2416 facit
2637 2361 2898 2417 similiter
2927 2363 3025 2414 ³⁷.»
3065 2361 3258 2416 Omnis
3291 2369 3477 2414 autem
3506 2369 3741 2414 creatura

2167 2470 2231 2510 ex
2254 2455 2655 2524 comparatione
2679 2453 3000 2508 inferiorum
3020 2453 3374 2522 iustiticatur.
3404 2450 3478 2506 Ut
3504 2452 3570 2517 si,
3603 2450 3742 2506 verbi

2165 2561 2358 2610 causa,
2403 2545 2655 2600 dicamus
2693 2562 2707 2599 :
2739 2545 2807 2599 ad
2851 2544 3309 2613 comparationem
3344 2543 3545 2614 reliqui
3573 2542 3741 2612 populi

2161 2636 2310 2708 iusta
2339 2637 2442 2692 fuit
2473 2635 2642 2691 Maria
2677 2651 2836 2692 soror
2862 2635 3065 2706 Moysi:
3093 2645 3149 2690 et
3177 2651 3400 2690 rursum
3434 2637 3503 2689 ad
3538 2649 3744 2700 compa-

2167 2727 2434 2782 rationem
2485 2727 2670 2783 lilaria:
2699 2731 2881 2796 iustus
2909 2738 3033 2782 erat
3071 2732 3294 2780 Aaron:
3344 2735 3399 2780 et
3443 2726 3638 2779 iterum
3679 2725 3742 2777 ad

2167 2821 2630 2894 comparationem
2661 2821 2870 2883 Aaron,
2894 2817 3078 2886 iustus
3110 2825 3227 2872 erat
3265 2815 3506 2887 Moyses.
3559 2815 3743 2870 Beatus

2169 2920 2348 2964 tamen
2381 2917 2463 2964 est
2495 2911 2584 2979 qui
2608 2923 2673 2964 ex
2700 2911 3112 2978 comparatione
3141 2909 3432 2965 meliorum
3454 2909 3633 2977 iustus
3652 2923 3740 2974 ap-

2167 3000 2420 3070 pellatur,
2449 3009 2503 3053 et
2532 3016 2635 3054 non
2666 3015 2732 3054 ex
2763 2999 3168 3069 comparatione
3191 2999 3586 3068 pessimorum,
3613 2999 3742 3052 sicut

2169 3090 2431 3159 Sodoma,
2468 3106 2591 3160 qum
2627 3107 2693 3146 ex
2739 3092 3153 3160 comparatione
3199 3089 3513 3146 Jerusalem
3556 3088 3742 3158 iustiﬁ-

2169 3195 2291 3238 cata
2324 3194 2678 3239 memoratur.
2727 3183 2880 3240 Unde
2926 3192 2981 3238 et
3011 3198 3112 3253 ego
3149 3197 3347 3237 vereor
3391 3197 3461 3236 ne
3489 3197 3558 3236 ex
3599 3182 3740 3236 nobis

2168 3277 2260 3346 qui
2298 3277 2545 3331 videmur
2575 3291 2698 3331 esse
2737 3277 2791 3330 in
2823 3275 3070 3332 Ecclesia
3105 3273 3200 3328 Dei
3233 3285 3290 3329 et
3331 3274 3438 3345 legi
3474 3276 3590 3346 eius
3616 3288 3738 3345 ope.

2170 3384 2284 3422 ram
2336 3371 2486 3431 dare,
2538 3383 2600 3423 ac
2632 3369 2918 3439 praceptis
2949 3367 3282 3436 evangelicis
3322 3368 3618 3427 deservire.
3663 3369 3742 3421 in-

2167 3459 2458 3514 veniantur
2508 3459 2674 3529 aliqui
2733 3459 3037 3515 inﬁdelium
3085 3457 3452 3526 iustiﬁcandi.
3503 3457 3574 3512 Ut
3605 3458 3739 3512 verbi

2169 3564 2334 3605 causa
2361 3549 2562 3613 dicam,
2606 3549 2650 3603 si
2708 3565 2806 3604 nos
2838 3549 3052 3604 libidini
3077 3557 3132 3602 et
3161 3549 3521 3616 impudicitia:
3545 3548 3741 3603 servia-

2169 3655 2312 3705 mus,
2337 3647 2391 3693 et
2420 3639 2638 3708 gentilis
2669 3640 2763 3709 qui
2788 3639 2994 3693 alienus
3015 3647 3098 3692 est
3124 3653 3154 3690 a
3188 3637 3294 3692 ﬁde
3311 3636 3544 3704 Christi,
3567 3646 3738 3692 custo-

2167 3741 2283 3796 dial
2312 3743 2645 3808 castitatem,
2684 3741 2774 3795 ille
2822 3751 3040 3810 gentilis
3067 3738 3403 3807 iustiﬁcatur
3453 3753 3518 3793 ex
3574 3738 3738 3792 nobis.

2169 3831 2440 3886 Similiter
2473 3840 2530 3887 et
2574 3832 2618 3886 si
2653 3846 2752 3886 nos
2783 3831 3042 3896 avaritia,
3091 3829 3427 3898 rapacitate,
3474 3828 3740 3899 superbia,

2167 3932 2222 3978 et
2253 3923 2470 3978 caeteris
2500 3921 2813 3991 lmiusmodi
2846 3922 3008 3978 malis
3053 3922 3428 3986 involvamur,
3483 3911 3743 3974 abstineat

2168 4023 2346 4068 autem
2386 4013 2455 4067 ab
2485 4013 2572 4067 bis
2601 4013 2860 4068 omnibus
2893 4011 3132 4082 gentilis,
3172 4021 3228 4066 et
3259 4011 3315 4066 bi
3341 4010 3434 4081 qui
3457 4008 3622 4080 legem
3646 4006 3743 4060 Dei

2167 4108 2446 4174 nesciunt,
2477 4105 2554 4160 illi
2590 4106 3042 4174 iustiﬁcabuntur
3069 4119 3135 4159 ex
3161 4104 3342 4168 nobis,
3371 4114 3426 4159 et
3461 4119 3557 4158 nus
3586 4117 3642 4156 ex
3668 4099 3740 4151 il-

2169 4201 2342 4254 lorum
2377 4198 2792 4268 comparatione
2818 4198 3223 4252 damnabimur.
3245 4195 3391 4264 Quin
3423 4196 3597 4266 potius
3616 4209 3742 4260 opr-

2169 4306 2283 4344 ram
2312 4291 2519 4354 demus,
2559 4297 2619 4342 ut
2662 4288 2805 4342 sicut
2857 4287 2961 4340 ﬁde
2994 4285 3358 4357 praecedimus
3407 4293 3613 4355 gentes,
3659 4280 3738 4330 ita

2167 4380 2381 4434 actibus
2413 4389 2469 4433 et
2507 4379 2765 4448 operibus
2813 4377 3211 4446 praecellamus,
3265 4391 3334 4430 ne
3381 4375 3516 4427 mala
3561 4380 3740 4426 nostra

2173 4470 2307 4524 ﬁant
2337 4468 2508 4523 aliena
2537 4468 2702 4534 bona,
2736 4476 2791 4521 et
2837 4468 3055 4521 illorum
3107 4467 3467 4535 temperantia
3504 4472 3736 4517 nostram

2169 4562 2464 4631 redarguat
2517 4559 3018 4628 intemperantiam.
3068 4559 3254 4611 Potest
3310 4557 3487 4610 adhuc
3538 4561 3588 4607 et
3629 4550 3742 4603 alio

2165 4654 2326 4708 modo
2361 4653 2646 4722 explanari
2678 4652 2820 4720 quod
2851 4651 3030 4704 dixit:
3069 4668 3087 4700 t
3122 4648 3239 4702 Non
3273 4648 3559 4716 estiustus
3589 4643 3745 4711 quis-

2162 4762 2324 4814 quam
2356 4746 2436 4812 “;
2479 4764 2498 4797 ι
2556 4744 2642 4798 vel
2682 4744 2824 4813 quod
2862 4744 2978 4796 ait:
3034 4760 3054 4793 ί
3087 4740 3201 4795 Νοιι
3241 4739 3622 4809 iustilicabitur
3679 4734 3740 4787 in

2163 4849 2459 4910 conspectu
2495 4849 2589 4892 tuo
2617 4838 2796 4892 omnis
2829 4837 3020 4891 vivens
3041 4835 3125 4896 5’;
3165 4853 3184 4887 ι
3244 4834 3379 4903 quia
3403 4835 3578 4901 {donec
3608 4826 3740 4896 quis

2164 4932 2299 4985 vivit
2333 4933 2384 4985 in
2416 4945 2670 4999 corpore,
2697 4927 2986 4997 iustiﬁcari
3021 4941 3126 4980 non
3162 4935 3347 4994 potest
3376 4938 3472 4978 nec
3503 4933 3746 4989 pronun-

2169 5024 2291 5076 tiari
2317 5023 2522 5094 iustus,
2549 5024 2643 5077 sed
2679 5037 2801 5076 cum
2833 5021 3030 5074 exierit
3057 5021 3120 5073 de
3149 5031 3403 5088 corpore,
3438 5024 3488 5067 et
3512 5014 3572 5066 de
3606 5011 3743 5062 vita:

2171 5113 2333 5180 huius
2364 5129 2537 5186 agone
2572 5112 2912 5176 discesserit,
2958 5112 3102 5166 sicut
3139 5120 3194 5164 et
3247 5109 3523 5179 Scriptura
3559 5102 3696 5156 dicit
3719 5115 3740 5152 :

548 5203 590 5232 ‘7
617 5203 770 5254 Rom.
805 5218 864 5264 tt,
887 5203 984 5273 28.
1050 5202 1116 5273 βξ
1140 5201 1298 5255 Rom.
1335 5217 1419 5265 ttt,
1449 5202 1524 5273 9.
1579 5203 1624 5235 δ’
1649 5203 1806 5256 Rom.
1839 5223 1900 5270 ιι,
1939 5209 2025 5262 14.

2178 5210 2326 5264 Rom.
2359 5227 2412 5273 v,
2440 5211 2527 5265 15.
2603 5208 2648 5242 ⁸¹
2677 5207 2834 5262 Joan.
2865 5223 2957 5264 xv.
2983 5206 3077 5260 ‘22.
3151 5206 3197 5237 ⁵¹¹
3231 5205 3500 5273 Ριοιιιειιι,
3527 5197 3742 5273 ill-ig;

479 5273 620 5327 Psal.
657 5288 776 5331 xm,
811 5273 836 5324 1
851 5272 931 5324 οἳ).

475 5343 522 5374 ⁸⁸
554 5343 711 5395 Boni.
739 5359 819 5405 ιιι,
857 5343 946 5396 10.
1022 5341 1067 5373 δν
1100 5342 1244 5396 Psal.
1270 5357 1435 5406 chtt,
1463 5342 1518 5397 2.

544 5435 654 5502 (-l8)
686 5433 776 5486 Sic
802 5444 948 5487 recte
979 5449 1079 5487 ms.
1107 5449 1268 5488 unus.
1295 5433 1433 5488 Editi
1459 5447 1588 5487 vero
1620 5433 1876 5488 etcaateri
1909 5447 2042 5489 mss.

478 5506 648 5556 nostri
687 5506 909 5567 habent,
966 5505 1186 5574 «legem
1232 5515 1414 5574 autem
1468 5506 1726 5574 scriptam
1774 5505 2046 5572 positione

477 5573 911 5645 (ul._positi0ttis,
953 5573 1027 5624 al.
1057 5569 1314 5645 positam)
1347 5573 1516 5642 legem
1538 5569 1666 5629 “esse
1697 5569 1992 5641 appellant.
2017 5593 2036 5625 ι

546 5644 657 5712 (1⁷9)
690 5644 854 5704 Edtti,
893 5662 911 5693 t
956 5659 1061 5694 non
1089 5644 1488 5709 itnputabatur,
1515 5659 1637 5696 cum
1671 5645 1755 5696 lex
1785 5659 1890 5696 non
1934 5660 2054 5698 esse

478 5711 784 5778 videbatur,
821 5728 918 5768 nec
946 5713 1081 5765 Cain
1109 5721 1413 5778 rcputatum
1445 5723 1585 5769 esset
1617 5723 1950 5784 peccatum:

1095 5271 1240 5351 Psal.
1299 5271 1559 5351 cunni.
1634 5273 1681 5304 ⁸³
1710 5269 1911 5333 Ezech.
1947 5295 2025 5333 xw

2178 5321 2185 5343 ι
2219 5281 2306 5334 52.
2382 5269 2427 5312 ⁵³
2455 5288 2622 5351 Apoc.
2657 5293 2707 5334 v.
2783 5278 2831 5309 “
2853 5281 3027 5349 Apoc.
3060 5292 3141 5344 ιιι,
3173 5276 3230 5329 7.
3305 5276 3349 5306 ⁵⁷
3378 5271 3529 5327 Joan.
3557 5283 3603 5330 ν,
3641 5269 3741 5323 19.

2227 5437 2342 5505 (ἓο)
2368 5437 2541 5502 Alias,
2569 5454 2587 5487 ι
2618 5434 2837 5490 videtur
2877 5432 3202 5502 quemdam;
3241 5450 3259 5484 ι
3299 5433 3395 5498 al.,
3435 5452 3454 5484 ι
3489 5428 3746 5484 videntur

2155 5509 2400 5574 quidam.
2429 5527 2446 5556 ι

2230 5577 2342 5644 (2|)
2379 5579 2485 5636 AL,
2521 5595 2539 5626 σ
2578 5575 2721 5643 quod
2756 5573 2933 5628 virtus
2968 5592 3028 5631 ea
3061 5588 3181 5646 qua;
3215 5572 3445 5642 replere,
3478 5589 3496 5624 ι
3522 5581 3618 5625 etc.

2239 5648 2350 5716 ('3‘?!)
2381 5648 2542 5709 l‘ldili,
2576 5665 2592 5695 t
2631 5658 2705 5708 ut,
2741 5663 2759 5696 ι
2802 5648 2963 5700 male.
