3754 6546
90 404 160 455 33
1007 399 1363 457 COMMENT.
1401 401 1466 455 IN
1508 399 1726 456 EPIST.
1766 400 2068 474 'AD__ROM.
2101 401 2226 458 LIB.
2261 401 2350 456 lli.

3201 401 3306 457 931

58 543 74 572 ι
114 523 186 576 Ne
229 521 632 576 beatificaveris
686 519 960 574 hominem
1008 530 1136 577 ante
1195 532 1448 586 mortem,
1498 522 1625 590 quia
1658 531 1705 586 Α
1735 522 1845 579 tilis
1891 538 2102 591 servus,
2135 525 2228 579 sed
2257 536 2446 578 servus
2480 522 2655 577 bonus
2688 527 2743 575 et
2784 517 2956 574 fidelis
3001 517 3304 572 vocabitur.

55 613 230 667 nescis
257 627 376 681 quae
401 621 561 665 erunt
592 610 706 677 ejus
743 612 1041 667 novissima
1071 613 1146 678 °°;
1179 631 1198 665 ι
1228 624 1282 668 et
1315 614 1506 667 iterum
1541 613 1625 668 di-

54 706 129 756 cit
162 703 518 757 Ecclesiastes
549 703 628 756 “z
667 717 698 753 c‘
723 702 785 756 Et
814 703 1024 756 laudavi
1062 703 1310 759 homines
1341 703 1630 761 defunctos

53 796 275 863 qnijam
308 797 501 847 mortui
539 803 688 858 sunt,
729 795 901 865 magis
936 810 1100 864 quam
1141 795 1294 850 vivos
1317 796 1406 864 qui
1444 797 1629 852 adhuc

51 889 275 938 vivunt:
312 888 404 940 sed
431 886 622 941 melior
647 901 813 955 super
845 896 1108 957 utrosque
1133 888 1225 959 qui
1259 887 1495 943 nondum
1525 905 1626 942 na-

52 988 142 1030 tus
177 988 283 1031 est.
318 995 336 1028 ι
378 977 555 1030 Habes
581 979 759 1032 adhuc
791 987 843 1032 et
875 977 1038 1031 aliam
1075 977 1374 1048 Scriptura:
1411 990 1630 1035 senten-

52 1070 182 1121 tiam
213 1084 334 1138 quae
369 1069 523 1131 dicit,
555 1070 681 1138 quia
715 1069 1027 1138 quicunque
1055 1071 1314 1126 minimus
1343 1079 1427 1125 est
1470 1072 1522 1126 in
1550 1087 1632 1128 re-

49 1175 159 1229 gno
192 1162 309 1224 Dei,
342 1161 512 1230 major
556 1161 626 1216 sit
651 1176 715 1215 eo
748 1162 841 1231 qui
901 1162 954 1216 in
1015 1178 1242 1232 corpore
1274 1173 1376 1229 est,
1417 1164 1630 1219 etiamsi

48 1249 292 1304 Joannes
321 1251 408 1304 ille
435 1254 528 1313 sit,
576 1266 685 1321 quo
741 1251 914 1320 maior
967 1253 1111 1308 inter
1148 1263 1306 1308 natos
1339 1256 1630 1308 mulierum

50 1357 163 1395 non
204 1342 308 1395 fuit
342 1343 420 1395 ".
473 1361 493 1393 ι
523 1342 639 1397 Non
674 1353 755 1397 est
788 1361 806 1394 ι
843 1358 973 1414 ergo
1012 1364 1032 1397 ι
1056 1343 1231 1412 justus
1259 1347 1566 1415 quisquam.
1605 1363 1624 1397 ι

47 1433 116 1486 Ει
153 1433 404 1487 addidit:
465 1450 484 1484 ι
523 1432 641 1486 Νοιι
688 1443 770 1488 est
822 1433 1134 1504 intelligens
1164 1420 1236 1487 ⁸³.’
1267 1453 1284 1486 ι
1333 1434 1397 1488 Et
1442 1449 1629 1488 revera

46 1540 176 1576 cum
209 1523 502 1594 Apostolus
533 1523 650 1592 ipse
684 1540 749 1579 ex
780 1535 934 1595 parte
961 1541 1018 1580 se
1053 1525 1198 1579 dicat
1231 1539 1549 1592 agnoscere,
1576 1537 1631 1580 et

47 1629 117 1669 ex
157 1627 313 1684 parte
351 1616 652 1686 intelligere
685 1617 754 1683 “,
785 1618 904 1687 quis
931 1617 1036 1671 erit
1075 1618 1165 1684 qui
1209 1618 1423 1670 dicatur
1463 1615 1622 1671 intel-

49 1706 230 1775 ligens
252 1707 277 1760 ἲ
299 1707 795 1778 Quantumcunque
827 1709 971 1762 enim
1013 1709 1138 1777 quis
1189 1707 1538 1772 intellexerit,
1574 1707 1630 1761 in

50 1800 278 1868 speculo
295 1809 351 1853 et
381 1801 432 1853 in
477 1801 762 1870 :rnigmate
803 1799 1076 1854 videbitur
1099 1801 1400 1871 intelligere
1423 1802 1622 1870 “:quia

1733 613 1800 668 Et
1825 613 2017 668 iterum
2054 627 2382 682 praeceptum
2411 621 2515 676 est,
2541 621 2601 666 ut
2631 613 2683 666 hi
2714 611 2803 681 qui
2828 609 3181 680 Evangelium
3210 626 3308 662 an-

1732 707 2018 769 nuntiant,
2051 707 2116 758 de
2138 703 2434 772 Evangelio
2465 702 2651 756 vivant
2672 702 2738 756 7'.
2767 699 2964 755 Paulus
3002 709 3177 754 tamen
3223 701 3308 753 di-

1731 797 1827 860 cit,
1870 796 1994 864 quia
2029 814 2047 846 ι
2075 797 2223 850 nullo
2277 796 2472 849 horum
2526 809 2654 848 usus
2701 807 2858 860 sum;
2892 812 2911 845 ι
2943 801 2998 846 et
3047 791 3171 846 ideo
3203 807 3306 844 non

1731 887 1939 942 inutilis
1956 895 2074 942 erat
2092 901 2305 952 servus,
2326 887 2420 942 sed
2452 884 2626 938 fidelis
2645 893 2698 936 et
2725 885 2979 952 prudens.
3016 901 3034 934 ι
3062 883 3263 936 Omnes
3282 899 3304 933 ι

1732 995 1862 1048 ergo
1917 981 2390 1044 (declinaverunt,
2436 979 2595 1034 simul
2655 977 2876 1032 inutiles
2930 975 3056 1030 l'acti
3111 984 3302 1031 sunt.»

1733 1072 1937 1138 Quibus
1969 1073 2172 1127 addidit
2199 1091 2211 1125 :
2245 1090 2264 1124 ι
2289 1070 2404 1124 Non
2427 1069 2626 1138 estqui
2657 1069 2823 1124 faciat
2847 1069 3166 1132 bonitatem,
3201 1082 3306 1122 non

1730 1173 2011 1230 estusque
2049 1163 2116 1217 ad
2172 1162 2426 1217 unum".
2456 1180 2474 1213 ι
2510 1159 2709 1216 Gravis
2761 1160 3052 1221 sententia,
3091 1169 3146 1212 et
3187 1172 3310 1227 qua:

1733 1253 1944 1310 dilﬁcile
1979 1255 2151 1310 astrui
2185 1255 2376 1325 possit.
2427 1253 2713 1321 Quomodo
2761 1252 2907 1307 enim
2939 1251 3152 1304 videtur
3186 1249 3305 1304 fieri

1729 1358 1910 1416 posse,
1942 1343 2148 1398 nullum
2169 1345 2427 1409 omnino,
2460 1342 2664 1399 nullum
2701 1357 2873 1410 usque
2911 1341 2977 1394 ad
3002 1357 3190 1404 unum,
3224 1340 3308 1395 vel

1731 1437 1784 1491 in
1808 1435 2030 1502 Iudaeis,
2059 1435 2144 1490 vel
2176 1435 2230 1489 in
2260 1435 2466 1491 Graecis
2495 1434 2730 1490 inveniri
2761 1435 3002 1502 potuisse
3032 1433 3121 1501 qui
3158 1432 3307 1486 face-

1735 1540 1817 1584 ret
1865 1527 2208 1583 bonitatem?
2236 1525 2454 1581 Siccine
2501 1525 2776 1582 credimus
2805 1522 2916 1596 (26)
2948 1525 3090 1594 quod
3130 1524 3308 1580 nullus

1747 1619 1911 1673 fuerit
1935 1618 2024 1688 qui
2049 1617 2129 1673 vel
2161 1619 2427 1687 hospitem
2457 1617 2749 1688 aliquando
2774 1618 3154 1687 receperit,vel
3178 1632 3306 1671 esu-

1741 1709 1901 1763 rienti
1932 1722 2125 1779 panem
2155 1709 2386 1772 dederit,
2413 1709 2498 1762 vel
2535 1710 2737 1763 nudum
2783 1710 2999 1770 texerit,
3030 1709 3111 1763 vel
3147 1709 3308 1763 inno-

1734 1810 1945 1855 centem
2000 1801 2068 1854 de
2125 1799 2377 1856 manibus
2433 1802 2668 1870 potentis
2712 1801 2996 1870 eripuerit,
3057 1801 3140 1854 vel
3203 1800 3313 1857 tale

49 1900 176 1958 post
207 1891 601 1959 depositionem
637 1890 836 1946 terreni
869 1893 1116 1959 corporis
1152 1891 1385 1945 refertur
1407 1891 1518 1962 (25)
1549 1893 1626 1946 fa-
1659 1889 1701 1944 Β
1733 1891 1934 1961 aliquid
1967 1891 2090 1947 boni
2141 1893 2324 1961 Operis
2352 1891 2568 1962 egerit?
2597 1891 2715 1946 Non
2762 1894 2893 1946 mihi
2944 1893 3156 1947 videtur
3196 1904 3306 1948 tam

49 1986 138 2036 cie
170 1984 239 2037 ad
281 1982 473 2036 faciem
510 1983 857 2052 intelligere:
896 1997 1043 2037 nunc
1069 1998 1220 2047 vero,
1270 1995 1328 2037 ut
1364 1984 1440 2037 ait
1477 1983 1629 2039 Scri-

49 2085 210 2140 ptura
231 2075 279 2104 “
305 2092 320 2129 :
345 2092 363 2124 ι
383 2072 749 2142 Corruptibile
781 2089 976 2142 corpus
1008 2084 1266 2145 aggravat
1293 2077 1549 2142 animam,
1578 2088 1632 2130 et

51 2165 327 2234 demergit
358 2174 574 2219 terrena
612 2164 875 2220 habitatio
905 2181 1128 2231 sensum
1171 2167 1339 2219 multa
1387 2169 1632 2238 cogitau-

49 2261 232 2308 tem.»
293 2253 441 2310 Unde
485 2256 544 2309 fit
588 2266 645 2309 ut
685 2273 791 2311 non
837 2256 909 2311 sit
973 2277 993 2310 ι
1050 2257 1356 2327 intelligens
1411 2277 1429 2309 ι
1482 2261 1630 2328 quis,

49 2361 153 2400 nec
186 2365 207 2397 ‹
246 2347 529 2415 requirens
554 2348 718 2402 Deum
742 2349 810 2401 ⁸⁷.
852 2368 870 2402 ι
915 2350 1046 2402 Dum
1077 2351 1222 2403 enim
1247 2353 1492 2418 corporis
1521 2353 1630 2408 sol-

50 2440 432 2494 licitudinibus
471 2455 827 2510 occupamur,
891 2451 944 2496 et
995 2458 1116 2511 qum
1174 2443 1455 2499 hominum
1506 2456 1635 2501 sunt

48 2531 352 2598 quaerimus
379 2531 445 2598 ⁸⁸,
481 2533 645 2587 Deum
677 2547 942 2600 quaerere,
976 2535 1059 2588 vel
1091 2551 1212 2606 quae
1258 2538 1350 2592 Dei
1390 2548 1514 2592 sunt
1543 2554 1632 2594 co-

49 2625 232 2693 gitare
268 2638 376 2676 non
409 2637 719 2691 possumus.

107 2716 161 2767 3-
179 2715 415 2771 tOtnncs
427 2717 1014 2783 declinaverunt,simul
1031 2720 1245 2774 inutiles
1259 2720 1384 2774 facti
1400 2722 1594 2776 sunt".
1609 2741 1629 2776 ι

52 2805 215 2876 507
251 2807 380 2860 Mihi
412 2807 622 2860 videtur
643 2809 785 2876 quod
817 2825 920 2863 non
951 2811 1150 2865 dicitur
1174 2811 1498 2879 declinasse,
1533 2814 1633 2868 nisi

51 2900 93 2954 is
146 2902 240 2969 qui
303 2901 594 2968 aliquando
623 2901 676 2954 in
702 2902 787 2954 via
829 2911 974 2957 recta
1002 2905 1173 2957 stetit.
1221 2899 1374 2958 Unde
1414 2915 1638 2974 apparet

51 2994 294 3060 primum
325 2991 454 3045 illud
488 3001 695 3046 natura:
727 2993 1071 3048 rationabilis
1100 3009 1259 3064 opus,
1286 2996 1431 3066 quod
1465 3011 1494 3048 a
1527 2996 1636 3050 Deo

52 3084 262 3139 ﬂuctum
295 3093 398 3144 est.
434 3082 603 3139 fuisse
637 3093 864 3148 rectum,
894 3095 948 3140 et
985 3090 1036 3140 in
1061 3088 1146 3141 via
1183 3100 1329 3144 recta
1353 3090 1636 3148 Creatoris

56 3176 234 3244 ipsius
269 3190 494 3231 munere
539 3176 886 3232 collocatum.
917 3178 1021 3233 Sed
1049 3181 1176 3248 quia
1220 3181 1288 3235 ab
1315 3181 1417 3236 hac
1444 3183 1509 3236 ad
1549 3183 1637 3237 lae-

50 3283 168 3320 vam
209 3267 328 3338 (2.1)
357 3265 567 3336 peccati
603 3269 711 3323 iter
741 3271 993 3336 detorsit,
1035 3273 1235 3326 merito
1262 3290 1405 3330 nunc
1435 3275 1636 3330 dicitur

52 3360 386 3422 declinasse,
431 3363 571 3414 sicut
617 3361 866 3430 exemplo
917 3371 1002 3416 est
1051 3362 1163 3435 (25)
1212 3367 1420 3434 primus
1477 3369 1636 3423 homo

52 3453 254 3509 Adam.
299 3454 390 3519 qui
423 3455 491 3506 de
524 3453 759 3521 paradisi
794 3453 878 3506 via
926 3465 1072 3508 recta
1123 3457 1414 3513 malesuadi
1448 3457 1637 3515 fraude

54 3542 332 3609 serpentis
364 3541 427 3594 ad
458 3558 656 3607 pravas
682 3552 737 3598 et
779 3552 1059 3599 tortuosas
1099 3547 1347 3604 mortalis
1379 3549 1501 3604 vita:
1551 3565 1636 3605 se-

55 3635 218 3689 mitas
252 3635 572 3690 declinavit.
608 3637 1024 3708 Consequeuter
1057 3655 1189 3710 ergo
1216 3657 1408 3697 omnes
1441 3643 1532 3712 qui
1569 3659 1635 3697 ex

52 3727 225 3792 ipsius
256 3729 607 3782 successione
639 3731 688 3782 ιιι
717 3731 863 3785 hunc
895 3733 1156 3786 mundum
1190 3736 1439 3798 veniunt,
1471 3736 1636 3789 decli-

53 3831 346 3885 naverunt,
398 3831 454 3875 et
505 3821 666 3875 simul
716 3837 838 3877 cum
896 3824 1011 3893 ipso
1064 3825 1282 3880 inutiles
1317 3825 1446 3880 facti
1488 3837 1634 3881 sunt.

55 3911 289 3982 Propter
319 3913 426 3967 hoc
455 3922 585 3982 puto
624 3926 679 3968 et
713 3913 1004 3969 Dominum
1058 3916 1113 3971 in
1166 3917 1472 3988 Evangeliis
1505 3917 1638 3972 dare

51 4006 407 4071 mandatum,
440 4015 499 4059 ut
521 4020 643 4060 cum
675 4006 856 4059 omnia
893 4018 1158 4078 praecepta
1193 4007 1506 4072 fecerimus,
1532 4023 1639 4063 me-

54 4098 379 4151 minerimus
406 4107 586 4152 tamen
621 4097 747 4167 quid
781 4099 972 4163 simus,
1004 4109 1058 4153 et
1103 4100 1390 4155 dicamus:
1427 4117 1448 4153 a
1479 4099 1634 4154 Servi

53 4188 275 4242 inutiles
310 4202 540 4242 sumus:
571 4187 715 4257 quod
739 4188 1026 4242 debuimus
1058 4187 1258 4254 facere,
1285 4188 1629 4244 fecimus".n

55 4278 235 4332 Donec
267 4277 415 4332 enim
456 4277 579 4345 quis
624 4277 726 4331 hoc
762 4277 896 4332 facit
927 4287 1137 4331 tantum
1183 4279 1324 4348 quod
1367 4281 1546 4346 debet,
1584 4280 1635 4333 id

51 4378 154 4430 est,
192 4384 256 4422 ea
285 4383 412 4437 quae
443 4380 713 4438 praecepta
748 4378 898 4435 sunt,
935 4370 1144 4424 inutilis
1195 4385 1388 4425 servus
1430 4382 1536 4428 est.
1577 4372 1633 4426 Si

52 4467 237 4510 autem
273 4459 449 4512 addas
476 4458 678 4528 aliquid
719 4462 1041 4530 prteceptis,
1088 4471 1214 4515 tunc
1247 4477 1350 4516 non
1389 4461 1503 4528 jam
1549 4462 1634 4516 in-

1733 1980 2106 2036 incredibilem
2167 1997 2474 2037 sermonem
2532 1981 2770 2037 voluisse
2826 1997 3076 2037 asserere
3109 1981 3310 2037 Paulus

1733 2072 2007 2138 apostolus
2038 2090 2052 2126 :
2083 2074 2178 2128 sed
2205 2074 2308 2127 hoc
2341 2074 2499 2129 modo
2530 2073 2939 2142 intelligendum
2969 2084 3130 2143 puto;
3166 2075 3311 2144 quod

1733 2173 1894 2232 neget
1926 2179 2256 2234 quemquam
2310 2163 2506 2218 fecisse
2549 2164 2873 2219 bonitatem.
2914 2164 3074 2221 Verbi
3109 2168 3307 2236 gratia,

1734 2255 1878 2308 velut
1909 2256 1952 2310 si
1978 2256 2103 2325 quis
2135 2255 2488 2309 fundamenta
2514 2255 2688 2324 jaciat
2710 2257 2994 2322 domus,et
3019 2274 3183 2311 unum
3216 2265 3308 2311 aut

1735 2346 1871 2400 duos
1907 2348 2141 2416 parietes
2171 2356 2436 2412 exstruat,
2476 2347 2680 2416 aliquid
2707 2346 2868 2400 etiam
2896 2349 3138 2402 materiae
3184 2363 3309 2401 con-

1733 2442 1934 2506 vehat,
1979 2441 2224 2511 nunquid
2271 2440 2484 2497 dicetur
2541 2441 2736 2498 fecisse
2779 2443 3020 2508 domum,
3063 2447 3312 2513 quamvis

1734 2545 1990 2603 operatus
2043 2535 2294 2587 videatur
2341 2534 2394 2587 in
2434 2534 2630 2587 domo?
2663 2534 2769 2589 Sed
2822 2536 2910 2591 ille
2946 2535 3159 2590 dicetur
3209 2540 3304 2592 do-

1735 2639 1881 2679 mum
1917 2626 2134 2692 fecisse,
2172 2627 2266 2696 qui
2305 2626 2470 2682 totius
2499 2627 2712 2680 azdilicii
2743 2628 2808 2682 ad
2861 2629 3160 2698 perfectum
3195 2630 3310 2683 sin-

1734 2718 1854 2787 gula
1886 2733 2115 2788 quaeque
2167 2719 2405 2773 membra
2465 2719 2803 2788 perduxerit.
2855 2719 2934 2774 lta
2969 2722 3211 2774 arbitror
3255 2729 3312 2774 et

1735 2810 1825 2864 hic
1847 2810 2163 2879 Apostolutn
2213 2811 2396 2864 dicere
2437 2812 2712 2865 neminem
2755 2810 2953 2866 fecisse
2987 2812 3310 2878 bonitatem,

1735 2903 1838 2957 hoc
1861 2913 1964 2969 est,
1995 2917 2025 2956 a
2060 2902 2208 2956 nullo
2241 2917 2361 2957 eam
2396 2903 2462 2958 ad
2501 2903 2802 2974 perfectum
2838 2913 2892 2957 et
2927 2904 2993 2957 ad
3038 2904 3309 2974 integrum

1737 3001 2185 3047 consummatam.
2223 2991 2278 3047 Si
2316 3001 2495 3047 autem
2549 2994 2893 3062 requiramus
2917 2994 3039 3062 quis
3083 2995 3153 3048 sit
3181 3010 3312 3048 vero

1736 3084 1931 3150 bonus,
1967 3093 2021 3139 et
2052 3083 2144 3152 qui
2200 3083 2500 3152 perfectam
2557 3083 2750 3138 fecerit
2809 3083 3128 3149 bonitatem,
3162 3084 3311 3138 illunt

1739 3176 2077 3231 inveniemus
2107 3175 2280 3230 solum
2315 3177 2405 3245 qui
2445 3175 2574 3230 dicit
2603 3195 2616 3231 :
2657 3195 2675 3228 ι
2707 3177 2815 3246 Ego
2841 3192 2958 3230 sum
2993 3186 3179 3245 pastor
3215 3176 3313 3230 bo-

1739 3284 1868 3335 nus;
1896 3287 1915 3320 ι
1973 3277 2029 3322 et
2073 3269 2312 3322 iterum:
2369 3287 2388 3319 ι
2420 3267 2616 3323 Pastor
2646 3269 2819 3323 bonus
2865 3268 3100 3322 animam
3155 3283 3310 3322 suam

1736 3362 1890 3430 ponit
1917 3375 2014 3429 pro
2044 3361 2240 3416 ovibus
2283 3361 2396 3415 suis
2421 3362 2488 3416 ⁷⁸.
2513 3381 2531 3412 ι
2565 3360 2696 3415 Post
2742 3362 2858 3416 haec
2901 3363 2967 3414 de
3008 3363 3222 3430 quinto,
3255 3368 3316 3414 ut

1738 3469 1900 3522 supra
1952 3454 2209 3518 diximus,
2243 3454 2452 3523 psalmo
2498 3470 2718 3509 sumens
2769 3454 2906 3525 (27),
2942 3456 3114 3508 dicit:
3155 3471 3172 3505 ι
3208 3452 3310 3507 Se-

1739 3545 1979 3613 pulcrum
2033 3555 2230 3613 patens
2292 3554 2376 3599 est
2428 3556 2616 3612 guttur
2665 3559 2875 3599 eorum.
2911 3564 2930 3596 ι
2983 3544 3205 3599 Diversa
3259 3545 3312 3596 in

1739 3641 1846 3705 his,
1886 3650 1942 3693 ut
1977 3641 2104 3694 mihi
2162 3642 2396 3704 videtur,
2429 3642 2650 3695 immani
2705 3639 2922 3709 generis
2970 3647 3190 3709 peccata
3221 3635 3316 3688 de-

1739 3730 1948 3784 scribit.
1969 3728 2139 3784 Omne
2166 3731 2476 3798 sepulcrum
2511 3732 2907 3785 immunditiam
2945 3727 3184 3783 defuncti
3217 3742 3310 3779 ea-

1740 3820 1951 3876 daveris
1983 3823 2252 3892 contegit;
2285 3823 2426 3875 unde
2454 3833 2507 3876 et
2535 3821 2794 3876 Dominus
2824 3822 3036 3875 dicebat
3059 3822 3108 3874 in
3137 3823 3315 3878 Evan-

1739 3913 1878 3982 gelio
1929 3914 1994 3967 de
2043 3913 2252 3968 Scribis
2284 3923 2336 3968 et
2365 3912 2676 3976 Pharisa'is,
2724 3911 2866 3980 quod
2899 3922 3086 3965 essent
3121 3914 3311 3981 sepul-

1739 4018 1828 4056 cra
1863 4003 2132 4070 dealbata,
2169 4023 2186 4054 ι
2218 4019 2337 4072 qua:
2364 4003 2496 4058 foris
2527 4002 2744 4071 quidem
2776 4001 3023 4069 speciosa
3057 4002 3315 4056 videntur

1741 4095 2071 4158 hominibus,
2102 4095 2246 4150 intus
2269 4105 2449 4149 autem
2481 4094 2637 4163 plena
2671 4103 2800 4147 sunt
2838 4094 2983 4147 omni
3019 4093 3310 4148 immundi-

1739 4189 1812 4240 tia
1837 4188 1904 4242 "‘.
1940 4207 1957 4238 ›
2011 4187 2238 4242 Videtur
2270 4196 2450 4242 autem
2497 4185 2703 4240 Paulus
2744 4187 2846 4240 hoc
2892 4185 2943 4238 in
2981 4184 3097 4241 loco
3141 4185 3313 4255 majus

1739 4280 1940 4348 aliquid
1972 4279 2024 4333 in
2060 4279 2200 4343 istis,
2233 4279 2297 4334 de
2329 4278 2528 4348 quibus
2555 4292 2734 4330 sermo
2761 4289 2865 4342 est,
2892 4277 3179 4331 ostendere
3208 4277 3315 4329 cri-

1739 4371 1920 4436 minis,
1958 4385 2081 4424 cum
2110 4383 2203 4424 eos
2237 4369 2545 4438 sepulcrum
2581 4383 2689 4448 non
2733 4378 2930 4421 tectum
2954 4409 2970 4436 ,
3003 4383 3176 4434 neque
3223 4383 3314 4422 ro-

1737 4472 2001 4532 opertum,
2049 4463 2142 4516 sed
2180 4479 2198 4512 (
2226 4469 2476 4530 patens)
2510 4458 2767 4528 appellat.
2808 4460 3002 4513 Clausa
3035 4462 3178 4513 enim
3223 4475 3312 4512 sc-

54 4551 206 4602 utilis
231 4565 428 4603 servus
461 4552 590 4614 eris,
617 4552 712 4605 sed
747 4551 956 4605 dicetur
985 4554 1051 4606 ad
1095 4563 1146 4608 te
1176 4570 1189 4606 :
1235 4572 1253 4604 ι
1286 4553 1450 4623 Euge,
1482 4569 1638 4607 serve
1668 4566 1712 4620 ι)
1740 4554 1924 4623 pulcra
1974 4540 2252 4618 dicuntur,
2279 4569 2414 4622 quos
2456 4552 2852 4620 aliquantulum
2892 4553 3064 4621 pudor
3097 4550 3313 4606 cohibet

53 4642 221 4704 bone,
252 4653 306 4694 et
363 4641 536 4696 fidelis
559 4643 624 4697 ⁷³.
658 4660 677 4694 ι
710 4643 848 4708 Quid
892 4655 1072 4696 autem
1101 4645 1172 4697 sit
1215 4648 1356 4713 quod
1403 4647 1639 4700 addatur

53 4735 367 4801 ιιι-ωιεεριὶε.
401 4743 457 4786 et
488 4748 649 4802 supra
684 4734 925 4787 debitum
977 4735 1092 4798 fiat,
1126 4733 1327 4790 Paulus
1362 4735 1639 4802 apostolus

54 4825 182 4875 uicit
213 4843 226 4876 :
261 4841 280 4874 ι
315 4823 396 4876 De
419 4824 719 4893 virginibus
741 4835 919 4878 autem
947 4836 1275 4894 praeceptum
1301 4824 1508 4880 Domini
1530 4842 1634 4880 non

56 4916 266 4970 habeo:
292 4916 587 4970 consilium
613 4925 794 4969 autem
819 4918 910 4979 do,
933 4929 1189 4986 tanquam
1210 4918 1634 4971 misericordiam

55 5019 392 5062 consecutus
425 5023 453 5059 a
493 5008 810 5064 Domino".
839 5026 857 5059 ι
897 5007 1006 5061 Hoc
1063 5023 1197 5076 opus
1229 5023 1394 5076 super
1436 5024 1635 5077 praece-

56 5110 207 5167 ptum
243 5111 347 5154 est.
382 5100 483 5166 Qui
529 5114 659 5169 ergo
683 5101 968 5169 completis
1033 5102 1320 5170 prreceptis
1364 5101 1636 5154 addiderit

55 5196 224 5246 etiam
256 5195 388 5258 hoc,
416 5203 473 5245 ut
505 5193 868 5263 virginitatem
902 5196 1196 5256 custodiat,
1233 5209 1338 5247 non
1370 5193 1481 5262 jam
1515 5195 1636 5247 inu-

1741 4646 1918 4718 palam
1953 4645 2289 4713 delinquere,
2321 4653 2377 4698 et
2406 4645 2653 4715 proferre
2682 4647 2747 4699 ad
2787 4646 3054 4714 publicum
3084 4645 3311 4697 erimina

1738 4755 1856 4794 sua.
1887 4740 2080 4792 Patens
2107 4754 2232 4791 vero
2260 4739 2569 4807 sepulcrum
2595 4739 2850 4793 dicuntur
2878 4738 2930 4791 hi
2955 4738 3045 4805 qui
3079 4737 3309 4788 innnun-v

1740 4833 1900 4887 ditias
1957 4846 2083 4885 suas
2136 4839 2191 4884 et
2241 4831 2582 4900 impuritates
2641 4833 2692 4885 in
2750 4830 3036 4900 pr0patnlo
3067 4829 3309 4881 habent:

1741 4923 1936 4993 quibus
1965 4923 2257 4976 assiduitas
2283 4932 2338 4976 et
2361 4937 2494 4977 usus
2522 4921 2808 4985 scelerum,
2843 4920 2984 4988 quod
3009 4929 3092 4971 est
3119 4919 3170 4970 in
3198 4933 3309 4969 nia-

1743 5014 1809 5069 lis
1837 5014 2108 5075 ultimum,
2140 5015 2304 5067 etiam
2332 5016 2744 5068 commissorum
2774 5009 3155 5064 verecundiam
3193 5023 3308 5063 sus-

1747 5105 1866 5158 tulit
1900 5123 1913 5159 :
1955 5119 2012 5159 ut
2045 5104 2158 5172 jam
2193 5119 2296 5158 non
2330 5105 2579 5172 aperiant
2618 5118 2678 5156 os
2726 5117 2917 5166 suum,
2952 5110 3003 5154 et
3036 5098 3308 5166 proferant

1747 5199 1962 5251 verbum
1992 5196 2109 5262 Dei,
2144 5198 2369 5250 verbum
2397 5198 2572 5249 vivum
2601 5212 2614 5260 ;
2647 5194 2740 5248 sed
2765 5193 2878 5262 (28)
2914 5194 3161 5261 aperiant
3192 5202 3307 5258 gul-

121 5333 170 5364 “
198 5333 370 5388 Eccli.
403 5348 485 5395 xl,
519 5332 607 5386 50.
688 5332 729 5363 ⁶¹
761 5303 938 5387 liccle.
972 5348 1043 5393 IV,
1068 5333 1123 5399 2,
1149 5334 1201 5391 ὅ.
1277 5333 1319 5364 ⁶¹
1361 5332 1550 5386 Matth.
1581 5351 1628 5388 XI

1910 5336 2061 5388 llom.
2086 5352 2164 5398 ιιι,
2199 5335 2397 5398 10,“11.
2474 5335 2520 5366 ⁸³
2551 5335 2563 5387 l
2593 5335 2718 5387 Cor.
2750 5348 2864 5396 xm,
2887 5334 2940 5386 9.
2980 5333 3024 5364 ⁸⁸
3058 5333 3187 5385 ibid.
3224 5331 3308 5386 l2.

54 5403 97 5433 “
131 5404 272 5470 Sap.
304 5419 386 5462 ιι,
424 5404 512 5456 15.
608 5403 651 5433 "
691 5401 848 5456 Rom.
883 5419 967 5459 ut.
1007 5405 1090 5456 l-l.

1188 5403 1230 5433 ⁵⁸
1255 5399 1272 5455 l
1295 5403 1423 5457 Cor.
1451 5420 1544 5466 vn,
1576 5405 1664 5465 5‘2,
1706 5406 1793 5461 ⁸55.

1891 5406 1933 5437 ⁸⁵
1965 5408 2118 5460 llout.
2146 5423 2227 5468 ιιι,
2255 5406 2339 5460 12.
2453 5405 2497 5435 ⁷⁰
2526 5405 2658 5458 Luc.
2700 5419 2828 5462 xvii,
2857 5405 2942 5457 10.
3038 5403 3078 5433 ⁷¹
3116 5403 3307 5455 Matth.

54 5488 184 5538 xxv,
222 5473 314 5527 21.
390 5474 436 5503 ⁷²
465 5474 480 5526 Ι
506 5474 626 5528 Cor.
658 5488 753 5536 vn,
782 5474 872 5530 '25.
948 5474 991 5504 ⁷³
1019 5473 1036 5526 ι
1062 5470 1183 5528 Cor.
1211 5489 1286 5535 ιχ,
1323 5474 1405 5538 14,
1445 5475 1536 5556 15.
1608 5477 1626 5504 ⁷

1893 5492 1952 5537 ιι,
1989 5477 2074 5529 12.
2149 5477 2194 5506 ⁷⁵
2229 5475 2383 5529 Joan.
2414 5491 2468 5539 x,
2498 5476 2584 5528 11.
2660 5475 2706 5502 ⁷⁸
2734 5472 2923 5527 Matth.
2959 5489 3118 5537 χλιιι,
3148 5473 3240 5528 27.

122 5609 246 5679 (25)
279 5608 384 5673 AL,
421 5627 440 5659 ι
499 5608 846 5674 revelab'tur,
891 5629 911 5662 ι
941 5609 1034 5674 aL,
1065 5628 1086 5663 ι
1128 5612 1443 5676 merebitur,
1497 5631 1514 5662 ι
1539 5611 1633 5677 aL,

60 5701 72 5728 ι
110 5692 443 5733 revertetur.
476 5697 494 5729 ι

121 5750 246 5817 114)
286 5748 392 5814 AL,
427 5767 445 5800 ι
483 5750 697 5803 Ιλενιιιη.
733 5769 751 5801 ι

120 5822 249 5889 ('25))
291 5819 399 5884 AL,
439 5838 458 5871 ι
495 5821 796 5887 exetnpiunt
826 5830 928 5876 est.
968 5839 988 5874 ι

1816 5613 1931 5684 (26)
1969 5613 2078 5675 AL,
2116 5630 2135 5664 ι
2171 5612 2226 5666 Si
2261 5614 2310 5666 in
2340 5615 2420 5667 eis
2449 5614 2739 5670 credimus.
2773 5633 2788 5663 ι

1819 5683 1931 5751 (27⁷)
1971 5685 2214 5737 Sumens.
2247 5685 2406 5736 Deest
2430 5685 2480 5736 in
2523 5695 2678 5738 antea
2711 5683 2890 5738 editis.

1819 5755 1931 5826 (28)
1973 5755 2080 5820 AL,
2117 5771 2135 5806 ι
2163 5756 2380 5809 verbum
2422 5755 2513 5809 Dei
2556 5757 2768 5820 vivum;
2806 5753 2922 5812 sed,
2953 5769 2970 5802 ι
3005 5760 3115 5806 etc.
