3754 6554
447 363 553 421 955

1928 353 2254 411 ORIGENIS
3618 350 3707 406 S36

446 493 542 540 tur
569 495 751 546 suum,
779 489 835 536 et
879 477 1161 549 proferant
1190 473 1770 544 'verbum‘mortuum,
1803 476 2032 533 verbum
2064 481 2110 539 Α
2137 477 2265 540 cite,
2297 483 2354 532 et
2387 473 2555 530 nolite
2593 474 2966 540 maledicere;
3001 493 3022 528 ι
3057 482 3114 529 et
3149 471 3275 529 alibi
3298 473 3346 506 ⁸³
3375 487 3394 526 :
3435 493 3458 526 ι
3497 470 3583 526 Ne
3619 487 3710 541 qua

413 623 415 627 .
447 567 671 632 diaboli,
706 585 812 623 non
839 568 906 622 de
939 572 1129 632 corde,
1158 567 1254 622 sed
1283 566 1350 622 de
1395 566 1668 635 sepulcro.
1703 565 1760 621 Si
1809 569 2031 638 quando

447 678 578 733 ergo
604 661 807 718 videris
859 661 1136 717 hominem
1167 659 1376 716 lascivo
1409 674 1506 716 ore
1555 661 1830 732 impudica
1863 663 2029 716 verba

439 756 766 824 jactantem,
794 765 889 810 aut
931 754 1143 810 tumido
1179 763 1232 811 et
1266 753 1563 810 furibundo
1587 754 1948 810 contumelias
1975 763 2032 809 et

447 848 739 903 maledicta
783 846 1176 916 proferentem,
1213 861 1321 900 non
1353 844 1567 900 dubites
1595 846 1663 900 de
1695 847 1797 900 hoc
1824 846 2028 909 dicere,

447 941 573 1009 quia
609 958 630 992 ι
687 938 997 1009 sepulcrum
1055 947 1246 1008 patetis
1277 949 1362 992 est
1404 946 1591 1009 guttur
1621 956 1641 990 ι
1696 937 1834 1008 ejus.
1895 957 1914 990 ι
1957 939 2030 994 De

447 1033 776 1086 abundantia
801 1030 947 1086 enim
971 1031 1154 1087 cordis
1179 1045 1242 1084 os
1267 1029 1591 1100 loquitur".
1628 1047 1646 1081 ι
1679 1028 1758 1082 Ad
1792 1029 1908 1084 haec
1933 1030 2031 1085 ad-

445 1126 594 1180 ditur
623 1142 636 1178 :
675 1144 693 1176 ι
744 1123 968 1194 Linguis
1000 1123 1118 1179 suis
1152 1122 1339 1178 dolose
1371 1123 1628 1193 agebant.
1658 1141 1676 1175 ι
1722 1121 1886 1177 Dolus
1923 1131 2028 1189 est,

445 1235 568 1276 cum
603 1219 747 1274 aliud
779 1219 902 1288 quis
945 1217 1125 1288 lingua
1173 1217 1440 1286 loquitur,
1468 1223 1525 1271 et
1565 1214 1709 1270 aliud
1740 1215 1947 1270 volutat
1975 1217 2028 1271 in

444 1311 631 1365 corde.
673 1310 826 1377 Quod
867 1311 1074 1365 crimen
1111 1309 1293 1363 nescio
1327 1309 1375 1365 si
1422 1308 1508 1364 vel
1552 1308 1731 1376 justos
1781 1322 2030 1378 quosque

443 1411 503 1458 et
530 1401 734 1455 electos
764 1400 1036 1468 relinquat
1067 1401 1371 1465 immunes;
1403 1400 1498 1454 sed
1535 1409 1668 1469 puto
1714 1399 1858 1470 quod
1889 1400 2028 1456 alius

443 1492 584 1562 plus,
617 1491 758 1546 alius
786 1504 969 1547 autem
1003 1493 1206 1554 minus,
1237 1506 1396 1546 nemo
1423 1500 1602 1546 tamen
1628 1490 1700 1545 sit
1733 1492 1802 1548 ab
1827 1493 1932 1548 hoc
1957 1491 2028 1548 ad

442 1581 740 1654 perfectum
796 1599 986 1653 purus,
1031 1583 1135 1638 nisi
1178 1582 1270 1637 ille
1316 1582 1466 1637 solus
1510 1582 1578 1638 de
1609 1596 1719 1652 quo
1761 1585 2026 1651 scriptum

443 1687 569 1730 est:
606 1694 625 1726 ι
655 1675 754 1742 Qui
789 1683 1073 1744 peccatum
1107 1689 1213 1728 non
1259 1672 1410 1738 fecit,
1437 1688 1538 1728 nec
1563 1674 1721 1729 dolus
1767 1674 2027 1730 inventus

443 1777 526 1822 est
561 1768 614 1822 in
644 1783 741 1823 ore
771 1768 886 1840 ejus
910 1769 978 1822 ⁷⁸.
1006 1787 1026 1821 ι
1075 1767 1211 1822 Nam
1233 1777 1290 1822 et
1321 1767 1366 1823 si
1399 1767 1713 1822 inveniatur
1737 1768 1861 1838 quis
1896 1767 2024 1823 dili-

442 1874 576 1932 gens
605 1870 662 1915 et
689 1873 908 1926 cautus,
959 1869 1139 1933 potest
1181 1859 1432 1917 fortassis
1477 1862 1530 1916 in
1575 1862 1920 1930 gravioribus
1966 1878 2026 1918 se

440 1950 741 2004 observare
773 1968 788 2005 :
823 1966 984 2020 quem
1023 1962 1205 2006 autem
1253 1951 1520 2014 invenias,
1557 1951 1649 2022 qui
1692 1953 1744 2007 in
1789 1953 1907 2010 hac
1941 1953 2026 2010 vel

441 2057 554 2111 prae
589 2043 940 2110 verecundia,
972 2043 1055 2098 vel
1083 2033 1192 2114 pra:
1224 2043 1554 2114 negligentia
1589 2059 1696 2099 non
1729 2043 2027 2101 incurrat?

443 2131 719 2190 Interdum
768 2145 826 2191 et
879 2150 977 2206 per
1025 2135 1357 2190 oblivionem
1406 2135 1733 2191 omittuntur
1777 2151 1902 2207 qua:
1930 2153 2028 2194 cu-

441 2231 612 2284 randa
664 2228 902 2293 fuerant,
939 2237 995 2284 et
1035 2243 1108 2283 ne
1157 2235 1421 2297 appareat
1459 2227 1644 2297 culpa,
1691 2237 2027 2284 excusantur

442 2321 598 2378 aliter
627 2337 791 2392 quam
825 2321 938 2392 (‘29)
969 2330 1120 2391 gesta
1145 2328 1295 2378 sunt.
1323 2317 1478 2374 Unde
1508 2329 1563 2374 et
1593 2319 1810 2386 Petrus,
1845 2322 2025 2378 sciens

443 2415 577 2469 istas
631 2428 753 2468 esse
799 2413 1148 2468 diversitates
1200 2412 1329 2476 doli,
1367 2410 1532 2482 508
1559 2411 1614 2466 in
1654 2412 1896 2483 Epistola
1928 2429 2026 2471 sua

441 2505 633 2560 scribit
683 2505 872 2560 dicens
905 2522 920 2559 :
959 2523 978 2557 ι
1031 2505 1371 2574 Deponentes
1405 2519 1536 2573 ergo
1571 2519 1787 2560 onmem
1817 2505 2022 2574 dolum,

441 2609 496 2654 et
547 2599 971 2663 simulationem,
1017 2607 1074 2652 et
1116 2599 1402 2663 invidiam,
1437 2609 1494 2654 et
1546 2600 2021 2667 obtrectationem,

441 2690 597 2760 quasi
634 2690 794 2744 modo
843 2689 1010 2760 geniti
1065 2690 1321 2756 infantes,
1379 2691 1764 2757 rationabiles,
1801 2701 1858 2747 et
1904 2693 2025 2749 sine

441 2780 586 2843 dolo,
631 2780 716 2836 lac
756 2779 1156 2852 concupiscite,
1188 2789 1246 2835 ut
1271 2780 1324 2836 in
1365 2795 1433 2838 eo
1474 2782 1741 2840 crescetis
1779 2784 1833 2839 in
1873 2785 2019 2840 salu-

440 2881 550 2928 tem
569 2873 638 2927 ".
671 2893 693 2926 ο

511 2964 568 3020 ι.
637 2983 657 3018 ι
686 2963 967 3020 Venenum
1025 2965 1275 3037 aspidum
1328 2965 1431 3022 sub
1478 2965 1640 3024 labiis
1675 2981 1868 3024 eorum
1891 2967 1964 3023 ⁸⁹.
1997 2986 2018 3022 ι

440 3053 653 3112 Iorsus
708 3057 974 3126 serpentis
1023 3071 1236 3112 veneno
1287 3071 1488 3126 corpus
1544 3055 1662 3130 (50)
1708 3059 2020 3116 interimit:

2138 568 2292 623 radix
2331 567 2713 623 amaritudinis
2758 581 2974 622 sursum
3020 565 3336 637 germinans
3369 565 3658 635 impediat.
3692 586 3706 615 ι

2131 659 2366 714 Additur
2389 661 2441 714 in
2460 659 2922 729 consequentibus
2943 659 2990 692 “
3017 679 3031 713 :
3056 677 3074 710 ι
3104 658 3330 713 Veloces
3345 659 3514 728 pedes
3535 673 3707 713 eorum

2132 749 2202 804 ad
2233 749 2618 806 effundendum
2649 750 2994 821 sanguinem.
3026 768 3045 800 ι
3081 749 3236 817 Quod
3289 759 3484 804 tamen
3513 751 3706 805 crimen

2133 858 2244 898 non
2276 842 2529 900 fortassis
2551 842 2802 914 pluribus
2833 843 3009 914 aptari
3036 857 3194 914 posse
3219 840 3502 898 videbitur
3535 855 3706 897 eorum

2133 936 2199 992 de
2231 937 2433 1007 quibus
2473 937 2652 994 dixit:
2693 955 2713 991 ι
2745 935 2969 992 Causati
3000 935 3149 991 enim
3189 950 3380 990 sumus
3413 934 3634 990 Judaos
3663 949 3709 991 et

2131 1029 2349 1086 Graecos
2380 1045 2574 1087 omnes
2608 1030 2710 1088 sub
2738 1041 2964 1101 peccato
2993 1045 3116 1086 esse
3139 1029 3226 1095 ⁸⁸;
3264 1048 3285 1082 ι
3331 1029 3444 1084 nisi
3479 1029 3622 1082 forte
3645 1029 3704 1084 ita

2132 1121 2522 1194 intelligamus,
2552 1123 2682 1194 quia
2715 1137 2822 1178 non
2855 1123 3218 1194 corporaliter
3257 1132 3475 1177 tantum
3503 1123 3707 1190 sanguis

2131 1211 2430 1269 effunditur
2458 1228 2651 1270 eorum
2681 1227 2915 1282 quorum
2960 1227 3190 1280 corpora
3221 1212 3603 1274 trucidantur,
3627 1212 3703 1264 sed

2128 1315 2185 1362 et
2209 1307 2263 1362 hi
2295 1311 2388 1378 qui
2417 1305 2664 1378 quolibet
2689 1305 2951 1361 seandalo
2972 1305 3210 1360 animam
3239 1320 3269 1360 a
3300 1305 3415 1360 Deo
3439 1313 3703 1372 separant,

2128 1400 2232 1455 viri
2265 1399 2593 1470 sanguinum
2641 1399 3019 1454 nominantur.
3068 1395 3224 1452 Sicut
3250 1399 3399 1453 enim
3438 1396 3703 1451 homicida

2130 1492 2334 1548 dicitur
2357 1493 2448 1548 ille
2469 1493 2562 1561 qui
2593 1506 2798 1562 corpus
2819 1491 2888 1546 ab
2919 1493 3101 1546 anima
3138 1499 3382 1559 separat,
3425 1503 3529 1556 per
3555 1503 3703 1557 quan

2129 1584 2479 1641 vivificatur:
2514 1585 2589 1640 ita
2639 1584 2810 1640 multo
2855 1584 3020 1638 etiam
3071 1585 3256 1639 verius
3304 1583 3399 1637 ille
3442 1580 3703 1636 homicida

2129 1675 2394 1731 dicendus
2423 1687 2528 1743 εει,
2560 1675 2650 1746 qui
2683 1673 2928 1730 animam
2955 1691 2986 1730 a
3016 1689 3142 1730 vera
3175 1675 3286 1730 vita
3321 1681 3574 1742 separat,
3600 1687 3705 1741 qua:

2131 1767 2244 1839 (55)
2265 1776 2351 1823 est
2387 1767 2548 1824 Deus.
2590 1767 2768 1823 Pedes
2807 1775 2992 1822 autem
3027 1765 3211 1820 hocin
3253 1763 3374 1820 loco
3410 1763 3540 1818 illos
3560 1763 3703 1816 intel-

2058 1827 2102 1886 θ
2131 1827 2238 1929 fige
2271 1860 2339 1914 de
2389 1859 2586 1928 quibus
2619 1859 2756 1912 dicit
2796 1856 3070 1927 Propheta
3105 1874 3120 1910 :
3162 1874 3182 1907 ι
3209 1854 3310 1910 Mei
3345 1863 3539 1909 autem
3584 1868 3704 1922 pene

2130 1953 2260 2008 moti
2284 1961 2412 2007 sunt
2441 1952 2607 2023 pedes
2634 1951 2717 2015 ⁸⁶;
2747 1970 2767 2004 ι
2805 1951 2910 2006 hoc
2929 1959 3036 2020 est,
3057 1949 3345 2007 consilium
3366 1962 3484 2022 quo
3510 1947 3705 2016 agimus

2126 2046 2232 2100 iter
2264 2045 2407 2100 vitae.

2197 2138 2253 2192 5.
2278 2137 2600 2203 «Contritio,
2619 2146 2675 2193 et
2696 2136 2988 2193 infelicitas
3011 2135 3064 2192 in
3097 2135 3202 2191 viis
3225 2148 3415 2190 eorum
3446 2151 3466 2187 :
3494 2141 3554 2186 et
3575 2131 3701 2184 via

2125 2229 2277 2299 pacis
2314 2245 2419 2283 non
2461 2227 2923 2300 cognoverunt".
2949 2245 2970 2280 ι
3007 2226 3407 2282 Contritionem
3445 2224 3542 2279 hic
3566 2223 3701 2284 dicit,

2128 2337 2234 2376 non
2266 2319 2410 2374 illam
2463 2335 2570 2390 qua
2625 2319 2850 2388 spiritus
2882 2318 3122 2389 peccatis
3157 2316 3574 2373 contribulatur
3617 2328 3703 2384 pro

2124 2413 2470 2484 paenitentia,
2495 2413 2637 2468 unde
2666 2412 2866 2468 dicitur
2913 2413 2966 2466 in
3011 2410 3308 2467 Psalmis“8
3340 2427 3356 2464 :
3393 2427 3414 2462 ι
3454 2409 3568 2465 Cor
3589 2424 3704 2464 con-

2129 2505 2313 2558 tritum
2349 2514 2404 2558 et
2444 2503 2796 2558 humiliatum
2845 2502 2989 2558 Deus
3020 2518 3132 2557 non
3164 2503 3426 2572 spernit:
3470 2520 3492 2554 ι
3521 2501 3619 2556 sed
3648 2501 3705 2554 il-

2125 2594 2232 2648 lam
2279 2596 2418 2650 dicit
2469 2598 2857 2652 contritionem
2911 2611 3018 2666 qua
3069 2606 3399 2666 peccatores
3461 2595 3704 2652 dicuntur

2124 2699 2412 2744 conterere
2436 2689 2628 2760 jugum
2661 2689 2872 2744 Domini
2923 2701 2978 2744 et
3009 2689 3280 2759 projicere
3326 2703 3359 2743 a
3403 2689 3702 2744 cervicibus

2126 2780 2240 2835 suis
2267 2779 2334 2833 θ’.
2370 2779 2634 2836 Similiter
2677 2790 2736 2835 et
2787 2799 2805 2833 ι
2843 2779 3168 2847 infelicitas,
3195 2799 3216 2832 ι
3253 2779 3362 2846 vel,
3400 2780 3556 2834 sicut
3587 2775 3701 2832 alibi

2124 2869 2346 2942 legitur,
2383 2888 2404 2922 ι
2428 2871 2649 2927 miseria
2673 2890 2692 2923 ι
2732 2871 3051 2941 accipienda
3083 2880 3188 2937 est,
3213 2886 3321 2940 qua
3369 2872 3545 2926 miser
3586 2868 3701 2923 effe-

2125 2973 2244 3020 ctus
2273 2973 2359 3019 est
2390 2963 2556 3019 homo
2578 2974 2631 3018 et
2667 2963 2877 3030 infelix,
2899 2967 2989 3036 qui
3021 2982 3041 3018 ι
3066 2980 3189 3020 cum
3221 2967 3276 3019 in
3303 2965 3524 3019 honore
3553 2973 3701 3026 esset.

2125 3072 2233 3113 non
2257 3055 2543 3122 intellexit,
2569 3074 2588 3108 ›
2623 3056 2721 3112 sed
2759 3075 2779 3108 ι
2803 3068 3155 3126 comparatus
3175 3067 3258 3112 est
3276 3054 3557 3124 iumentis
3583 3056 3700 3108 insi-

443 3163 661 3204 morsus
684 3147 837 3203 verbi
866 3148 1116 3202 venenati
1146 3145 1340 3202 fraude
1363 3149 1602 3202 animam
1631 3159 1812 3206 necat.
1839 3148 2024 3206 Potest
2049 3181 2094 3241 α
2127 3147 2422 3219 pientibus,
2451 3157 2507 3203 et
2535 3146 2732 3201 similis
2764 3148 2946 3203 factus
2977 3157 3065 3203 est
3085 3147 3168 3202 eis
3188 3147 3258 3202 ”.
3288 3147 3361 3202 Et
3380 3147 3534 3202 viam
3563 3146 3701 3218 pacis

442 3241 612 3297 accidi
650 3240 756 3296 hoc
795 3248 851 3296 et
883 3239 951 3295 de
993 3239 1078 3295 his
1114 3240 1208 3310 qui
1250 3239 1649 3298 calumniarum
1702 3244 2026 3300 commentis
2059 3235 2093 3241 ⁷
2128 3253 2236 3295 non
2268 3250 2640 3310 cognoverunt
2661 3239 2731 3297 “.
2761 3256 2780 3291 ι
2811 3236 2924 3294 Pax
2951 3247 3134 3294 nostra
3166 3237 3426 3294 Christus
3455 3249 3564 3293 est.
3612 3235 3697 3290 Via

439 3332 884 3387 circumveniunt
917 3333 1169 3386 homines
1201 3350 1213 3386 :
1253 3340 1434 3402 potest
1463 3341 1518 3388 et
1565 3334 1633 3389 de
1661 3335 1770 3401 his,
1808 3337 1900 3407 qui
1931 3351 2027 3407 per

442 3423 764 3477 hrereticam
793 3423 1100 3476 doctrinam
1137 3436 1345 3478 veneno
1366 3423 1564 3479 diaboli
1602 3426 1879 3493 infectam,
1913 3429 2030 3483 ani-

443 3529 564 3569 mas
620 3515 902 3584 decipiunt
945 3515 1302 3586 simplicium.
1343 3535 1362 3568 ι
1408 3516 1649 3584 Quorum
1690 3534 1752 3574 os
1797 3519 2023 3577 maledic

441 3606 644 3671 ctione,
679 3613 734 3659 et
768 3605 1130 3661 amaritudine
1179 3606 1396 3674 plenum
1427 3607 1596 3667 est“.
1643 3627 1662 3662 ι
1700 3609 1778 3665 De
1815 3625 2026 3668 veneno

443 3697 663 3766 quidem
701 3696 947 3767 aspidum
981 3712 1087 3751 non
1134 3697 1271 3752 dixit
1298 3699 1459 3768 plena
1499 3714 1621 3756 esse
1647 3699 1812 3757 labia.
1839 3701 1896 3757 ln
1932 3703 2025 3760 illo

441 3789 589 3844 enim
620 3789 751 3844 vitio
779 3788 962 3859 plures
997 3790 1249 3848 fortassis
1284 3792 1653 3856 inveniantur,
1695 3809 1802 3850 non
1839 3804 2023 3852 tamen

440 3879 627 3950 plures
651 3881 742 3950 qui
767 3882 944 3950 plene,
973 3889 1030 3936 et
1064 3882 1132 3937 ad
1173 3882 1445 3953 integrum
1470 3884 1670 3940 veneni
1703 3884 1849 3940 illius
1874 3885 2026 3942 virus

439 3979 669 4026 exerant
718 3969 854 4041 (3i).
905 3970 1285 4026 Maledictione
1340 3983 1524 4026 autem
1560 3982 1615 4030 et
1660 3975 2026 4030 amaritudine

441 4062 638 4131 repleri
668 4077 752 4129 os,
781 4063 936 4117 valde
964 4063 1256 4118 multorum
1281 4074 1386 4119 est.
1406 4063 1540 4131 Quis
1559 4065 1706 4120 enim
1735 4067 1809 4122 ita
1840 4083 2026 4124 emen-

443 4152 552 4208 dati
587 4154 704 4208 oris
733 4163 822 4208 est
865 4151 1004 4226 ('52),
1035 4171 1198 4226 quem
1234 4171 1340 4210 non
1393 4156 1757 4213 maledicendi
1787 4173 2023 4215 consue-

443 4246 575 4298 tudo
598 4245 874 4312 sollicitet,
906 4263 1012 4301 non
1054 4247 1234 4302 dicam
1263 4248 1552 4302 adversum
1579 4262 1676 4304 eos
1723 4250 1815 4319 qui
1853 4250 2023 4305 male-

443 4337 681 4391 dictione
710 4338 855 4408 digni
890 4348 1039 4402 sunt,
1071 4339 1165 4394 sed
1198 4339 1491 4394 adversum
1527 4354 1624 4394 eos
1655 4355 1795 4410 quos
1833 4341 2024 4396 Domi-

443 4442 546 4480 nus
569 4442 672 4479 non
711 4426 1011 4491 maledixit,
1047 4428 1100 4482 id
1144 4438 1248 4494 est,
1281 4427 1460 4496 justus
1485 4438 1539 4484 et
1583 4433 1902 4487 innocentes
1933 4432 2018 4486 vi-

2125 3347 2257 3403 ergo
2302 3333 2475 3401 pacis,
2513 3332 2603 3386 via
2651 3329 2857 3386 Christi
2893 3339 2997 3386 est.
3029 3329 3135 3384 Sed
3180 3338 3238 3384 et
3288 3328 3336 3383 si
3372 3328 3698 3397 accipiamus

2126 3420 2271 3496 quod
2301 3431 2620 3490 peccatores
2646 3421 2774 3476 dum
2798 3419 3057 3476 vitiorum
3079 3418 3236 3475 bellis
3266 3434 3491 3488 semper
3513 3432 3699 3488 urgen-

2127 3521 2237 3578 tur,
2265 3513 2410 3568 viam
2466 3513 2620 3584 pacis
2651 3515 2927 3584 ignorant,
2957 3521 3104 3567 recte
3149 3510 3540 3581 intelligimus.
3571 3508 3697 3563 Dicit

2125 3604 2271 3659 enim
2299 3606 2566 3675 propheta
2592 3607 2662 3660 ad
2697 3605 2989 3661 Dominum
3019 3620 3037 3660 :
3070 3622 3089 3657 ι
3119 3602 3236 3658 Pax
3281 3602 3456 3657 multa
3488 3601 3697 3670 diliges.

2127 3694 2276 3752 tibus
2311 3712 2511 3752 nomen
2550 3706 2724 3763 tuum,
2757 3706 2815 3754 et
2850 3711 2958 3751 non
2987 3705 3073 3751 est
3105 3694 3215 3750 illis
3242 3693 3568 3749 scandalum
3592 3692 3652 3746 θ’.
3674 3707 3692 3742 ι

2127 3782 2234 3839 Sed
2270 3793 2327 3839 et
2359 3783 2450 3840 ille
2475 3784 2708 3856 populus
2735 3785 2831 3857 qui
2855 3787 2923 3841 de
2951 3785 3188 3856 Egypto
3221 3785 3458 3840 eductus
3480 3792 3587 3850 est,
3609 3797 3696 3853 per

2123 3873 2270 3928 viam
2309 3875 2461 3945 pacis
2511 3877 2762 3942 incessit,
2791 3885 2852 3932 ut
2899 3877 2968 3932 ad
3017 3887 3222 3931 terram
3263 3876 3694 3946 repromissionis

2125 3967 2364 4034 veniret,
2397 3976 2455 4022 et
2479 3967 2750 4024 habitaret
2785 3969 2840 4023 in
2867 3967 3192 4035 Jerusalem,
3233 3983 3356 4038 quae
3386 3969 3696 4035 interpreta-

2127 4067 2216 4115 tur
2249 4061 2382 4115 uisio
2433 4063 2606 4131 pacis,
2646 4062 2788 4117 sicut
2834 4071 2890 4118 et
2931 4061 3203 4132 Propheta
3232 4064 3368 4119 dicit
3400 4081 3415 4117 ε
3453 4082 3474 4115 ι
3509 4061 3694 4117 Factus

2123 4163 2210 4208 est
2238 4152 2289 4208 in
2316 4169 2449 4224 pace
2477 4153 2629 4210 locus
2660 4154 2800 4223 ejus,
2820 4167 2872 4211 et
2897 4156 3164 4212 habitatio
3191 4156 3312 4224 ejus
3339 4157 3397 4210 in
3430 4153 3562 4210 Sion
3587 4154 3652 4210 ”.
3671 4171 3689 4204 ι

2123 4241 2344 4300 Plenius
2381 4255 2562 4300 autem
2598 4248 2741 4301 viam
2770 4249 2919 4316 pacis
2965 4248 3213 4318 agnoscit
3239 4248 3333 4317 qui
3362 4247 3433 4301 ad
3465 4246 3691 4302 caelestis

2123 4333 2425 4390 Jerusalem
2455 4338 2824 4393 habitaculum
2859 4339 3052 4404 tendit,
3096 4348 3155 4394 ut
3191 4340 3259 4394 ad
3290 4351 3543 4396 sanctam
3570 4339 3692 4394 civi-

2129 4436 2294 4482 tatem
2314 4428 2408 4483 Dei
2430 4430 2656 4486 viventis
2685 4433 2963 4487 ascendat.
2989 4432 3118 4487 Post
3137 4434 3250 4488 haec
3269 4435 3521 4488 additur:
3547 4451 3566 4483 ι
3585 4432 3689 4486 Non

444 4517 573 4570 ros?
599 4517 911 4585 Promptum
937 4519 1040 4574 hoc
1075 4529 1128 4573 et
1150 4521 1392 4590 proclive
1422 4521 1613 4576 vitium
1642 4529 1726 4576 est
1747 4521 2014 4594 fragilita-
2046 4525 2099 4586 ι)
2124 4527 2209 4573 est
2245 4519 2406 4574 timor
2435 4521 2528 4576 Dei
2578 4534 2704 4578 ante
2751 4523 2940 4578 oculos
2975 4537 3168 4578 eorum
3200 4523 3269 4576 “.
3300 4543 3320 4575 ι
3359 4524 3423 4580 Si
3469 4525 3590 4594 quis
3623 4523 3689 4576 sit

442 4606 516 4660 tis
553 4606 803 4660 humanae
826 4624 954 4674 erga
984 4608 1258 4678 subjectos
1297 4611 1570 4682 prmcipue
1607 4621 1662 4668 et
1688 4611 2020 4670 inferiores:

441 4699 515 4754 ita
563 4698 750 4768 utjam
778 4700 1192 4770 appellationem
1239 4704 1382 4758 hanc
1436 4719 1542 4758 non
1580 4705 2022 4762 maledictionem

442 4801 656 4862 putent.
685 4791 752 4846 Et
782 4792 905 4847 ideo
935 4794 1158 4864 plenum
1188 4808 1310 4850 esse
1337 4809 1401 4850 os
1429 4811 1644 4863 eorum,
1679 4806 1734 4852 et
1761 4806 2020 4866 tanquam

441 4883 511 4938 de
562 4883 722 4952 pleno
771 4885 886 4939 oris
935 4885 1158 4941 vasculo
1209 4886 1583 4942 indesinenter
1624 4887 1827 4944 dicitur
1851 4886 2023 4944 ﬂuere

441 4976 776 5032 maledictio.
805 4977 944 5033 Huic
997 4989 1176 5033 tamen
1205 4987 1260 5032 ct
1295 4979 1606 5035 amaritudo
1643 4981 2014 5052 conjungitur,

439 5068 568 5138 quia
599 5083 665 5123 ex
696 5069 990 5124 iracundia:
1018 5069 1142 5126 felle
1177 5071 1536 5141 depromitur.
1553 5071 1657 5128 Per
1679 5074 2015 5128 iracundiam

443 5158 589 5211 enim
627 5173 693 5213 ac
723 5159 960 5215 furorem
1004 5163 1070 5214 ad
1105 5162 1534 5218 maledicendum
1568 5164 1752 5236 lingua
1779 5166 2019 5234 compel-

444 5249 593 5303 'itnr.
630 5250 697 5304 Et
745 5252 869 5307 ideo
901 5253 1033 5306 dicit
1088 5253 1229 5308 idem
1282 5255 1570 5325 Apostolus
1595 5257 1641 5288 ⁸³
1675 5276 1688 5313 :
1733 5275 1752 5310 ι
1788 5257 2017 5312 Benedi-

469 5377 485 5419 -_
512 5345 561 5419 ξ]
592 5344 782 5419 Matth.
819 5363 920 5419 xu,
962 5349 1054 5419 34.
1083 5418 1092 5419 ί
1152 5349 1199 5381 ’⁸
1228 5351 1244 5404 l
1273 5349 1422 5406 Petr.
1453 5367 1514 5419 tt,
1545 5353 1633 5408 ἓξ.

1740 5355 1786 5388 ⁷⁸
1838 5353 1972 5410 ibid.
2036 5353 2088 5413 l,
2119 5353 2175 5406 2.

2123 4610 2215 4680 qui
2247 4625 2463 4680 semper
2505 4613 2574 4666 de
2613 4612 2810 4669 timore
2862 4614 2956 4669 Dei
2989 4612 3210 4682 cogitet,
3235 4614 3370 4684 quid
3396 4616 3449 4670 ei
3497 4616 3689 4684 placeat

2126 4701 2389 4770 requirat,
2414 4702 2615 4771 quidve
2642 4704 3088 4774 displiceat,huic
3117 4708 3281 4762 timor
3312 4707 3408 4761 Dei
3432 4721 3557 4762 esse
3578 4716 3689 4758 ante

2123 4791 2312 4848 oculos
2351 4793 2571 4848 dicitur.
2608 4795 2715 4850 Sed
2768 4797 2978 4866 peritus
3027 4797 3191 4854 debet
3218 4813 3363 4865 esse,
3387 4808 3446 4853 et
3485 4813 3554 4852 ex
3585 4797 3687 4866 lege

2123 4880 2341 4938 Domini
2385 4883 2674 4954 diligenter
2712 4889 2961 4944 eruditus
2988 4891 3060 4954 ³⁵,
3094 4904 3162 4946 ne
3192 4890 3336 4945 forte
3365 4890 3479 4945 illic
3518 4896 3688 4944 timeat

2126 4976 2341 5042 timore,
2370 4977 2463 5032 ubi
2495 4981 2842 5034 necessarius
2886 4995 2996 5035 non
3033 4981 3143 5036 erit
3190 4983 3377 5036 timor.
3414 4980 3687 5036 Ponendus

2123 5075 2212 5121 est
2253 5081 2385 5136 ergo
2427 5083 2645 5140 semper
2671 5070 2834 5126 timor
2873 5071 2967 5126 Dei
3000 5083 3128 5126 ante
3153 5071 3388 5127 oculos:
3430 5088 3535 5128 non
3568 5073 3688 5126 istos

2121 5160 2310 5216 oculos
2337 5161 2522 5216 carnis
2549 5162 2748 5233 (neque
2780 5165 2923 5220 enim
2945 5164 3161 5221 visibile
3183 5165 3420 5234 aliquid,
3462 5177 3554 5220 aut
3576 5180 3687 5218 oor-

2121 5269 2346 5324 poreum
2376 5255 2682 5328 qumritur),
2709 5258 2804 5313 sed
2833 5267 2960 5313 ante
2987 5258 3174 5313 oculos
3196 5260 3398 5314 mentis
3422 5259 3557 5328 (34);
3581 5259 3685 5326 qui-

2281 5350 2328 5383 ⁸⁸
2355 5352 2514 5406 Rom.
2540 5367 2625 5416 ιιι,
2658 5353 2748 5408 1⁸5.
2820 5355 2864 5386 ⁸⁸
2901 5355 3029 5409 ibid.
3063 5355 3152 5410 l4.
3226 5354 3270 5386 ⁸³
3302 5353 3466 5411 Rom.
3491 5371 3582 5417 xu,
3608 5353 3687 5406 ll.

440 5413 488 5492 ⁸]
512 5413 676 5468 Hebr.
706 5418 918 5492 χιιηιό.
991 5418 1042 5492 ff"
1075 5418 1234 5492 Rom.
1264 5436 1338 5485 In,
1372 5421 1459 5475 15.
1500 5413 1582 5456 ’⁸⁸
1607 5424 1741 5480 ibid.
1771 5425 1827 5480 9.
1901 5425 1948 5456 ⁸⁸
1977 5425 2015 5479 Ρ

2199 5436 2333 5485 xxu,
2363 5421 2419 5476 2.
2493 5421 2538 5454 ⁸⁷
2568 5413 2726 5478 Rom.
2752 5440 2833 5488 ιιι,
2863 5425 2952 5492 l6,
2984 5425 3071 5479 17.
3145 5425 3191 5458 ⁸³
3223 5425 3370 5480 Psal.
3404 5442 3460 5489 ι..
3498 5413 3581 5479 l9.
3649 5423 3686 5450 "’

445 5483 649 5562 gerem.
682 5501 738 5544 ιι.
767 5487 869 5562 9.9:
909 5488 1067 5562 νηξὶ.Δ
1133 5492 1177 5524 ⁸ο
1211 5483 1582 5562 Ρειιῐηιινιιι,
1610 5495 1698 5562 15,
1739 5495 1832 5551 Si.

439 5553 487 5584 "'
511 5553 668 5606 Rom.
695 5571 774 5618 ιιι,
807 5555 894 5609 18.
965 5559 1010 5588 ’⁵
1035 5557 1177 5613 Psal.
1210 5575 1332 5626 xm,
1359 5561 1414 5616 5.

511 5642 625 5710 (29)
662 5643 773 5708 A|.,
809 5662 829 5695 ι
865 5661 1047 5714 απαξ.»

511 5715 624 5795 ρει)
657 5715 767 5795 δικ,
797 5733 816 5766 ι
843 5717 1018 5768 Morsu
1044 5721 1314 5788 serpentis
1340 5736 1604 5778 venenum
1629 5730 2014 5795 corpus,aetc.

513 5783 625 5855 (3i)
665 5783 775 5855 AL,
812 5803 830 5837 ι
853 5783 1162 5844 exerceant.
1188 5809 1206 5841 ι

1908 5495 1954 5528 ⁹¹
1998 5494 2157 5549 Rom.
2207 5509 2289 5558 ιιι,
2329 5492 2418 5546 17.
2497 5495 2544 5526 ⁸⁸
2566 5495 2711 5549 Psal.
2744 5511 2932 5562 cxvm,
2968 5495 3092 5551 165.

3186 5497 3234 5528 ’³
3261 5496 3415 5552 Psal.
3463 5511 3617 5558 uxr,
3640 5494 3682 5544 5-

2195 5652 2307 5719 (52)
2347 5653 2455 5716 Al.,
2495 5672 2514 5706 ι
2547 5657 2933 5714 emendatioris
2960 5669 3044 5716 est
3072 5661 3216 5716 vitze.
3249 5679 3270 5716 ι

2198 5723 2314 5862 Q33
2355 5723 2520 5790 Etlili,
2562 5745 2580 5777 ι
2609 5729 2724 5794 qui.
2761 5746 2779 5778 ι

2199 5792 2292 5862 (οι
2351 5795 2519 5858 Alias.
2555 5815 2575 5848 ι
2611 5799 2704 5854 sed
2733 5800 2933 5856 dicitur
2961 5801 3027 5857 de
3061 5801 3204 5858 oculi

2199 5792 2314 5862 (54)
2351 5795 2519 5858 Alias.
2555 5815 2575 5848 ι
2611 5792 2704 5854 Sed
2733 5800 2933 5856 dicitur
2961 5801 3027 5857 de
3061 5801 3238 5858 oculis
3267 5803 3490 5859 mentis.
3522 5821 3542 5855 ι
