3754 6560
53 441 152 498 937

1003 440 1354 500 COMMENT.
1391 444 1456 500 ΙΝ
1497 443 1712 501 EPIST.
1751 443 1842 498 AD
1880 442 2046 501 ROM.
2082 443 2205 498 LIB.
2248 442 2333 498 Ill.

3180 446 3288 500 938

52 563 154 612 bus
186 557 400 612 timoris
431 557 524 612 Dei
562 565 615 612 et
653 558 961 615 intellectus
988 571 1044 616 et
1087 564 1331 620 doctrina
1360 567 1624 638 perspici-
1654 571 1698 627 Α
1726 564 1896 637 Moysi
1925 565 2242 636 intelligere,
2274 577 2395 632 qua:
2420 559 2526 616 illis
2544 561 2663 616 sine
2684 561 2849 616 dubio
2872 561 3000 618 solis
3023 562 3283 633 loquitur,

53 662 162 718 tur,
190 667 296 720 per
323 666 507 719 quam,
539 652 680 706 sicut
713 654 966 722 superius
989 656 1246 724 diximus,
1291 661 1622 733 intelligatur

56 749 181 814 quid
211 748 508 802 timendum
543 749 636 812 sit,
666 758 760 803 aut
787 750 916 819 quid
944 767 1049 807 non
1081 756 1151 810 sit
1183 757 1619 824 timendum.Qui

55 841 224 894 Deum
260 841 430 902 timet,
463 851 759 910 potestates
799 845 982 900 saeculi
1016 862 1122 902 non
1169 849 1344 905 timet.
1395 849 1460 904 Et
1490 851 1617 920 quid

51 933 168 986 dico
192 935 266 988 de
304 936 660 1003 potestatibus
689 938 914 994 saeculi?
939 939 1047 995 Nec
1087 941 1206 997 illos
1251 943 1618 1012 principatus,

52 1040 103 1082 et
137 1039 469 1096 potestates,
492 1039 545 1086 et
574 1033 756 1088 mundi
785 1032 945 1102 hujus
969 1042 1233 1101 rectores,
1259 1051 1435 1108 neque
1455 1038 1620 1107 spiri-

52 1120 173 1174 talia
224 1122 486 1190 nequitia:
535 1123 588 1178 in
642 1125 954 1183 caelestibus
988 1130 1141 1184 timet
1160 1130 1228 1184 ".
1258 1128 1328 1184 Et.
1360 1141 1418 1184 ut
1448 1131 1616 1199 ipsius

54 1212 150 1265 hoc
173 1211 293 1281 (55)
325 1212 474 1270 Pauli
504 1219 830 1274 auctoritate
856 1221 1157 1286 firmemus,
1188 1223 1311 1276 audi
1345 1223 1615 1292 quomodo

53 1302 178 1356 dicit
205 1304 279 1358 de
295 1305 544 1360 humanis
571 1311 961 1376 potestatibus:
1012 1330 1031 1363 ι
1066 1311 1196 1376 Vis,
1256 1315 1464 1382 inquit.
1505 1329 1614 1368 non

53 1395 238 1451 timere
266 1409 590 1466 potestatem
618 1401 642 1455 ‘.'
668 1402 776 1456 Fac
797 1406 940 1474 quod
969 1406 1165 1458 bonum
1190 1415 1294 1470 est,
1315 1417 1368 1461 et
1393 1406 1616 1461 habebis

55 1489 260 1543 laudem
309 1507 377 1546 ex
418 1506 482 1547 ea
507 1494 575 1549 "’.
602 1513 621 1546 ι
661 1495 728 1550 Et
767 1495 1036 1565 Propheta
1081 1498 1215 1552 dicit
1247 1516 1261 1552 :
1298 1516 1318 1550 ε
1355 1500 1614 1554 Dominus

55 1585 174 1638 mibi
213 1586 433 1652 adjutor
463 1598 566 1654 est,
602 1605 706 1645 non
738 1591 938 1646 timebo
968 1593 1096 1662 quid
1136 1593 1301 1648 faciat
1341 1594 1471 1649 mihi
1509 1594 1610 1649 ho-

55 1675 225 1728 mo“.
260 1694 282 1727 ι
329 1678 403 1732 De
445 1679 688 1735 adversis
740 1695 870 1736 vero
906 1686 1264 1752 potestatibus
1317 1686 1608 1754 spirituum

55 1768 181 1819 idem
236 1767 506 1838 Propheta
550 1772 787 1827 sensisse
835 1773 964 1828 mihi
1019 1776 1253 1841 videtur,
1302 1778 1389 1831 ubi
1429 1779 1606 1833 dicit:

60 1878 76 1909 ‹
97 1859 234 1913 Multi
259 1860 356 1931 qui
390 1861 658 1917 debellant
695 1881 780 1920 me
804 1867 870 1921 de
889 1867 1129 1931 excelso,
1149 1885 1245 1936 per
1273 1869 1418 1922 diem
1449 1869 1606 1923 time-

55 1952 174 2004 bunt
194 1950 265 2018 ”;
293 1971 313 2004 ι
355 1963 410 2008 et
438 1956 635 2010 iterum
664 1973 680 2011 :
722 1974 741 2007 ι
769 1955 826 2012 Si
867 1960 1168 2013 consistant
1203 1959 1491 2015 adversum
1522 1975 1607 2014 me

57 2051 370 2110 castra,non
400 2046 612 2103 timebit
644 2062 741 2103 cor
771 2064 949 2105 meum
979 2051 1056 2104 ί.»
1083 2049 1229 2118 Opus
1249 2065 1380 2119 ergo
1402 2051 1610 2123 grande

55 2143 124 2188 est
143 2137 558 2206 etmagniﬂcum
584 2153 799 2210 semper
823 2141 1027 2196 habere
1053 2153 1180 2197 ante
1209 2144 1397 2200 oculos
1428 2146 1609 2200 cordis

59 2225 200 2297 ξω
225 2228 474 2284 timorem
503 2230 630 2286 Dei:
655 2231 805 2288 illum
833 2233 1105 2300 timorem,
1132 2236 1222 2305 qui
1241 2236 1468 2304 replevit
1491 2238 1604 2291 vir-

57 2333 162 2387 gam
191 2334 315 2388 quae
346 2322 588 2377 surrexit
613 2325 680 2378 de
718 2324 901 2393 radice
954 2323 1129 2392 Jesse,
1176 2335 1232 2383 et
1277 2327 1464 2383 ﬂorem
1510 2329 1605 2398 qui

58 2410 114 2463 de
160 2411 348 2468 radice
388 2411 508 2482 ejus
572 2417 809 2470 surrexit
843 2435 856 2471 :
887 2418 952 2472 de
1001 2435 1109 2489 quo
1162 2421 1374 2475 dixerat
1419 2439 1435 2474 :
1479 2438 1500 2473 ‹
1538 2420 1606 2475 Et

57 2499 264 2569 raplehit
293 2517 420 2557 eum
444 2505 669 2572 spiritus
697 2507 907 2563 timoris
939 2509 1148 2564 Domini
1181 2513 1223 2565 ’.
1255 2530 1274 2564 ι
1311 2510 1368 2565 ln
1399 2518 1602 2565 tanttun

60 2602 216 2646 autem
264 2593 571 2663 perfectum
626 2600 802 2653 reddit
855 2601 1128 2655 hominem
1176 2601 1270 2657 Dei
1317 2603 1498 2667 timor,
1547 2611 1618 2656 ut.

59 2684 173 2738 nihil
201 2685 254 2740 ei
279 2687 444 2751 desit,
477 2698 538 2743 ut
574 2687 848 2759 Propheta
886 2693 1018 2747 dicit
1057 2693 1196 2764 (36),
1228 2694 1354 2763 quia
1411 2712 1432 2745 ι
1470 2695 1603 2748 nihil

61 2773 190 2831 deest
220 2776 548 2836 timentibus
591 2796 715 2837 eum
745 2783 786 2840 ³.
819 2803 839 2838 ι
899 2782 1046 2847 Htec,
1105 2795 1268 2854 prout
1307 2789 1599 2854 potuimus,

61 2866 260 2938 singulis
299 2873 610 2943 quibusque
644 2888 764 2944 quae
802 2891 831 2930 a
875 2877 1043 2931 Paulo
1081 2888 1355 2948 assumpta
1390 2878 1604 2933 fuerant

63 2958 362 3024 aptavimus,
401 2965 678 3031 quomodo
729 2967 1023 3022 convenire
1058 2969 1374 3024 viderentur
1404 2971 1488 3025 his
1533 2970 1601 3025 de

63 3051 232 3116 quibus
289 3053 474 3110 dicit:
507 3075 528 3108 ι
561 3057 779 3113 Causatl
834 3061 980 3114 enim
1025 3076 1214 3117 sumus
1276 3060 1494 3117 Iudaeos
1547 3070 1603 3116 et

61 3134 249 3195 Gnaeos
269 3156 467 3199 otnnes
495 3148 596 3204 sub
619 3159 844 3217 peccato
875 3165 995 3206 esse
1023 3151 1064 3205 ⁸.
1099 3170 1117 3202 ι
1149 3151 1279 3220 Quae
1320 3162 1496 3207 tamen
1526 3152 1600 3207 ita

65 3231 399 3332 Putedebere-
432 3236 682 3332 intelligi,
713 3256 819 3294 non
848 3254 906 3297 ut
937 3245 989 3297 in
1022 3245 1255 3314 singulis
1289 3247 1599 3305 hominibus
1626 3275 1670 3332 ο

63 3321 212 3375 omnia
232 3324 351 3378 haec
375 3324 540 3382 fuisse
563 3342 879 3400 arguantur,
920 3335 1015 3388 sed
1061 3335 1204 3390 aliud
1232 3337 1286 3392 in
1321 3337 1430 3394 alio
1461 3340 1598 3412 (37),

65 3412 338 3511 etaliudin
368 3417 496 3511 alio,
532 3420 608 3474 ita
635 3432 815 3478 tamen
841 3434 898 3479 ut
924 3426 979 3480 in
1007 3427 1260 3484 omnibus
1291 3429 1602 3500 lmpleretur

66 3505 359 3560 universitas
386 3507 488 3562 ista
521 3509 792 3567 vitiorum.

118 3593 162 3646 ϐ.
211 3613 230 3646 ι
261 3595 479 3654 Scimus
538 3611 761 3670 autem,
818 3611 1070 3677 quoniam
1118 3625 1450 3682 quaecunque
1513 3613 1597 3671 lex

67 3680 290 3757 loquitur,
329 3691 415 3746 his
445 3693 536 3762 qui
562 3695 614 3749 in
640 3696 758 3766 lege
781 3708 911 3752 sttnt
939 3697 1204 3771 loquitur,
1238 3715 1294 3758 ιιι
1329 3680 1488 3761 omne
1536 3721 1600 3762 os

67 3778 354 3838 obstruatur
403 3794 459 3840 et
511 3787 765 3845 subditus
809 3790 906 3845 ﬂat
953 3794 1132 3849 omnis
1182 3798 1414 3852 mundus
1465 3797 1597 3853 Deo.

68 3864 329 3939 Propterea
355 3876 467 3947 (38)
487 3893 554 3934 ex
583 3881 838 3952 operibus
888 3881 1023 3951 legis
1070 3901 1174 3940 non
1215 3888 1600 3958 justillcabitur

69 3962 210 4015 omnis
237 3980 368 4021 caro
400 3966 450 4020 in
482 3979 778 4039 conspectu
812 3971 904 4026 Dei
939 3973 1071 4045 (59).
1103 3975 1208 4029 Per
1249 3978 1420 4048 legem
1451 3982 1595 4035 enim

70 4050 237 4141 agnitio
263 4056 474 4121 peccati
503 4056 579 4114 ⁸.»
623 4059 838 4115 Ρτωτθιὶ
865 4077 1056 4119 sumus
1091 4065 1142 4118 in
1178 4067 1461 4138 principiis
1484 4069 1597 4141 (40)

71 4137 348 4206 Apostolum
414 4147 466 4201 in
527 4149 632 4204 hac
685 4151 925 4222 Epistola
981 4158 1049 4212 de
1101 4137 1597 4232 pluribusilegibus

74 4236 418 4304 tractaturum,
463 4256 693 4311 quarum
749 4247 1008 4303 discretio
1061 4258 1116 4304 et
1161 4249 1445 4307 distinctio
1494 4254 1596 4308 nisi

72 4337 145 4391 per
167 4327 272 4384 loca
316 4333 527 4403 singula
556 4336 837 4405 habeatur,
871 4339 1206 4396 confundere
1238 4345 1439 4412 poterit
1467 4359 1596 4399 sen-

73 4427 163 4470 sum
200 4419 441 4492 legentis.
474 4425 642 4498 Igitur
685 4429 848 4486 etiam
894 4434 946 4486 itt
999 4435 1249 4503 praesenti
1295 4436 1414 4492 loco
1453 4439 1597 4507 quod

76 4509 252 4571 dicitu
283 4521 502 4578 Scimus
565 4535 766 4590 autem,
821 4528 1080 4596 quoniam
1129 4543 1465 4601 quaecunque
1510 4529 1596 4586 lex

1723 671 1862 727 quos
1899 671 1966 712 ex
2017 656 2210 711 matris
2254 665 2413 708 utero
2460 653 2863 709 circumciderit
2915 664 2970 708 et
3018 657 3285 718 docuerit,

1721 751 1993 819 quomodo
2052 761 2391 816 consequens
2443 746 2718 800 videbitur
2785 748 2930 818 quod
2996 763 3092 814 per
3145 749 3285 804 hanc

1725 845 1918 914 legem.
1945 859 2065 913 qua:
2105 858 2265 896 uuam
2293 845 2664 897 tantummodo
2697 842 2960 897 institutis
2993 844 3109 897 suis
3153 857 3287 898 con-

1722 937 1883 1006 tingit
1923 945 2160 1008 gentem,
2194 952 2355 994 omne
2393 953 2453 994 os
2491 936 2822 999 obstruetur,
2878 945 2930 989 et
2980 937 3159 990 omnis
3191 950 3290 1005 per

1717 1041 1838 1084 eam
1874 1030 2104 1084 mundus
2149 1029 2260 1085 Deo
2313 1037 2561 1086 teneatur
2600 1029 2906 1084 obnoxius?
2955 1029 3092 1097 Quid
3137 1030 3287 1086 enim

1718 1135 2006 1176 commune
2033 1125 2097 1176 ad
2131 1124 2269 1178 hanc
2298 1123 2470 1194 legem
2501 1132 2688 1195 gentes
2718 1138 2927 1188 omnes,
2979 1123 3107 1193 quid
3140 1132 3286 1180 totus

1719 1213 1923 1268 habere
1945 1215 2178 1268 mundus
2202 1215 2508 1271 credendus
2536 1215 2666 1270 est?
2695 1215 2982 1284 Quomodo
3012 1225 3194 1272 autem
3227 1225 3285 1272 et

1716 1306 1922 1376 agnitio
1961 1307 2164 1375 peccati
2202 1320 2297 1374 per
2332 1306 2503 1376 legem
2541 1307 2707 1379 Moysi
2752 1309 2872 1362 ﬁeri
2908 1309 3128 1371 dicitur.
3159 1324 3283 1364 cum

1716 1399 2066 1454 inveniantur
2101 1399 2316 1466 plurimi
2360 1408 2416 1454 et
2446 1409 2569 1454 ante
2607 1416 2725 1455 eam
2766 1401 3058 1466 agnovisse
3084 1418 3286 1472 pecca-

1717 1503 1830 1546 tum
1868 1492 2070 1546 suum?
2112 1491 2247 1547 Cain
2286 1493 2520 1563 denique
2566 1509 2687 1546 cum
2722 1503 3003 1562 peccasset
3041 1495 3114 1549 ita
3145 1496 3221 1548 ait
3265 1516 3278 1550 :

1719 1603 1738 1636 ι
1771 1584 1941 1652 Majns
1966 1593 2048 1639 est
2070 1593 2351 1654 peccatum
2378 1600 2579 1651 meum,
2598 1604 2758 1656 quant
2785 1596 2841 1639 ut
2871 1589 3178 1642 remittatur
3198 1587 3277 1642 ⁸,»

1713 1679 1823 1750 (tl)
1849 1679 1953 1733 Sed
1972 1688 2026 1733 ct
2055 1678 2378 1748 patriarcha:
2399 1692 2521 1732 cum
2547 1679 2616 1734 ad
2645 1678 2846 1748 loseph
2871 1679 3282 1736 descendissent

1711 1773 1764 1826 in
1794 1771 2113 1841 Egyptum,
2151 1780 2208 1825 et
2228 1771 2481 1826 simulata
2512 1771 2582 1826 ab
2624 1787 2688 1824 eo
2716 1770 3089 1828 confutatione
3123 1787 3282 1843 urge-

1710 1873 1920 1925 rentur,
1943 1863 2012 1916 ita
2040 1862 2105 1916 ad
2126 1863 2442 1918 alterutrum
2464 1863 2652 1918 dicunt
2674 1881 2686 1914 :
2708 1882 2725 1912 ‹
2748 1862 2802 1916 ln
2824 1863 3062 1933 peccatis
3090 1877 3281 1919 sumus

1711 1972 1808 2025 pro
1841 1956 2012 2012 fratre
2055 1966 2266 2022 nostro,
2301 1957 2424 2024 quia
2471 1957 2817 2026 despeximus
2866 1955 3277 2011 tribulationem

1710 2048 1826 2115 ejus
1857 2049 2051 2102 animae
2085 2063 2206 2102 cmn
2235 2058 2451 2118 rogaret
2480 2061 2578 2103 nos
2602 2090 2617 2114 ,
2670 2058 2724 2102 et
2761 2064 2868 2104 non
2899 2048 3280 2103 exaudivimus

1710 2155 1829 2193 eunt
1853 2143 2112 2210 :pr0pter
2136 2141 2236 2194 hoc
2261 2140 2405 2194 venit
2433 2155 2598 2209 super
2623 2155 2720 2195 nos
2749 2140 3028 2195 tribulatio
3052 2141 3170 2196 haec
3196 2141 3274 2195 ’.i

1711 2231 1816 2287 Sed
1845 2241 1901 2287 et
1926 2229 2046 2296 Job,
2073 2246 2233 2302 quem
2279 2241 2410 2287 ante
2460 2232 2634 2304 legem
2695 2231 2862 2289 fuisse
2910 2241 3148 2300 constat,
3203 2233 3278 2289 ita

1708 2324 1838 2377 dicit
1865 2341 1879 2376 :
1906 2341 1925 2373 ι
1948 2323 2102 2390 Quod
2125 2332 2178 2377 et
2207 2323 2252 2376 si
2282 2324 2498 2392 peccavi
2524 2324 2746 2388 invitus,
2781 2325 2824 2378 si
2856 2325 3123 2379 occultavi
3153 2338 3279 2392 pee-

1707 2425 1886 2469 catum
1915 2430 2120 2481 meum,
2141 2423 2236 2468 aut
2258 2414 2518 2471 confusus
2551 2431 2668 2471 sum
2700 2416 3047 2472 multitudine
3069 2417 3274 2488 populi,

1706 2507 1994 2577 quominus
2039 2506 2424 2560 annuntiarem
2482 2506 2738 2561 delictum
2799 2523 2977 2562 meum
3024 2507 3114 2562 ⁸.»
3172 2509 3277 2575 Qui

1706 2615 1894 2656 omnes
1949 2599 2232 2653 evidenter
2297 2600 2564 2654 docentur
2631 2601 2916 2669 agnovisse
2991 2614 3276 2670 peccatum

1705 2708 1884 2748 suum.
1919 2691 1993 2745 Ex
2035 2693 2121 2746 his
2165 2705 2296 2760 ergo
2349 2690 2628 2762 colligitur
2682 2690 2908 2747 Paulum
2972 2694 3274 2764 apostolum

1706 2799 1811 2839 non
1841 2785 1906 2840 de
1931 2783 2050 2853 lege
2081 2783 2248 2855 Moysi
2275 2784 2388 2838 ltzec
2421 2783 2626 2847 dicere,
2661 2802 2680 2834 ι
2704 2783 2842 2850 Quia
2871 2785 2954 2839 lex
2981 2786 3064 2840 his
3090 2786 3182 2856 qui
3220 2787 3275 2841 in

1704 2877 1820 2948 lege
1859 2886 1988 2932 sunt
2034 2876 2272 2943 loquitur
2309 2879 2398 2942 ⁸,»
2452 2876 2548 2930 sed
2602 2876 2666 2929 de
2720 2876 2952 2930 naturali
3002 2876 3123 2946 lege
3154 2892 3275 2946 quae

1703 2970 1907 3040 scripta
1950 2978 2032 3023 est
2076 2967 2128 3021 in
2166 2968 2424 3023 cordibus
2476 2967 2776 3022 hominum.
2835 2966 2960 3022 Haec
3007 2981 3140 3039 ergo
3183 2967 3275 3023 lex

1702 3074 2038 3129 quaecunque
2067 3059 2224 3124 dicit,
2256 3058 2341 3114 his
2372 3059 2462 3129 qui
2493 3059 2547 3114 in
2578 3058 2696 3128 lege
2718 3067 2844 3115 sunt
2878 3060 3030 3115 dicit.
3057 3059 3122 3116 'ln
3153 3061 3276 3133 lege

1703 3160 1881 3206 autem
1903 3162 2028 3206 sunt
2054 3151 2106 3205 hi
2124 3152 2214 3221 qui
2244 3151 2296 3206 id
2326 3152 2504 3207 aetatis
2531 3161 2721 3223 agunt,
2751 3169 2859 3222 quo
2883 3153 3272 3209 discretionem

1703 3245 1830 3300 boni
1871 3244 2106 3314 malique
2130 3244 2240 3312 jam
2278 3244 2520 3315 capiant.
2559 3244 2690 3301 Sine
2717 3245 2835 3316 lege
2865 3259 2996 3301 vero
3037 3246 3111 3300 illi
3145 3258 3275 3302 sunt

1706 3336 1900 3406 quibus
1921 3338 2156 3392 nondum
2186 3335 2496 3404 bujusmodi
2520 3337 2868 3392 discretionis
2891 3352 3083 3393 sensus
3105 3338 3270 3393 adve-

1703 3428 1819 3494 nit,
1857 3428 2151 3483 secundum
2191 3428 2333 3498 quod
2363 3438 2420 3482 et
2448 3427 2648 3485 Paulus
2681 3430 2810 3484 dicit
2838 3449 2851 3484 :
2877 3448 2896 3484 ι
2931 3429 3043 3500 Ego
3089 3439 3270 3485 autem

1701 3522 1952 3576 vivebam
1983 3521 2104 3575 sine
2131 3519 2248 3591 lege
2279 3521 2574 3592 aliquando
2603 3522 2669 3574 “.
2696 3541 2716 3574 δ
2769 3523 3079 3578 Secundum
3128 3523 3274 3578 hanc

1701 3627 1831 3682 ergo
1893 3613 2065 3683 legem
2127 3613 2430 3668 naturalem
2506 3624 2910 3684 consequenter
2973 3616 3288 3686 Apostolus-

1701 3707 1906 3762 dixisse
1949 3706 2220 3760 videbitur
2265 3706 2378 3777 (42)
2408 3722 2569 3763 omne
2628 3723 2691 3762 os
2739 3709 3153 3773 obstruendum,
3213 3719 3272 3764 et

1700 3813 1916 3854 omnem
1959 3797 2216 3852 mundum
2265 3798 2558 3852 obnoxium
2609 3799 2701 3852 Dei
2745 3798 2951 3868 judicio
3005 3797 3268 3853 futurum.

1701 3889 1873 3959 Hujus
1903 3890 2049 3946 enim
2077 3889 2212 3960 legis
2251 3904 2372 3959 qua:
2397 3888 2740 3957 {naturaliter
2767 3889 3077 3944 hominibus
3107 3891 3271 3954 inest,

1701 3982 1880 4038 nullus
1909 3989 1992 4037 est
2020 3997 2236 4051 expers,
2267 3995 2440 4051 neque
2471 3979 2781 4036 Iudaeorum
2808 4023 2823 4049 ,
2861 3996 3043 4051 neque
3084 3982 3267 4050 genti-

1701 4074 1833 4130 lium
1869 4093 1883 4128 :
1916 4083 1974 4128 et
2018 4074 2138 4130 ideo
2171 4082 2572 4143 consequenter
2605 4074 2810 4128 dictum
2859 4073 3077 4128 videtur
3103 4073 3268 4128 etiam

1702 4165 1853 4232 illud,
1894 4166 2036 4233 quod
2060 4163 2396 4232 iustiﬁcetur
2427 4154 2571 4218 Deus
2601 4164 2655 4216 in
2688 4163 2869 4219 verbis
2890 4163 3026 4230 suis,
3055 4173 3114 4220 et
3141 4165 3266 4218 vin-

1700 4269 1789 4316 cat
1812 4275 1938 4315 cum
1977 4257 2252 4324 iudicatur
2281 4256 2345 4311 “.
2398 4255 2471 4312 Ut
2497 4256 2648 4311 verbi
2694 4270 2856 4311 causa
2890 4256 3182 4312 dicamus:
3217 4256 3266 4313 si

1701 4351 2011 4420 requiratur
2051 4348 2179 4417 quid
2242 4346 2384 4402 Deus
2430 4346 2638 4401 homini
2685 4347 3009 4414 contulerit,
3045 4358 3101 4403 et
3135 4348 3267 4417 quid

1701 4445 1862 4500 homo
1887 4459 1954 4498 ex
1988 4443 2073 4497 his
2111 4455 2230 4510 qua:
2265 4455 2295 4494 a
2329 4439 2439 4495 Deo
2465 4441 2676 4509 accepit
2708 4449 2967 4509 operatus
2994 4441 3087 4506 sit,
3113 4440 3265 4510 judi-

1700 4535 1812 4592 cari
1847 4549 1972 4590 cum
2002 4530 2312 4588 hominibus
2343 4528 2483 4584 Deus
2507 4529 2822 4584 videbitur:
2861 4538 2918 4584 et
2958 4530 3268 4586 invenietur

77 4607 294 4680 loquitur,
327 4616 412 4670 his
433 4619 525 4687 qui
561 4618 615 4673 in
642 4618 759 4691 lege
781 4630 911 4674 sunt
939 4620 1203 4690 loquitur,
1239 4637 1258 4674 ι
1284 4622 1597 4694 diligentius
1630 4616 1674 4671 Ι)
1698 4628 1914 4698 quidem
1964 4624 2110 4680 Deus
2155 4623 2370 4678 dedisse
2399 4621 2602 4677 homini
2647 4637 2838 4677 omnes
2868 4620 3113 4687 allectus,
3149 4638 3266 4677 om-

79 4707 314 4772 requirere
345 4710 604 4764 debemus
626 4726 746 4779 quae
771 4713 841 4766 sit
863 4712 944 4766 lex
976 4729 1096 4782 quae
1130 4714 1383 4784 loquatur
1408 4716 1474 4770 ad
1497 4731 1592 4771 eos

77 4796 207 4860 quiin
235 4799 350 4869 lege
381 4810 535 4866 sunt,
578 4812 633 4858 et
672 4818 768 4872 per
796 4805 897 4859 hoc
935 4807 1080 4875 quod
1119 4807 1186 4861 ad
1233 4822 1328 4863 eos
1363 4807 1601 4878 loquitur

79 4890 190 4944 omni
207 4907 295 4949 eos
321 4895 673 4950 excusatione
691 4897 924 4952 denudet
949 4937 964 4960 ,
999 4913 1064 4952 ne
1087 4907 1434 4968 peccatorum
1469 4915 1599 4955 suo-

82 4993 168 5035 rum
189 4987 387 5053 possint
414 4989 659 5044 invenire
688 4990 928 5063 perfugia
964 5009 976 5045 :
1010 4992 1110 5046 hoc
1154 4993 1296 5046 enim
1341 5003 1425 5047 est
1452 4994 1596 5062 quod

79 5069 216 5129 dicit:
245 5077 362 5135 «Ut
398 5094 560 5135 omne
603 5095 666 5136 os
714 5081 1050 5151 obstruetur,
1100 5090 1156 5139 et
1207 5083 1454 5138 subditus
1501 5083 1595 5139 fiat

83 5167 218 5222 omnis
275 5173 509 5229 mundus
560 5173 687 5228 Deo.
720 5193 739 5226 ι
777 5173 929 5240 Quod
984 5174 1029 5230 si
1084 5173 1316 5229 velimus
1365 5174 1432 5229 de
1481 5174 1594 5244 lege

1699 4732 1903 4788 nesque
1930 4725 2108 4772 motus
2135 4716 2332 4786 quibus
2361 4713 2430 4768 ad
2461 4712 2716 4768 virtutem
2740 4711 2838 4766 niti
2865 4714 3036 4781 possit
3061 4721 3118 4767 et
3141 4728 3267 4783 pro-

1698 4810 1848 4881 gredi
1881 4827 1895 4864 :
1925 4809 2146 4880 insuper
2191 4807 2357 4863 etiam
2386 4805 2494 4860 vim
2526 4805 2754 4860 rationis
2785 4805 3082 4860 inseruisse
3105 4844 3121 4871 ,
3155 4820 3264 4873 qua

1698 4910 2019 4973 agnosceret
2058 4900 2188 4970 quid
2228 4900 2451 4957 deberet
2490 4913 2674 4969 agere,
2702 4896 2832 4968 quid
2860 4910 3076 4953 cavere.
3136 4896 3265 4954 Haec

1697 5007 1828 5065 ergo
1857 4993 2129 5048 invenitur
2161 4991 2302 5047 Deus
2333 4989 2694 5046 communiter
2732 4988 2982 5042 omnibus
3026 4988 3263 5043 homini-

1700 5087 1801 5142 bus
1820 5085 2156 5157 praestitisse.
2191 5084 2295 5139 Sed
2327 5084 2371 5138 si
2394 5084 2479 5137 his
2509 5081 2743 5151 acceptis
2774 5081 2936 5135 homo
2961 5081 3262 5150 neglexerit

1701 5179 1806 5234 iter
1842 5177 2059 5232 virtutis
2091 5176 2375 5240 incedere,
2435 5173 2523 5228 cui
2579 5187 2646 5227 ex
2712 5171 2820 5227 Deo
2880 5171 3015 5225 nihil
3064 5173 3258 5235 del'uit,

126 5308 163 5381 ξ’
187 5310 370 5378 Ephes.
410 5327 483 5369 vt.
522 5312 608 5366 i2.
680 5313 724 5344 ⁸⁷
755 5312 908 5366 Rom.
947 5329 1064 5373 xm.
1097 5311 1149 5367 5.
1222 5312 1268 5345 "'
1295 5312 1435 5366 Psal.
1459 5330 1598 5370 cxvn

1774 5313 1822 5348 ὀ
1852 5311 1991 5366 Psal.
2023 5324 2112 5381 Lg,
2145 5307 2200 5365 5.
2239 5306 2470 5381 _‘_Psal.
2503 5305 2736 5381 xxvt,_5.
2812 5308 2842 5381 A‘
2866 5303 2988 5381 issi.
3019 5321 3096 5368 XI,
3123 5306 3259 5381 1L3.

85 5372 444 5442 'PsalIxxxm.
483 5383 566 5438 10.

670 5382 692 5414 ⁴⁵
725 5384 878 5436 ltom.
909 5400 990 5445 lli,
1016 5385 1070 5440 9.
1144 5385 1165 5415 ⁸
1197 5384 1324 5436 ibid.
1363 5384 1449 5452 l9,
1491 5385 1580 5440 20.

85 5445 100 5474 ’
123 5446 250 5508 30m.
278 5473 360 5520 ttt,
390 5457 475 5510 l9.
555 5459 597 5487 ¹⁰
627 5455 782 5509 Rom.
804 5469 899 5520 VII,
922 5456 972 5509 9.

1054 5457 1094 5485 “
1117 5453 1256 5509 Psal.
1283 5470 1334 5518 t.,
1360 5454 1414 5508 6.

137 5568 228 5634 (δῖ)
262 5569 397 5623 Hoc.
437 5569 492 5624 In
531 5570 690 5623 editis
721 5569 1009 5623 omittitur.

136 5639 229 5707 ('36)
252 5642 356 5702 AL,
391 5661 409 5692 ι
436 5651 492 5692 ut
523 5640 605 5693 cui
636 5639 767 5693 nihil
791 5639 957 5707 desit;
989 5649 1046 5692 ut
1081 5637 1346 5707 Propheta
1373 5637 1540 5694 dicat.
1567 5658 1588 5691 ι

138 5699 229 5776 (57)
263 5709 323 5762 Et
346 5699 497 5763 aliud
530 5712 581 5762 in
619 5709 743 5762 alio.
785 5706 908 5761 Hu‘c
945 5699 1278 5762 omittuntur
1315 5712 1366 5762 in
1409 5710 1591 5766 editis.

139 5777 229 5849 (illi)
259 5777 562 5849 Propterea.
593 5780 683 5849 Sic
708 5796 836 5833 mss.
875 5779 1011 5832 Editi
1041 5821 1055 5845 ,
1090 5797 1108 5828 ι
1143 5779 1288 5848 quia.
1320 5797 1340 5832 ι

139 5845 407 5922 (59)Δ1.,’‹
440 5866 619 5904 coram
652 5848 778 5902 Deo.
809 5869 828 5902 ι

351 5947 620 6006 Pnnoe.
667 5944 785 6006 Gn.
833 5943 1000 6004 XIV.

1703 5387 1723 5417 ‘
1750 5383 1886 5440 Gen.
1914 5395 1987 5444 tv,
2016 5377 2104 5432 t5.
2239 5377 2258 5406 ⁷
2284 5378 2419 5432 Gen.
2447 5393 2576 5440 xui,
2600 5374 2696 5442 2i,
2808 5377 2829 5407 ⁸
2860 5375 2962 5432 Job
2988 5393 3137 5443 xxxn,
3167 5378 3260 5435 55.

1769 5564 1882 5634 (60)
1908 5563 2041 5618 Vide
2074 5561 2450 5634 Praefationem
2507 5559 2776 5634 Origenis.

1768 5630 1880 5709 (41)
1914 5635 2004 5709 Sic
2040 5648 2169 5709 mss.
2207 5633 2318 5688 fere
2364 5647 2574 5687 omnes.
2609 5630 2859 5698 Quidam
2908 5644 3030 5685 cum
3069 5630 3253 5694 editis,

1702 5725 1720 5756 ι
1755 5705 1952 5758 remitti
1981 5705 2164 5772 possit.
2195 5721 2212 5753 ι

1767 5773 1876 5849 (49.)
1906 5774 2014 5840 AL,
2053 5791 2071 5826 t
2102 5773 2397 5828 videbatur.
2431 5789 2449 5822 ι

2905 5929 2984 5988 30
