3754 6548
496 386 599 441 939

1950 399 2271 456 0R§GENIS
3607 419 3678 478 ειη

494 507 769 605 invenitur
801 507 914 576 ipse
939 507 1177 564 defuisse
1203 508 1270 565 iis
1301 524 1420 580 quae
1446 528 1474 566 a
1506 514 1616 571 Deo
1646 518 1765 573 data
1792 530 1919 574 sunt
1949 522 2075 577 sibi.
2110 532 2152 586 Α
2185 525 2445 580 mundum
2472 526 2549 582 ita
2578 536 2828 584 terrenus
2863 529 2954 585 hic
2986 529 3190 588 debere
3209 531 3434 605 intelligi
3461 535 3613 604 locus,
3642 557 3680 598 ut

492 598 687 655 Merito
727 614 860 670 ergo
904 601 1101 658 dicitur
1153 604 1205 658 in
1236 604 1329 658 tali
1359 603 1570 672 judicio
1600 609 1741 665 Deus
1767 612 1986 668 vincere
2011 622 2068 670 et

485 691 775 762 justiﬁcari
815 693 867 746 in
917 693 1098 750 verbis
1119 697 1254 751 suis.
1309 697 1434 752 Haec
1486 713 1614 768 ergo
1661 700 1749 756 lex
1800 705 2066 761 naturalis

489 783 736 854 loquitur
765 785 1019 839 omnibus
1067 789 1161 856 qui
1210 790 1262 840 in
1294 789 1409 857 lege
1445 801 1564 843 sunt
1599 809 1610 842 :
1649 808 1716 846 ex
1749 795 1900 864 cujus
1922 810 2062 864 prte-

489 879 664 946 ceptis
711 878 992 934 soli-mibi
1029 881 1299 935 immunes
1335 881 1452 934 fieri
1500 883 1750 940 videntur
1798 887 2062 953 infames,

486 969 683 1038 quibus
711 972 954 1026 nondum
985 969 1127 1028 inest
1156 974 1310 1042 pravi
1342 974 1587 1043 rectique
1616 977 1906 1045 judicium.
1955 981 2062 1037 Sed

485 1060 573 1115 bis
618 1061 664 1116 si
709 1063 876 1116 etiam
928 1063 1002 1118 illi
1036 1064 1276 1119 sociandi
1327 1063 1440 1117 sint
1477 1065 1572 1132 qui
1625 1081 1946 1139 quacunque
1995 1086 2063 1126 ex

482 1167 649 1208 causa
682 1155 914 1224 impotes
945 1165 1078 1209 sunt
1112 1157 1226 1228 (45)
1275 1160 1498 1226 mentis,
1551 1161 1751 1216 videto.
1806 1160 2062 1231 Exceptis

480 1259 612 1301 vero
663 1245 752 1301 his
806 1249 982 1302 nullus
1031 1252 1312 1306 hominum
1377 1255 1508 1310 mihi
1565 1253 1802 1325 elIugere
1844 1256 2062 1311 videtur

480 1339 622 1394 banc
665 1340 862 1412 legem.
903 1342 1370 1402 Considerandum
1415 1357 1498 1403 est
1552 1358 1734 1404 autem
1790 1363 1860 1404 ne
1917 1347 2060 1406 forte

478 1444 588 1483 non
641 1431 817 1484 solum
872 1432 1144 1499 homines,
1198 1435 1293 1490 sed
1346 1448 1401 1492 et
1439 1437 1674 1508 angelos,
1718 1446 1773 1491 et
1817 1452 2056 1504 omnem,

477 1534 816 1592 quaecunque
877 1522 969 1576 illa
1020 1533 1136 1588 est,
1180 1525 1562 1582 rationabilem
1617 1535 1931 1582 creaturam
1971 1527 2058 1582 lex

375 1619 384 1627 ‘
475 1612 581 1668 ista
611 1615 971 1686 constringat.
999 1615 1057 1672 Si
1089 1617 1231 1678 enim
1267 1627 1414 1674 recte
1443 1636 1472 1673 a
1505 1620 1839 1689 sapientibus
1862 1620 2058 1676 deﬁni-

476 1715 593 1761 tum
616 1716 726 1772 est,
749 1706 922 1779 legem
951 1723 1073 1764 esse
1099 1724 1219 1778 quae
1236 1709 1350 1780 (44)
1375 1712 1538 1767 dictet
1567 1714 1707 1782 quod
1727 1713 1812 1785 agi
1839 1714 2053 1779 debeat,

471 1808 528 1856 et
542 1800 688 1872 quod
708 1801 793 1871 agi
815 1815 920 1855 non
937 1802 1134 1857 debeat
1149 1812 1313 1868 vetet,
1330 1803 1602 1873 quomodo
1621 1821 1726 1861 non
1745 1806 2052 1875 bujusmodi

2175 627 2231 672 et
2260 618 2506 687 arbores,
2539 629 2596 675 et
2637 619 2864 691 lapides,
2915 632 2971 678 et
3017 623 3231 689 herbae,
3279 641 3346 680 ac
3401 629 3602 695 semina,
3643 647 3678 690 et

2175 708 2340 775 palea:
2386 726 2507 780 qua:
2548 712 2601 765 in
2649 711 2766 779 ipso
2811 721 2961 780 sunt,
2995 715 3201 781 pariter
3259 717 3538 773 nominata:
3574 725 3676 777 sint!

2173 799 2362 856 Partes
2402 804 2544 856 enim
2569 805 2760 858 mundi
2787 805 2906 862 hate
2933 822 3054 863 esse
3080 809 3294 878 singula
3315 809 3568 866 videntur.
3594 813 3674 871 Non

2171 895 2410 952 arbitror
2450 896 2524 951 ita
2569 899 2879 969 quempiam
2921 900 3164 970 ineptum
3199 902 3434 958 inveniri
3463 943 3478 970 ,
3520 915 3570 960 ut
3597 908 3678 962 Iret

2170 986 2341 1055 possit
2376 1002 2648 1044 asserere.
2678 990 2874 1046 Restat
2904 992 3066 1062 igitur
3112 1003 3170 1048 ut
3215 1008 3436 1050 omnem
3477 997 3674 1052 mundam

2169 1090 2330 1131 omne
2373 1077 2642 1135 rationale
2668 1081 2872 1135 animal
2903 1083 3047 1137 dicat
3083 1102 3097 1137 :
3129 1093 3181 1138 et
3214 1085 3364 1140 sicut
3410 1099 3558 1142 omne
3579 1091 3674 1157 quod

2170 1167 2486 1223 irrationale
2519 1179 2627 1234 est,
2663 1170 2937 1242 excipitur
2991 1176 3058 1229 ab
3093 1176 3197 1230 hoc
3233 1190 3435 1242 sensu,
3477 1178 3541 1232 ita
3574 1181 3672 1235 nulla

2169 1258 2301 1314 mihi
2336 1260 2548 1315 videtur
2585 1262 2652 1317 ab
2683 1263 2788 1317 bac
2812 1263 3129 1320 conditione
3153 1266 3442 1322 rationalis
3482 1278 3672 1323 creatura

2167 1355 2401 1408 secerni.
2444 1354 2634 1410 Omnis
2678 1371 2812 1425 ergo
2844 1356 3078 1412 mundus
3110 1358 3386 1414 obnoxius
3422 1358 3478 1413 lit
3503 1359 3674 1430 Deoper

2166 1445 2269 1500 hoc
2303 1447 2446 1516 quod
2490 1447 2664 1518 legem
2706 1451 3013 1505 naturalem
3063 1452 3300 1508 inseruit
3341 1452 3674 1508 omnibuszde

2164 1539 2362 1607 quibus
2385 1549 2438 1595 et
2469 1539 2523 1595 in
2560 1541 2666 1596 alio
2695 1541 2812 1598 loco
2846 1543 3003 1610 dicit,
3050 1547 3177 1615 quia
3213 1563 3234 1597 ι
3258 1546 3313 1601 in
3354 1548 3558 1602 nomine
3586 1547 3672 1604 lese

2161 1652 2324 1694 omne
2357 1653 2498 1709 genu
2528 1638 2781 1694 ﬂectetur
2809 1639 2922 1709 (48)
2952 1640 3256 1697 ccelestium
3275 1681 3292 1701 .
3323 1645 3674 1701 terrestriumet

2162 1727 2498 1785 inl'ernorum
2525 1732 2591 1786 ⁸⁷.
2623 1750 2643 1784 ι
2683 1729 2840 1798 Quod
2865 1731 3054 1802 utique
3095 1733 3140 1789 si
3187 1734 3356 1788 faciat
3381 1773 3397 1800 ,
3442 1736 3675 1804 complesse

2159 1817 2432 1874 videbitur
2456 1819 2663 1891 legem;
2695 1821 2742 1876 si
2775 1835 2883 1877 non
2915 1821 3105 1890 faciat,
3146 1838 3272 1879 esse
3303 1825 3552 1880 obnoxius
3569 1826 3673 1900 legi:

471 1894 564 1950 lex
601 1895 770 1950 etiam
808 1895 1061 1965 supernis
1097 1904 1151 1950 et
1195 1895 1509 1952 coelestibus
1537 1897 1817 1954 ordinibus
1843 1899 2046 1954 inserta
2077 1887 2119 1942 Β
2156 1926 2252 1982 per
2279 1910 2453 1982 legem
2481 1887 2664 1968 autem
2693 1887 3098 1984 consequenter
3119 1926 3174 1972 et
3203 1916 3341 1977 Deo.
3391 1917 3449 1977 Si
3483 1925 3556 1978 cui
3580 1887 3674 1980 νέω

468 1987 783 2054 videbitur;
818 1987 1018 2056 quibus
1065 1988 1257 2057 utique
1300 1997 1354 2043 et
1395 1987 1724 2044 observandi
1768 1989 2048 2060 quiddam,

469 2077 635 2149 510
675 2087 732 2132 et
764 2078 1019 2148 quiddam
1058 2079 1288 2135 cavendi
1338 2079 1626 2150 disciplina
1658 2080 1792 2135 est?
1830 2081 1897 2135 Et
1946 2081 2050 2138 nisi

469 2172 572 2226 hac
601 2171 716 2241 lege
765 2181 1103 2236 tenerentur,
1139 2186 1417 2240 nunquam
1452 2172 1521 2227 de
1546 2172 1628 2227 eis
1657 2173 1866 2228 diceret
1902 2173 2050 2228 Scri-

469 2270 634 2332 ptura
669 2262 894 2317 divina:
929 2280 947 2314 ι
973 2263 1208 2332 Angelos
1247 2278 1486 2332 quoque,
1529 2264 1622 2334 qui
1654 2280 1760 2320 non
1794 2279 2050 2321 servave-

467 2364 595 2408 runt
619 2355 980 2425 principatum
998 2370 1184 2421 suum,
1209 2355 1304 2408 sed
1333 2355 1742 2425 dereliquerunt
1767 2356 2048 2426 proprium

469 2445 810 2502 domicilium
835 2485 850 2513 ,
879 2446 1023 2502 Deus
1054 2446 1406 2514 adjudicium
1439 2447 1622 2515 magni
1671 2447 1780 2502 diei
1829 2449 2050 2506 aeternis

465 2538 706 2595 vinculis
765 2538 820 2594 in
879 2547 1089 2593 tartaro
1127 2536 1240 2609 (45)
1285 2540 1612 2594 constrictos
1669 2539 1770 2594 sub
1818 2539 2050 2610 caligine

465 2630 774 2686 reservavit
845 2631 914 2686 ".
947 2649 967 2682 ι
1020 2629 1172 2685 Unde
1223 2637 1440 2685 constat
1492 2629 1666 2685 inesse
1715 2629 1794 2686 eis
1837 2629 2047 2700 legem;

462 2736 574 2792 qua
605 2736 712 2777 non
749 2720 1039 2777 observata
1080 2720 1226 2790 passi
1272 2727 1402 2774 sunt
1449 2719 1565 2775 haec
1625 2735 1744 2790 quae
1795 2721 2048 2791 superius

463 2814 750 2884 Scriptura
783 2823 985 2870 testata
1026 2822 1129 2870 est.
1190 2812 1299 2868 Sed
1349 2821 1406 2867 et
1446 2811 1648 2867 Paulus
1692 2828 1814 2868 cum
1865 2814 2043 2868 dicit:

467 2925 488 2960 ε
521 2908 603 2961 Αη
649 2905 763 2978 (46)
791 2907 1012 2962 nescitis
1065 2906 1194 2977 quia
1241 2905 1860 2976 angelosjudicabimus
1912 2907 2041 2961 ‘3?»

459 3003 593 3073 quid
626 3001 772 3056 aliud
806 3001 908 3056 nisi
947 3001 1047 3055 sub
1091 3000 1212 3069 lege
1243 3000 1485 3054 scitesse
1515 2999 1724 3068 positos
1771 3014 1866 3055 eos
1909 3013 2046 3069 quos

460 3096 778 3167 pronuntiat
822 3095 890 3148 ad
926 3093 1190 3162 judicium
1236 3093 1616 3148 deducendos?
1668 3091 1777 3147 Sed
1832 3092 1878 3148 si
1924 3093 2045 3162 quis

459 3188 621 3244 nobis
665 3195 922 3242 occurrat
975 3201 1041 3240 ex
1077 3199 1142 3239 eo
1173 3185 1318 3254 quod
1357 3200 1524 3254 supra
1584 3185 1820 3240 diximus
1873 3179 2042 3239 Deum

2154 2002 2220 2056 de
2243 2002 2376 2059 solis
2405 2003 2718 2060 hominibus
2751 2006 2855 2061 boc
2901 2006 3182 2064 videbitur
3213 2011 3420 2067 dictum
3440 2051 3457 2079 ,
3497 2018 3610 2085 quod
3635 2029 3672 2072 et

2153 2091 2330 2162 legem
2389 2095 2697 2151 naturalem
2741 2096 2874 2166 ipsis
2907 2099 3088 2155 inesse
3117 2102 3347 2170 dixerit,
3394 2114 3448 2160 et
3490 2107 3548 2162 de
3581 2109 3672 2161 Solis

2151 2185 2284 2256 ipsis
2314 2187 2576 2257 scriptum
2605 2188 2842 2259 accipiat
2872 2191 2988 2261 (49)
3021 2211 3036 2247 :
3077 2194 3181 2250 «Ut
3202 2210 3373 2252 omne
3401 2213 3460 2254 os
3481 2200 3668 2255 obstrua-

2148 2287 2264 2344 tur,
2293 2288 2350 2334 et
2384 2279 2658 2335 obnoxius
2688 2279 2783 2335 ﬁat
2827 2285 3008 2339 omnis
3038 2288 3274 2342 mundus
3309 2287 3419 2345 Deo
3450 2291 3509 2354 η,
3529 2311 3546 2343 ι
3589 2305 3671 2348 υιεο

2151 2374 2239 2418 tur
2270 2365 2381 2435 (50)
2408 2367 2696 2422 occasione
2721 2369 3104 2440 subsequentis
3121 2378 3414 2442 sermonis,
3438 2393 3533 2450 quo
3548 2381 3667 2436 dicit:

2154 2455 2323 2523 «Quia
2365 2473 2437 2512 ex
2461 2457 2720 2529 operibus
2767 2459 2907 2532 legis
2960 2479 3071 2519 non
3113 2464 3502 2534 justilicabitur
3541 2474 3669 2526 omnis

2149 2563 2278 2605 caro
2325 2551 2391 2605 ι’.
2424 2571 2446 2605 ι
2501 2553 2656 2622 Quod
2706 2555 2901 2626 utique
2950 2558 3155 2614 dictum
3208 2561 3480 2619 videbitur
3517 2566 3573 2620 de
3609 2567 3669 2621 his

2153 2650 2358 2698 tantum
2383 2645 2478 2713 qui
2520 2645 2574 2700 in
2601 2660 2767 2702 carne
2802 2656 2925 2703 sunt
2955 2650 3140 2719 positi.
3171 2651 3285 2708 Sed
3355 2655 3446 2724 qui
3481 2657 3664 2724 priorem

2149 2749 2370 2792 sensum
2404 2739 2578 2806 magis
2617 2748 2804 2794 tenere
2831 2739 3046 2808 volunt,
3092 2742 3463 2801 observabant
3487 2747 3665 2816 diligen-

2151 2827 2256 2883 tius
2303 2828 2580 2899 quomodo
2631 2830 2925 2900 Apostolus
2952 2832 3156 2890 dixerit
3193 2852 3262 2892 ex
3307 2839 3547 2909 operibus
3567 2840 3664 2907 legis

2149 2935 2254 2973 non
2286 2919 2580 2987 justilicari
2606 2937 2825 2978 omnem
2872 2924 2988 2997 (51)
3035 2924 3254 2982 ca‘rnem
3291 2946 3308 2983 :
3341 2930 3463 2999 quia
3504 2931 3558 2985 ad
3599 2946 3665 2986 eos

2146 3011 2240 3079 qui
2273 3013 2327 3065 in
2358 3027 2524 3067 carne
2551 3023 2680 3069 sunt
2706 3030 2872 3084 opera
2898 3016 3034 3087 legis
3063 3029 3315 3088 spectant
3341 3038 3358 3088 ;
3389 3022 3454 3076 ad
3478 3036 3664 3076 eosrero

2147 3103 2318 3171 quiin
2353 3104 2552 3174 spiritu
2582 3116 2732 3174 sunt,
2762 3108 2814 3162 id
2873 3118 2956 3164 est
2993 3112 3311 3186 superiores
3355 3114 3553 3168 ordines
3583 3127 3664 3168 cte-

2147 3193 2362 3249 lestium
2399 3196 2850 3266 ministeriorum,
2882 3215 3076 3257 sensus
3103 3205 3345 3272 pertinet
3369 3203 3511 3276 legis.
3559 3224 3576 3255 ί
3607 3205 3660 3258 Ex

456 3293 584 3337 esse
607 3294 731 3335 cum
755 3277 1070 3333 hominibus
1090 3275 1471 3344 iudicandum,
1492 3276 1647 3345 quasi
1675 3276 1836 3331 etiam
1863 3276 2039 3346 ipsum
2070 3251 2112 3309 ο
2144 3289 2403 3358 operibus
2430 3308 2449 3341 ι
2491 3289 2660 3360 igitur
2690 3309 2709 3344 ι
2755 3292 2887 3363 legis
2917 3313 2936 3345 ,
2978 3251 3133 3365 quodr
3149 3312 3167 3349 ι
3197 3311 3310 3352 non
3335 3251 3662 3369 intimabit";

459 3371 645 3428 dicere
673 3369 956 3426 videamur
979 3382 1102 3424 esse
1128 3368 1227 3423 sub
1266 3367 1406 3437 lege,
1438 3368 1562 3422 audi
1603 3378 1806 3438 quanta
1836 3367 1905 3423 de
1938 3369 2041 3424 hoc

458 3461 673 3520 cautela
711 3461 766 3516 in
800 3459 1047 3530 Apostoli
1070 3459 1296 3515 Litteris
1323 3459 1619 3526 invenitur,
1649 3459 1741 3528 qui
1761 3459 2038 3513 Christum

459 3567 570 3609 non
600 3553 657 3606 in
689 3551 810 3620 lege
833 3565 978 3619 esse,
1009 3552 1105 3606 sed
1135 3550 1532 3620 plenitudinem
1563 3567 1684 3607 esse
1728 3551 1862 3622 legis
1889 3565 2038 3606 com-

459 3651 734 3699 memorat
767 3654 864 3698 :et
902 3643 1043 3698 sicut
1078 3642 1196 3710 ipse
1229 3649 1310 3696 est
1334 3640 1548 3709 juStitia
1597 3657 1664 3697 ex
1705 3657 1807 3712 qua
1845 3657 2035 3699 omnes

453 3733 588 3804 justi
619 3733 781 3800 (lunt,
805 3745 861 3790 et
890 3733 1006 3803 ipse
1029 3741 1110 3788 est
1132 3734 1334 3788 veritas
1372 3748 1439 3787 ex
1466 3748 1575 3804 qua
1602 3749 1790 3790 omnes
1822 3736 1876 3790 in
1901 3736 2039 3791 veri-

458 3835 570 3882 tate
608 3826 936 3890 consistunt,
954 3835 1007 3882 et
1031 3827 1145 3892 ipse
1166 3836 1250 3882 est
1269 3827 1379 3882 vita
1405 3841 1472 3881 ex
1493 3842 1598 3896 qua
1616 3841 1805 3882 omnes
1826 3828 2034 3895 vivunt,

455 3919 533 3974 ita
560 3928 615 3974 et
642 3919 759 3988 ipse
785 3926 871 3975 est
899 3918 1012 3987 lex,
1043 3933 1114 3975 ex
1143 3932 1251 3989 qua
1276 3933 1468 3975 omnes
1499 3919 1552 3973 in
1582 3919 1699 3990 lege
1730 3928 1878 3974 sunt.
1934 3917 2036 3974 Ve-

455 4011 539 4066 nit
563 4025 693 4080 ergo
731 4010 798 4065 ad
825 4009 1115 4081 judicium,
1148 4024 1254 4065 non
1293 4018 1550 4080 tanquam
1583 4012 1675 4079 qui
1708 4010 1764 4064 in
1791 4011 1908 4080 lege
1940 4010 2034 4078 sit,

455 4103 550 4159 sed
583 4111 846 4172 tanquam
872 4102 963 4172 qui
992 4103 1079 4158 lex
1115 4103 1206 4157 sit.
1244 4101 1359 4172 Ego
1396 4110 1576 4156 autem
1610 4110 1738 4170 puto
1786 4102 1932 4171 quod
1973 4101 2032 4156 bi

454 4197 546 4265 qui
580 4196 695 4262 jam
723 4195 950 4265 perfecti
990 4203 1144 4258 sunt,
1186 4203 1244 4249 et
1290 4193 1516 4248 Domino
1561 4192 1837 4260 conjuncti
1893 4208 2031 4249 unus

453 4285 681 4355 spiritus
707 4301 829 4340 cum
855 4286 976 4354 ipso
1005 4285 1180 4340 elfecti
1223 4293 1353 4340 sunt
1396 4283 1462 4348 ιδ,
1512 4298 1612 4339 nec
1665 4285 1764 4354 ipsi
1809 4285 1863 4338 in
1913 4284 2031 4354 lege

452 4382 600 4440 sunt,
638 4375 734 4428 sed
766 4375 939 4444 magis
969 4374 1069 4444 ipsi
1103 4383 1232 4428 sunt
1259 4373 1363 4436 lex,
1423 4375 1567 4429 sicut
1605 4383 1663 4427 et
1712 4373 1840 4426 alibi
1883 4373 2026 4428 idem
2069 4383 2076 4389 '

453 4466 752 4536 Apostolus
781 4467 914 4520 dicit
945 4485 958 4520 :
995 4465 1324 4534 «Quiajusto
1352 4465 1438 4521 lex
1465 4481 1573 4520 non
1608 4475 1691 4520 est
1713 4466 1887 4536 posita
1910 4469 1974 4521 ’⁵.
1999 4486 2018 4519 ι

2141 3384 2318 3436 omnis
2345 3397 2474 3438 caro
2502 3383 2558 3438 in
2599 3394 2891 3456 conspectu
2918 3386 3059 3454 ejus,
3092 3407 3112 3440 ι
3149 3389 3250 3444 hoc
3301 3392 3460 3446 modo
3500 3388 3655 3444 intelli-

2141 3475 2375 3543 gendum
2409 3487 2538 3545 puto
2568 3494 2581 3530 :
2615 3479 2742 3548 quia
2770 3478 2946 3534 omnis
2978 3480 3067 3548 qui
3101 3495 3229 3536 caro
3261 3491 3389 3549 est,
3434 3492 3484 3537 et
3507 3495 3657 3536 secun-

2140 3567 2268 3620 dum
2321 3582 2541 3623 carnem
2570 3570 2728 3635 vivit,
2776 3585 2885 3624 non
2921 3582 3104 3641 potest
3143 3574 3436 3643 justilicari
3485 3589 3542 3628 ex
3572 3573 3657 3641 lege

2140 3657 2260 3725 Dei,
2289 3659 2432 3715 sicut
2457 3669 2513 3714 et
2539 3659 2672 3724 alibi
2715 3661 2849 3716 dicit
2887 3662 3028 3718 idem
3057 3665 3377 3736 Apostolus,
3409 3667 3521 3735 quia
3550 3665 3655 3734 «qui

2141 3749 2195 3803 in
2225 3764 2393 3806 carne
2429 3761 2556 3807 sunt
2585 3793 2600 3818 ,
2634 3752 2745 3808 Deo
2773 3755 2992 3824 placere
3021 3771 3128 3812 non
3161 3767 3395 3827 possunt
3416 3759 3459 3790 “
3479 3775 3493 3824 ;
3512 3775 3529 3809 ι
3559 3758 3654 3811 item

2140 3841 2265 3895 alibi
2294 3860 2306 3897 :
2354 3861 2372 3894 ι
2405 3843 2540 3909 Quia
2572 3846 2836 3913 sapientia
2872 3848 3057 3904 carnis
3081 3849 3304 3905 inimica
3335 3860 3418 3906 est
3442 3852 3554 3916 Deo,
3578 3847 3653 3916 legi

2138 3934 2282 3987 enim
2324 3935 2417 3990 Dei
2451 3951 2556 3990 non
2603 3948 2686 3993 est
2729 3939 2977 4007 subjecta
3011 3956 3150 3998 :nec
3184 3943 3331 3997 enim
3369 3952 3531 4013 potest
3549 3941 3648 4004 ¹¹;³

2138 4035 2192 4078 et
2221 4027 2480 4094 propheta
2509 4028 2639 4082 dicit
2671 4045 2685 4083 :
2716 4047 2737 4083 ε
2765 4029 2959 4086 Omnis
2993 4046 3126 4087 caro
3151 4033 3337 4088 fenum
3370 4037 3453 4101 υς
3484 4051 3500 4084 ι
3543 4041 3583 4086 et
3612 4032 3650 4083 in

2135 4114 2431 4186 Evangelio
2460 4118 2722 4188 scriptum
2755 4133 2872 4177 est:
2911 4142 2930 4175 ι
2955 4122 3197 4193 Spiritus
3219 4135 3305 4181 est
3323 4125 3645 4198 quivivilicat:

2135 4223 2264 4263 caro
2309 4219 2488 4268 autem
2525 4210 2640 4282 (52)
2677 4227 2781 4267 non
2832 4215 3054 4284 prodest
3103 4216 3404 4288 quidquam
3455 4217 3514 4271 ⁸³.
3541 4235 3558 4270 ι
3595 4216 3649 4269 De

2135 4300 2221 4354 his
2254 4316 2384 4370 ergo
2415 4303 2569 4366 dicit,
2597 4306 2722 4374 quia
2751 4319 2820 4359 ex
2853 4306 2973 4376 lege
3007 4308 3101 4362 Dei
3143 4326 3162 4360 ι
3193 4324 3300 4364 non
3325 4308 3647 4377 justiﬁcabitur

2132 4392 2307 4448 omnis
2334 4407 2460 4448 caro
2489 4409 2670 4449 coram
2714 4397 2848 4465 ipso.
2885 4418 2906 4450 ι
2952 4398 3056 4454 Sed
3087 4409 3140 4454 et
3172 4402 3274 4456 hoc
3309 4402 3448 4472 quod
3479 4399 3642 4454 addidit

2138 4498 2349 4537 «coram
2404 4484 2576 4554 ipso,»
2639 4503 2746 4542 non
2798 4491 2979 4544 otiose
3028 4501 3338 4561 praetereat,
3403 4493 3530 4547 sicut
3561 4491 3644 4560 jam

450 4557 530 4611 lta
563 4571 578 4609 :
609 4573 628 4607 t
655 4555 1002 4626 Quaecunque
1030 4557 1115 4611 lex
1154 4556 1394 4625 loquitur
1424 4555 1491 4611 iis
1524 4556 1614 4624 qui
1658 4556 1714 4610 in
1753 4556 1869 4626 lege
1901 4574 2000 4612 sun

2139 4574 2476 4644 frequentius
2515 4578 2919 4645 admonuimus,
2951 4582 3078 4650 quia
3103 4583 3248 4638 aliud
3274 4595 3357 4640 est
3383 4598 3545 4639 coram
3567 4582 3644 4634 Deo

448 4648 726 4720 loquitur,
763 4656 822 4701 ut
850 4661 1010 4702 omne
1065 4661 1126 4702 os
1182 4649 1523 4710 obstruatur,
1553 4663 1572 4696 ι
1620 4647 1912 4701 secundum
1957 4661 2023 4700 ea
2055 4647 2093 4654 '
2121 4665 2414 4735 Ῑυειίηρπί
2441 4708 2458 4733 ν
2509 4670 2656 4724 aliud
2704 4685 2884 4726 comm
2930 4647 3240 4729 hminibus
3277 4694 3290 4730 ε
3348 4677 3448 4730 hoc
3488 4670 3644 4736 esi,“

447 4759 573 4814 quae
608 4758 774 4813 supra
808 4744 1070 4809 diximus,
1127 4761 1145 4794 ι
1182 4752 1243 4797 ιιι
1297 4745 1548 4800 subditus
1606 4747 1718 4807 ﬁat,
1759 4762 1778 4795 ι
1826 4743 1931 4807 vel,
1965 4754 2026 4798 ut
2125 4758 2588 4826 comparationem
2611 4758 2840 4813 aliorum
2864 4761 3141 4817 hominum
3167 4771 3345 4832 potest
3372 4763 3503 4818 alius
3524 4761 3642 4814 homo

449 4834 578 4890 alibi
606 4834 860 4906 legimus,
890 4834 1188 4890 tobuoxius
1220 4834 1314 4888 ﬁat
1337 4836 1514 4890 omnis
1535 4837 1766 4891 mundus
1789 4836 1897 4891 Deo
1921 4835 2016 4900 “,n

447 4927 594 4994 quod
625 4937 680 4982 et
714 4929 888 4999 magis
918 4943 1042 4983 cum
1073 4926 1278 4983 Graecis
1303 4927 1707 4996 exemplaribus
1747 4927 2021 4982 convenit.

445 5017 555 5073 Sed
611 5023 957 5089 requiramus
1011 5036 1230 5076 omnem
1293 5021 1552 5076 mundum
1612 5020 1724 5092 (47)
1766 5022 1855 5077 hic
1891 5024 2022 5091 quid

445 5111 823 5180 appellaverit.
880 5112 1260 5184 Nunquidnam
1309 5115 1591 5183 putabitur
1648 5129 1746 5183 per
1797 5129 2017 5170 omnem

520 5247 563 5278 "
590 5247 712 5301 Jud.
740 5249 795 5304 6.
871 5248 949 5301 ¹⁸1
970 5249 1093 5304 Cor.
1122 5265 1192 5312 vr,
1217 5250 1268 5304 5.
1347 5250 1392 5279 ¹⁵
1422 5249 1550 5303 ibid.

443 5317 647 5382 111,19.
725 5319 766 5350 "
789 5320 920 5376 ibid.
953 5320 1042 5374 20.
1153 5321 1377 5398 "llum.
1412 5335 1527 5388 vm,
1553 5318 1606 5374 8.
1681 5319 1724 5349 “
1775 5318 1901 5374 ibid.
1954 5321 2004 5373 7.

539 5429 628 5495 45)
659 5428 770 5494 AL,
810 5448 828 5481 ι
858 5433 1135 5486 dementes
1160 5431 1316 5486 ﬁunt.
1358 5450 1378 5483 ι

537 5498 628 5565 44)
659 5497 770 5565 AL,
801 5518 820 5551 t
849 5501 1013 5556 dicat.
1043 5519 1062 5553 ι

539 5569 628 5633 45)
659 5570 771 5633 ΑΙ.,
800 5588 820 5617 σ
861 5572 912 5625 in
935 5579 1218 5626 tartarum.
1243 5592 1262 5626 ι

537 5641 629 5709 46)
665 5639 775 5709 ᾼΙη
807 5658 826 5690 ί
849 5643 976 5693 Aut.
1001 5659 1018 5689 ι

537 5641 629 5709 46)
665 5640 775 5704 AL,
807 5658 826 5690 ί
849 5643 976 5693 Aut.
1001 5659 1018 5689 ι

511 5640 628 5780 ΣΠ)
659 5707 1058 5780 Genebrart‘lus,
1088 5729 1108 5762 ‹
1144 5712 1319 5768 omnis
1349 5713 1582 5769 mundus
1605 5730 1655 5779 t;
1686 5713 2009 5769 Salodianns

440 5778 573 5834 vero
605 5788 658 5833 et
679 5778 971 5838 Merlinus:
1016 5800 1033 5833 ι
1067 5797 1280 5838 omnem
1311 5787 1588 5851 mundum,
1618 5778 1647 5838 »⁷
1672 5793 1722 5841 et
1752 5786 2007 5842 omittunt

447 5868 465 5900 ε
496 5864 609 5920 per.
645 5868 663 5900 ι

1663 5246 1750 5300 l7.
1831 5249 1873 5278 “‘
1904 5248 1922 5301 l
1961 5247 2097 5302 Tim.
2132 5251 2246 5316 1,9.
2323 5251 2369 5283 ¹⁶
2396 5252 2551 5309 Rom.
2588 5271 2673 5320 ιιι,
2709 5257 2795 5311 19.
2875 5259 2916 5288 ¹⁷
2945 5257 3116 5326 Ριιίιίρ

1681 5319 1724 5349 ¹¹
1775 5318 1901 5374 ibid.
1954 5321 2004 5373 7.
2085 5321 2126 5352 ¹²
2179 5322 2298 5375 Isai.
2336 5337 2423 5391 XL,
2476 5326 2528 5378 6.
2606 5327 2652 5356 ³³
2695 5326 2853 5382 Joan.
2899 5343 2970 5391 vn,
3023 5331 3112 5383 64.

2126 4845 2219 4914 qui
2252 4848 2592 4903 emendatius
2622 4849 2840 4915 vixerit,
2865 4851 3049 4921 justus
3079 4853 3252 4908 videri
3284 4871 3300 4921 ;
3330 4853 3396 4909 ad
3421 4864 3642 4922 compara-

2130 4938 2329 4993 tionem
2360 4950 2540 4994 autem
2571 4941 2663 4996 Dei
2694 4983 2709 5008 ,
2743 4957 2849 4996 non
2881 4943 3055 4998 solum
3088 4945 3252 5000 homo
3285 4961 3389 5001 non
3421 4943 3640 5016 jusulica-

2128 5027 2298 5097 bitur,
2335 5032 2429 5086 sed
2472 5043 2528 5087 et
2555 5033 2693 5088 sicut
2730 5034 2830 5089 Job
2876 5036 3006 5090 dicit
3037 5054 3050 5090 :
3082 5055 3105 5089 ι
3138 5037 3321 5094 Stella:
3362 5047 3522 5091 autem
3555 5032 3640 5102 (ὃὸ)

2126 5134 2233 5175 non
2263 5129 2392 5175 sunt
2419 5124 2633 5178 munda:
2660 5140 2849 5180 coram
2869 5126 2986 5197 ipso
3016 5128 3116 5183 “:t
3147 5143 3267 5198 qua:
3288 5129 3467 5198 utique
3495 5139 3637 5180 coram

3123 5297 3136 5312 .
3175 5273 3233 5322 tt,
3287 5259 3370 5314 10.
3445 5259 3481 5289 ¹⁹
3515 5257 3636 5310 Rom.

2606 5327 2652 5356 ³³
2695 5326 2853 5382 Joan.
2899 5343 2970 5394 vn,
3023 5331 3112 5383 64.
3184 5331 3231 5360 ’⁸
3258 5327 3500 5399 Jobxxv,
3528 5327 3572 5379 5.

2183 5434 2301 5577 (48;
2327 5436 2436 5503 AL,
2483 5457 2501 5490 t
2527 5438 2797 5494 ﬂectatur.
2830 5460 2850 5493 ›

2186 5505 2278 5577 (49
2332 5507 2441 5574 AL,
2478 5527 2498 5560 ι
2531 5512 2850 5577 accipiatur.

2186 5505 2301 5579 (fl?)
2332 5507 2441 5579 AL,
2478 5527 2498 5560 ι
2531 5512 2853 5579 accipiatur.
2888 5530 2910 5564 ι

2183 5576 2294 5646 (50)
2321 5577 2434 5642 ΑΙ.,
2465 5597 2483 5629 t
2516 5576 2700 5635 utitur.
2735 5600 2754 5632 ι

2183 5645 2296 5716 (fil)
2331 5647 2570 5702 Omnem.
2604 5649 2764 5706 Deest
2792 5652 2844 5705 in
2877 5663 3036 5707 antea
3071 5656 3249 5710 editis.

2182 5717 2294 5788 (5‘2)
2330 5719 2538 5774 Autem.
2563 5719 2617 5773 In
2637 5723 2798 5775 editis
2827 5725 3113 5779 omittitur.

2181 5788 2293 5858 (55)
2327 5791 2533 5846 Autem.
2567 5791 2917 5848 Desideratur
2953 5795 3005 5848 in
3037 5797 3223 5851 editis.
