3784 6526
74 460 142 516 ill
953 443 1306 504 COMMENT.
1349 440 1416 498 IN
1450 435 1665 493 EPIST.
1710 432 1800 487 AD
1827 429 1992 488 ROM.
2033 427 2162 484 LIB.
2197 424 2284 482 Ill.

3119 425 3224 484 989

76 573 192 635 nobis
225 568 420 626 mundat
473 574 633 632 sunt,
695 563 796 618 hoc
856 569 961 625 est,
995 563 1061 617 ad
1111 552 1644 634 comparationem}
1674 547 1859 604 venire
1879 560 2040 616 posse
2063 559 2171 614 quo
2197 553 2502 598 astruamns
2536 540 2651 596 haec
2685 557 2790 596 non
2820 541 2886 595 de
2907 539 3100 612 Moysi,
3130 542 3225 596 sed

75 665 293 724 hominum
345 659 555 714 mundae
605 657 875 711 habentur
922 666 977 709 et
1022 663 1227 710 sanctae
1295 652 1451 726 (54);
1499 649 1564 703 ad

77 754 468 827 comparationem
496 763 630 804 vero
655 748 747 802 Dei
788 747 1001 800 mundae
1032 760 1148 800 esse
1179 759 1284 798 non
1315 752 1562 813 possunt.

77 852 180 907 «Per
197 849 346 918 legem
372 844 514 898 enim
542 841 748 912 agnitio
768 839 974 906 peccati
997 839 1096 891 ⁸⁸.»
1120 837 1414 893 Videamus
1436 852 1566 905 quo-

74 943 189 998 modo
211 955 294 1008 per
317 937 483 1005 legem
508 933 572 988 ﬁt
596 931 802 1000 agnitio
833 929 1063 1000 peccati.
1095 929 1228 981 Dum
1273 941 1369 997 per
1393 925 1563 996 legem

75 1033 272 1089 discimus
289 1029 410 1097 quid
438 1025 704 1096 agendum
723 1022 816 1088 sit,
843 1022 972 1092 quid
989 1020 1308 1082 cavendum,
1327 1018 1485 1074 simul
1511 1026 1566 1074 et

73 1124 161 1193 quid
186 1108 436 1190 peccatum
469 1118 566 1179 sit,
591 1125 642 1171 et
665 1115 792 1185 quid
822 1129 928 1168 non
964 1113 1032 1168 sit
1053 1111 1418 1182 agnoscimus.
1445 1109 1562 1164 Non

71 1229 182 1282 ergo,
206 1220 256 1266 ut
281 1206 514 1264 haeretici
543 1204 712 1261 Deum
736 1203 872 1274 legis
918 1211 1200 1266 accusant,
1239 1199 1376 1254 mala
1409 1202 1561 1253 radix

72 1306 226 1367 estlex,
241 1312 290 1355 et
303 1300 437 1355 mala
462 1299 630 1353 arbor
644 1311 740 1367 per
761 1311 919 1366 quam
937 1294 1144 1365 peccati
1161 1293 1521 1364 venitagnitio
1545 1307 1559 1345 :

71 1398 160 1468 quia
183 1409 267 1450 non
293 1393 454 1447 dixit:
477 1391 559 1446 Ex
581 1391 698 1460 lege
731 1408 750 1441 ι
770 1389 972 1460 agnitio
997 1387 1256 1454 peccati,»
1286 1387 1398 1448 sed,
1431 1399 1566 1454 «per

71 1493 242 1556 legem,»
282 1494 334 1538 ut
360 1483 502 1538 scias
519 1497 629 1536 non
660 1496 726 1535 ex
747 1481 862 1548 ipsa
888 1487 1090 1543 ortum,
1138 1477 1231 1533 sed
1266 1491 1365 1545 per
1391 1475 1562 1546 ipsam

70 1580 250 1649 agnitum
270 1590 382 1628 esse
403 1580 709 1643 peccatum.
737 1569 829 1635 Ut,
857 1569 1008 1623 verbi
1038 1567 1211 1638 gratia
1233 1610 1249 1631 ,
1289 1568 1336 1622 si
1361 1566 1566 1622 dicere.

70 1666 353 1737 ntus:511
376 1665 481 1718 Per
523 1671 696 1718 artem
743 1660 1026 1716 medicinae
1069 1660 1230 1714 datur
1289 1656 1564 1726 languoris

77 1758 262 1826 agnitio,
291 1758 657 1828 nunquidnam
687 1757 961 1810 videretur
1001 1753 1091 1808 tibi
1124 1768 1288 1806 causa
1330 1750 1553 1818 languo-

70 1852 121 1906 ris
139 1865 234 1905 esse
260 1851 547 1915 medicina,
566 1849 689 1918 quia
718 1863 814 1916 per
836 1847 1004 1917 ipsam
1026 1846 1257 1916 qualitas
1285 1839 1557 1911 languoris

70 1933 316 2006 agnoscitur
338 1932 362 1987 l
381 1932 512 1998 Sed,
535 1930 677 1986 sicut
703 1935 915 1984 constat
940 1928 1136 1983 bonam
1169 1941 1293 1982 esse
1331 1928 1559 1982 medici—

69 2042 156 2080 nam
194 2039 298 2093 quze
339 2021 679 2092 aegritudinis
718 2018 1126 2087 intelligentiam
1169 2014 1422 2086 praestat,
1457 2032 1562 2087 qua

70 2117 193 2184 possit
211 2115 359 2168 vitari
393 2111 513 2180 (55)
539 2110 850 2176 inﬁrmitas,
892 2109 963 2162 ita
991 2117 1046 2164 et
1075 2109 1161 2163 lex
1195 2109 1332 2163 bona
1362 2119 1444 2164 est
1469 2124 1564 2177 per

68 2223 180 2273 quam
211 2204 630 2275 deprehenditur
659 2211 713 2256 et
739 2202 1052 2273 agnoscitur
1083 2209 1389 2270 peccatum.
1435 2203 1566 2258 Ser-

68 2309 129 2351 rat
147 2308 320 2360 antem,
349 2308 408 2350 ut
437 2304 610 2366 puto,
642 2293 944 2363 huiusmodi
984 2293 1254 2362 expositio
1290 2293 1456 2348 etiam
1499 2294 1566 2345 il-

69 2390 138 2445 lius
159 2389 548 2459 explanationis
563 2387 1026 2460 consequentiam,
1053 2401 1216 2457 quam
1262 2401 1422 2458 supra
1454 2388 1566 2442 edi-

70 2482 198 2536 dimus
237 2481 298 2536 de
337 2497 404 2538 eo
452 2480 605 2551 quod
656 2480 915 2549 scriptum
953 2487 1078 2533 est:
1111 2496 1131 2529 ‹
1164 2477 1380 2533 Causati
1425 2477 1567 2532 enim

68 2589 206 2628 sumus
227 2573 431 2629 Judaos
459 2581 523 2628 et
569 2571 788 2626 Graecos
819 2583 1010 2625 omnes
1042 2568 1142 2624 sub
1168 2576 1391 2637 peccato
1427 2582 1567 2632 esse,

69 2665 168 2718 sicut
185 2665 426 2734 scriptum
458 2672 550 2716 est
586 2678 600 2714 :
631 2661 766 2728 Quia
797 2675 903 2715 non
929 2667 1012 2714 est
1046 2658 1224 2727 justus
1252 2657 1566 2727 quisquam,

68 2770 142 2810 non
164 2763 234 2810 est
255 2755 584 2825 intelligens,
622 2767 727 2806 non
753 2760 836 2806 est
869 2750 1154 2820 requirens
1183 2748 1348 2804 Deum
1373 2749 1441 2802 ".
1473 2766 1493 2800 ι

111 2845 152 2899 'l.
175 2845 349 2901 «Nunc
377 2854 568 2900 autem
590 2844 708 2897 sine
732 2841 848 2911 lege
868 2841 1074 2908 iustitia
1105 2840 1197 2896 Dei
1232 2838 1571 2893 manifestata

68 2948 138 3003 est,
162 2937 422 2993 testificata
466 2952 503 2990 a
539 2935 658 3004 lege
701 2943 755 2989 et
801 2933 1095 3004 prophetis.
1123 2930 1340 2988 Justitia
1393 2940 1570 2985 autem

67 3025 130 3078 Dei
145 3043 223 3094 per
246 3026 399 3082 fidem
426 3025 563 3082 Jesu
597 3027 796 3082 Christi
819 3027 871 3080 in
895 3041 1084 3082 omnes
1105 3035 1160 3081 et
1187 3039 1344 3094 super
1363 3039 1552 3080 omnes

71 3117 134 3185 qui
153 3120 354 3173 credunt
373 3121 426 3174 in
450 3133 606 3175 eum.
628 3117 743 3173 Non
773 3118 915 3174 enim
937 3127 1022 3174 est
1040 3118 1333 3174 distinctio.
1352 3116 1552 3172 Omnes

69 3213 170 3264 enim
204 3219 576 3279 peccaverunt,
618 3218 674 3262 et
709 3216 869 3277 egent
911 3205 1084 3276 gloria
1128 3204 1254 3270 Dei,
1298 3204 1570 3270 Iustiﬂcati
1596 3199 1642 3259 (ἶ

213 3255 317 3372 ζεῖ
338 3255 576 3372 gratiam,
626 3255 1571 3366 ιιζεῖιῖξξ’ρέἷὲὲῖισῖιιῇἑοῖιὲῖξριξ
1607 3255 1641 3259 Ἠ
1674 3270 1952 3326 medicinae
1979 3265 2114 3321 artis
2143 3263 2431 3330 imaginem
2479 3258 2765 3315 dedimus:
2795 3265 2854 3312 ut
2885 3255 3237 3327 quemadmo-

69 3304 190 3372 gratis

69 3395 183 3447 estin
205 3395 408 3448 Christo
434 3391 571 3447 Jesu
597 3391 664 3444 ".
706 3407 726 3441 ι
754 3388 906 3456 Quod
942 3386 1274 3459 astruximus
1304 3386 1358 3438 in
1408 3399 1568 3454 supe-

70 3484 266 3552 rioribus,
290 3486 536 3541 dicentes
565 3495 672 3535 non
697 3480 763 3535 de
796 3479 912 3550 lege
941 3478 1111 3550 Moysi
1135 3478 1359 3544 dictum,
1389 3495 1409 3529 e
1435 3477 1573 3545 Quia

67 3592 342 3646 quaecunque
369 3577 460 3631 lex
487 3574 754 3644 loquitur,
783 3571 869 3627 his
907 3570 999 3640 qui
1029 3569 1084 3624 in
1113 3569 1230 3637 lege
1253 3580 1378 3625 sunt
1403 3569 1574 3638 loqui-

68 3668 199 3732 tur“,
229 3686 248 3719 ι
275 3666 484 3737 putabit
511 3663 710 3734 aliquis
741 3677 845 3718 non
871 3671 981 3716 tam
1011 3674 1158 3725 vere,
1180 3675 1339 3730 quam
1367 3659 1574 3715 violen-

67 3765 125 3809 ter
151 3768 421 3822 assertum,
452 3771 586 3812 cum
615 3754 795 3808 videat
824 3765 966 3806 nunc
1000 3765 1192 3804 nomen
1225 3750 1356 3819 legis
1378 3764 1482 3804 non
1509 3752 1574 3803 ad

69 3857 244 3909 natura.
269 3847 358 3903 sed
400 3847 472 3902 ad
510 3844 682 3916 Moysi
711 3843 882 3912 legem
915 3839 1103 3895 referri
1128 3856 1142 3893 :
1183 3850 1236 3893 et
1265 3839 1407 3893 dicet
1433 3839 1575 3908 quod

67 3936 102 3989 in
124 3938 338 4004 praesenti
367 3938 493 3992 loco
511 3933 730 4004 justitia
777 3931 871 3986 Dei
911 3929 1290 4000 pronuntietur
1325 3927 1394 3982 ab
1433 3930 1577 3998 Apo-

67 4029 166 4081 stolo
185 4028 510 4083 uianil'estari
546 4039 648 4096 per
687 4024 886 4093 legem,
911 4030 966 4076 et
994 4037 1098 4076 non
1149 4020 1318 4074 solum
1353 4033 1448 4088 per
1499 4020 1578 4074 le-

65 4135 167 4187 gem,
190 4123 274 4178 sed
300 4130 356 4176 et
382 4134 485 4190 per
527 4116 842 4189 prophetas,
873 4124 932 4168 ut
952 4114 1072 4168 sine
1095 4111 1203 4168 ulla
1228 4111 1579 4182 ambiguitate

71 4212 114 4264 de
135 4213 230 4281 lege
271 4212 440 4284 Moysi
483 4207 864 4276 intelligantur
903 4203 1044 4259 dicta
1074 4216 1195 4258 esse
1227 4215 1348 4269 qua:
1375 4201 1576 4268 scripta

63 4315 186 4361 sunt:
208 4321 266 4362 ex
292 4320 401 4376 qua
438 4305 565 4372 lege
589 4299 792 4372 iustitia
823 4296 916 4350 Dei
954 4311 1050 4366 per
1083 4295 1238 4348 ﬁdem
1261 4293 1460 4350 Christi
1485 4291 1578 4348 Je-

64 4409 106 4448 sn
133 4397 492 4455 manifestetur
523 4395 582 4448 in
626 4403 816 4446 omnes
841 4388 933 4457 qui
969 4387 1229 4452 credunt,
1256 4385 1369 4441 sive
1391 4399 1458 4440 ex
1487 4383 1580 4439 .ln-

63 4485 174 4551 deis,
194 4489 300 4543 sive
325 4503 394 4543 ex
424 4482 685 4557 gentibus
710 4479 1009 4541 venientes,
1037 4475 1129 4544 qui
1161 4483 1339 4530 tamen
1377 4489 1484 4529 non
1508 4489 1578 4530 ex

63 4580 268 4646 operibus
285 4577 678 4649 iustiﬁcenlur,
711 4573 905 4630 sede:
927 4566 1100 4642 gratia
1131 4565 1249 4632 Dei,
1273 4567 1576 4636 redempto-

62 4683 106 4723 re
125 4669 218 4741 (56)
241 4672 317 4727 eis
339 4671 540 4726 effecto
567 4668 683 4735 ipso
709 4663 835 4719 Iesu
865 4660 1079 4715 Christo
1111 4657 1176 4712 ".
1213 4657 1334 4712 Haec
1358 4657 1576 4727 quidem

63 4760 168 4816 dicet
192 4763 233 4817 is
260 4763 350 4831 qui
379 4772 606 4818 sensum
649 4753 888 4826 Apostoli
933 4751 987 4806 in
1027 4751 1110 4805 his
1147 4764 1268 4818 quae
1295 4762 1453 4816 supra
1483 4761 1578 4800 ex-

63 4852 308 4917 posuimus,
342 4851 617 4906 violenter
641 4859 673 4899 a
699 4843 856 4899 nobis
883 4838 1155 4895 accusabit
1178 4835 1450 4890 inﬂexum.
1469 4833 1577 4888 Sed

62 4940 156 4994 illud
178 4952 252 4998 est
281 4942 426 5011 quod
451 4943 771 4995 constanter
793 4943 1081 5003 possumus
1113 4925 1378 4981 allirmare
1408 4939 1422 4976 :
1450 4922 1574 4992 quia

62 5030 167 5086 sicut
190 5049 281 5090 nos
298 5035 393 5105 qui
425 5035 545 5088 haec
578 5033 824 5083 asserunt
853 5020 964 5093 (57)
996 5027 1186 5089 putant
1230 5016 1287 5070 in
1318 5016 1421 5070 hoc
1461 5027 1578 5068 ser-

63 5137 182 5182 mone
201 5125 468 5197 Apostoli,
495 5134 659 5180 auem
702 5131 847 5173 nunc
879 5109 1271 5201 proposuimus,
1315 5105 1446 5161 nihil
1493 5106 1579 5158 in-

114 5285 148 5315 ”
173 5285 321 5341 Rom.
358 5299 446 5350 tn,
471 5279 570 5335 ΞΟ.
615 5275 866 5350 βξιῖοιιι.
895 5269 1168 5350 tn,__9-H.
1226 5266 1268 5296 "’
1305 5265 1433 5320 ibid.
1454 5263 1517 5318 2|
1546 5279 1568 5319 ε

1734 5257 1780 5290 ’⁸
1803 5253 1933 5310 ibid.
1965 5250 2054 5306 l9.
2153 5246 2198 5277 "
2230 5242 2337 5299 Tit.
2368 5255 2449 5304 ιιι,
2483 5237 2600 5293 5-7.

60 5349 88 5380 ⁸³
119 5353 242 5411 Psal.
275 5341 446 5419 xxxv;
476 5353 535 5404 Ἰ.
611 5348 655 5380 ³³
680 5348 833 5401 Rom.
865 5359 938 5409 xl,
968 5341 1057 5397 53.

112 5473 207 5545 [54)
260 5472 505 5545 ιιιιηάω-
536 5475 700 5545 sunt,
749 5465 846 5517 hoc
886 5470 958 5545 est
1015 5457 1100 5545 ad.
1137 5451 1577 5545 (augt-iurationem

63 5523 553 5606 ιθῖιῖίῖηηῐίἰιιιᾶιάω
585 5523 841 5591 habentur
869 5541 923 5606 et
956 5523 1328 5606 nunctw._Sic.
1367 5535 1495 5606 mss.
1520 5527 1582 5606 et

63 5586 306 5668 iis'iii'iﬁl'i'.‘
334 5586 974 5670 Ηίἷῖῖειῖιῖξῖιιιιιηιίεε
1007 5596 1271 5652 habentur
1309 5605 1439 5646 sane
1461 5629 1476 5654 ,
1517 5586 1582 5641 ad

63 5684 490 5748 comparationem
517 5691 647 5730 vero
679 5673 858 5748 θεῖε).
886 5679 994 5742 etc.

112 5731 476 5820 (SBH-tauris.
507 5760 687 5820 __unus.
724 5731 862 5798 Editi
913 5731 1040 5793 vero
1092 5741 1146 5790 et
1191 5731 1371 5789 cmteri
1421 5743 1586 5792 mss.,

67 5817 252 5878 «vitare
282 5834 406 5892 quae
435 5817 588 5873 velit.
624 5833 644 5867 ι

1669 643 1734 694 de
1765 649 1970 693 natura:
2003 638 2117 706 lege
2148 631 2454 700 conscripta
2481 650 2495 687 :
2536 633 2609 686 ita
2654 646 2754 688 nec
2786 631 2861 686 illi
2884 632 3098 701 quidem
3137 633 3227 688 in-

1665 732 1851 786 venire
1882 729 2084 798 aliquid
2115 733 2372 795 poterunt
2400 723 2669 794 quomodo
2715 737 2835 792 quae
2864 725 3114 795 superius
3153 723 3230 778 di-

1664 831 1750 875 cta
1782 829 1934 882 sunt,
1963 818 2030 872 ad
2058 816 2224 887 Moysi
2256 813 2458 883 potius,
2495 827 2655 881 quam
2686 812 2753 866 ad
2802 820 3007 866 naturae
3055 811 3227 880 legem

1666 910 1939 980 respicere
1974 907 2264 963 videantur
2293 923 2308 960 :
2340 913 2393 958 et
2429 903 2551 958 idco
2575 904 2719 958 sicut
2747 903 2852 958 illis
2878 917 2984 958 non
3024 902 3231 960 idcirco

1664 1005 1844 1076 priora
1884 1001 2126 1064 stabunt,
2153 999 2279 1064 quia
2321 996 2575 1051 videntur
2615 996 2912 1064 posteriora
2951 1005 3228 1061 constare,

1664 1091 1738 1144 ita
1764 1104 1862 1144 nec
1888 1088 2044 1143 nobis
2069 1087 2288 1156 quidem
2320 1091 2574 1154 poterunt
2608 1084 2780 1152 prima
2815 1085 3041 1150 turbari,
3070 1085 3115 1138 si
3145 1099 3232 1141 se-

1664 1184 1837 1236 cunda
1875 1196 1979 1234 non
2017 1179 2209 1234 eodem
2251 1190 2476 1232 currere
2498 1179 2714 1230 tramite
2749 1176 3051 1230 vidcantur.
3087 1177 3228 1244 Quid

1664 1272 1826 1338 igitur
1847 1269 2166 1325 iContraria
2199 1267 2303 1323 sibi
2329 1267 2570 1322 scribere
2602 1266 2846 1320 dicemus
2881 1266 3231 1334 Apostolum?

1664 1363 1732 1418 Et
1755 1362 1869 1418 haec
1892 1361 1996 1415 erit
2019 1359 2223 1430 egregii
2253 1357 2620 1427 explanatoris
2642 1356 2876 1412 assertio
2907 1358 2919 1410 ε
2958 1357 3112 1424 Quod
3138 1372 3229 1412 ac-

1661 1459 1844 1514 cidere
1873 1453 1978 1508 illis
2036 1451 2172 1507 solet
2222 1450 2314 1520 qui
2367 1449 2421 1503 in
2464 1449 2708 1503 diversos
2729 1457 2999 1502 sectarum
3033 1463 3230 1504 sensus

1665 1551 1830 1592 utinm
1869 1537 1991 1593 lidei
2030 1537 2218 1605 dogma
2259 1535 2641 1604 disrumpunt,
2671 1544 2726 1589 et
2756 1535 2844 1590 illa
2886 1543 3090 1588 tantum
3137 1535 3203 1589 de

1671 1631 1974 1699 Scripturis
2001 1629 2199 1685 divinis
2221 1628 2527 1683 testimonia
2547 1627 2848 1696 explorant,
2876 1627 3070 1697 quibus
3089 1641 3216 1694 pro-

1665 1722 1843 1792 prium
1875 1722 2064 1790 dogma
2092 1721 2442 1784 constituant,
2475 1733 2660 1771 earum
2688 1732 2817 1772 vero
2841 1732 2961 1785 quae
2989 1731 3020 1771 e
3045 1718 3225 1770 diver-

1669 1828 1733 1868 so
1774 1813 1995 1868 veniunt
2032 1812 2325 1881 Scriptura
2363 1811 2555 1866 divinae
2579 1809 2968 1864 sententiarum
2996 1808 3216 1861 absolu-

1592 1878 1635 1932 Β
1674 1904 1852 1959 tiones
1875 1918 1943 1959 ne
1967 1878 2209 1958 extremo
2234 1902 2302 1967 ³⁸,
2331 1913 2386 1956 ιιι
2406 1903 2482 1955 ait
2507 1899 2793 1965 Dominus,
2821 1898 2986 1967 digito
3015 1900 3223 1951 contin-

1664 2007 1815 2070 gunt.
1845 1995 1953 2051 Sed
1980 1993 2072 2063 qui
2106 1991 2338 2046 ﬁdeliter
2361 1998 2416 2044 et
2451 1987 2658 2055 integre
2679 1999 2958 2041 sacrorum
2989 1981 3228 2040 Volumi-

1663 2103 1796 2143 num
1829 2084 2034 2156 colligit
2073 2096 2313 2147 sensum,
2357 2079 2519 2134 debet
2561 2076 2847 2132 ostendere
2868 2076 3138 2144 quomodo
3162 2090 3224 2129 ea

1665 2194 1784 2250 quae
1810 2178 2060 2232 videntur
2084 2188 2205 2229 esse
2236 2170 2531 2231 contraria,
2558 2184 2663 2224 non
2693 2177 2818 2224 sunt
2849 2183 2976 2223 vere
3012 2176 3228 2222 contra-

1666 2271 1765 2324 ria.
1791 2265 2139 2322 Tentabimus
2168 2276 2299 2331 ergo
2318 2260 2481 2315 etiam
2512 2258 2564 2312 in
2591 2257 2846 2327 praesenti
2896 2256 3016 2312 loco
3042 2267 3228 2312 osten-

1665 2357 1794 2412 dere
1815 2353 2086 2426 quomodo
2116 2351 2280 2422 priori
2318 2348 2637 2418 expositioni
2668 2355 2865 2401 nosme
2897 2347 3008 2401 haec
3041 2347 3232 2400 subse-

1667 2461 1841 2519 qnens
1865 2461 1969 2502 non
1993 2451 2272 2513 repugnet.
2298 2441 2453 2510 Saepe
2480 2439 2731 2503 diximus,
2757 2446 2813 2491 et
2843 2437 3146 2492 evidentius
3173 2437 3227 2490 in

1667 2538 1984 2609 praefatione
2017 2535 2250 2589 diximus
2277 2532 2413 2602 (58),
2443 2531 2585 2598 quod
2615 2531 2689 2584 ita
2723 2529 3015 2598 Apostolus
3039 2528 3091 2582 in
3122 2527 3224 2582 hac

1670 2629 1906 2700 Epistola
1927 2628 2214 2680 multarum
2245 2624 2421 2694 legum
2453 2622 2615 2675 faciat
2651 2620 2998 2682 mentionem,
3031 2629 3089 2672 ut
3109 2633 3230 2673 cum

1672 2725 1739 2777 de
1770 2735 1875 2774 una
1921 2722 1990 2774 ad
2035 2717 2264 2772 alteram
2311 2714 2528 2777 transit,
2561 2711 2889 2781 deprehendi
2925 2711 3027 2765 nisi
3057 2711 3123 2764 ab
3151 2711 3232 2763 in-

1671 2823 1821 2868 tento
1851 2811 1986 2867 satis
2027 2809 2226 2864 lectore
2252 2806 2342 2861 vix
2369 2804 2560 2876 possit.
2587 2803 2802 2857 Dixerat
2837 2801 2891 2856 in
2942 2802 3232 2871 superiori-

1671 2905 1795 2970 bus,
1824 2903 1950 2972 quia
1985 2919 2005 2954 ι
2044 2913 2141 2970 per
2165 2899 2336 2969 legem
2367 2897 2573 2966 agnitio
2605 2894 2808 2963 peccati
2831 2903 2987 2960 θείῃ
3021 2903 3076 2948 et
3104 2893 3228 2962 quia

1670 2998 1842 3054 sensit
1860 3008 2019 3066 posse
2050 2991 2257 3048 scilicet
2283 2987 2631 3058 responderi:
2655 2985 2795 3056 Ergo
2819 2985 2864 3040 si
2898 2999 2966 3053 ex
2995 2984 3110 3054 lege
3135 2999 3234 3038 na-

1671 3088 1831 3144 turali
1863 3085 2068 3156 agnitio
2098 3081 2302 3152 peccati
2346 3087 2452 3142 est,
2485 3085 2665 3146 potest
2691 3091 2760 3130 ex
2795 3075 2907 3143 ipsa
2942 3082 2996 3128 et
3028 3074 3235 3144 agnitio

1673 3195 1795 3235 esse
1841 3175 2082 3248 justitim,
2106 3172 2397 3229 secundum
2429 3167 2578 3224 illam
2629 3167 2836 3222 scilicet
2860 3179 3020 3236 quam
3068 3179 3236 3231 supra

1673 3363 1801 3417 dum
1823 3375 1923 3430 per
1949 3357 2096 3412 illam
2143 3354 2370 3423 languor
2412 3349 2724 3421 agnoscitur
2752 3357 2810 3403 ut
2850 3349 3056 3403 sanitas
3085 3347 3238 3401 inve-

1675 3455 1872 3516 niatur,
1905 3451 1974 3504 ita
1996 3449 2157 3504 etiam
2184 3461 2281 3516 per
2312 3445 2480 3514 legem
2517 3451 2724 3496 naturas
2755 3441 2799 3493 si
2829 3447 3002 3506 potest
3034 3436 3239 3507 agnitio

1675 3544 1795 3600 ﬁeri
1842 3540 2069 3612 peccati,
2097 3537 2348 3594 similiter
2386 3535 2560 3606 possit
2605 3542 2660 3588 et
2687 3531 2913 3602 iustitiae
2943 3529 3080 3584 ﬁeri.
3125 3528 3242 3585 Hoc

1674 3648 1807 3705 ergo
1829 3648 1950 3690 cum
1972 3631 2196 3687 vidisset
2220 3642 2383 3699 posse
2408 3628 2513 3683 sibi
2536 3625 2717 3694 objici,
2759 3633 3041 3694 postquam
3067 3621 3238 3676 dixit:

1680 3746 1700 3780 ι
1740 3726 1845 3784 Per
1887 3724 2056 3796 legem
2110 3721 2256 3778 enim
2301 3719 2505 3789 agnitio
2555 3717 2806 3787 peccati,
2842 3734 2860 3767 ι
2917 3713 3235 3785 subiungit:

1681 3835 1702 3872 ι
1747 3818 1900 3873 Nunc
1924 3815 2253 3881 autem,sine
2274 3811 2390 3880 lege
2413 3808 2753 3881 (59)justitia
2783 3807 2874 3862 Dei
2899 3807 3240 3861 manifestata

1675 3919 1780 3966 est.
1825 3927 1845 3962 ι
1875 3907 2006 3963 Tale
2036 3914 2119 3960 est
2143 3918 2274 3972 ergo
2313 3903 2452 3971 quod
2487 3901 2618 3955 dicit
2647 3916 2662 3952 :
2694 3897 2807 3952 Non
2834 3897 2946 3969 (60)
2973 3899 3113 3951 sicut
3143 3911 3241 3964 per

1682 3995 1854 4068 legem
1875 3995 2072 4066 agnitio
2091 3995 2316 4066 peccati,
2335 3996 2409 4050 ita
2432 4001 2488 4048 et
2512 3991 2869 4046 manifestatio
2885 3989 3104 4060 justitiae
3127 3988 3222 4043 Dei

1685 4103 1782 4157 per
1804 4087 1974 4157 legem
1997 4086 2086 4152 tit;
2107 4085 2200 4141 sed
2221 4085 2336 4141 sine
2357 4084 2474 4153 lege
2496 4081 3090 4149 manilestaturjustitia
3118 4081 3232 4136 Dei.

1685 4179 1903 4234 Poterat
1928 4178 2070 4233 enim
2105 4187 2307 4232 natura:
2345 4177 2427 4230 lex
2453 4190 2676 4246 arguere
2700 4174 2903 4242 peccati
2943 4182 3189 4226 naturam
3213 4214 3229 4236 ,

1685 4282 1740 4326 et
1756 4270 1996 4325 notitiam
2017 4267 2133 4338 ejus
2155 4269 2438 4324 ostendere
2467 4287 2482 4322 :
2513 4267 2717 4336 justitia
2739 4275 2917 4319 autem
2943 4265 3034 4320 Dei
3050 4279 3240 4331 super

1686 4361 1925 4431 greditur
1954 4369 2009 4414 et
2028 4361 2391 4429 supereminet
2428 4360 2531 4413 hoc
2557 4358 2911 4427 quodcunque
2948 4372 3098 4410 mens
3140 4357 3239 4409 lm-

1685 4467 1844 4507 mana
1873 4452 2002 4507 solis
2031 4451 2364 4506 naturalibus
2401 4450 2651 4505 sensibus
2693 4457 2869 4518 potest
2902 4447 3108 4502 rimari.
3134 4447 3243 4502 Nu-

1605 4526 1656 4588 D
1681 4563 1788 4620 que
1810 4546 1952 4604 enim
1975 4541 2168 4599 sulIicit
2193 4540 2260 4595 ad
2291 4535 2689 4607 intelligendam
2712 4541 2767 4588 et
2793 4527 3239 4620 considerandam

1682 4618 1789 4694 non
1807 4646 2180 4706 quamcunque
2205 4631 2515 4690 humanam,
2534 4625 2627 4682 sed
2648 4624 2817 4693 ipsam
2840 4618 2929 4674 Dei
2950 4618 3238 4689 justitiam,

1681 4741 1739 4786 et
1759 4727 1961 4798 judicia
1996 4741 2116 4794 qua:
2140 4738 2205 4778 ex
2231 4722 2347 4791 ipsa
2382 4716 2734 4779 descendunt,
2763 4713 2829 4768 de
2868 4710 3063 4780 quibus
3103 4705 3240 4759 dici-

1683 4832 1771 4876 tur
1795 4820 1921 4889 quia
1943 4827 2069 4873 sunt
2097 4835 2115 4868 (
2153 4815 2378 4884 abyssus
2409 4807 2573 4864 multa
2603 4804 2672 4868 ³¹,
2701 4821 2720 4854 ι
2754 4811 2808 4856 et
2830 4801 2954 4869 quia
2979 4805 3240 4889 tampro-

1687 4884 1853 4970 funda
1876 4913 1947 4968 sit
1965 4908 2174 4979 justitia
2205 4904 2299 4959 Dei
2334 4899 2632 4971 etjudicia,
2662 4905 2718 4949 ut
2745 4887 3033 4979 Apostolus
3053 4884 3236 4979 dicat:

1691 5027 1710 5061 ι
1751 5007 1924 5074 Quam
1966 4973 2347 5056 inscrutabilia
2389 5000 2514 5048 sunt
2539 4985 2736 5059 judicia
2771 4981 2861 5036 Dei
2887 4981 2929 5074 ξ’
2960 4977 2974 5030 ι
3006 4994 3024 5027 ι
3051 4973 3157 5030 Sed
3187 4984 3242 5074 et

1689 5067 1963 5168 Sapientia
1995 5092 2071 5146 ita
2095 5089 2163 5144 ad
2188 5085 2438 5142 homines
2468 5080 2724 5149 loquitur,
2753 5071 2908 5142 quasi
2935 5083 3042 5124 non
3069 5067 3244 5137 possit

2706 5233 2752 5265 ³⁰
2781 5229 2984 5306 Matth.
3002 5239 3157 5288 xxttt,
3185 5223 3238 5277 4.

1751 5437 1865 5506 (56)
1898 5435 2065 5506 Al.,_t
2104 5430 2157 5483 in
2193 5424 2642 5506 redemptionem.
2658 5435 2692 5506 ἰ

2093 5516 2112 5549 ι
2157 5487 2470 5579 asserintus,
2500 5509 2538 5579 tt‘
2569 5487 2726 5579 male.

1755 5556 1867 5648 ὶέὲῖ
1897 5556 2462 5648 iidemiidem"!
2493 5556 2846 5648 P'EE?_'.'_‘§:.-..
2900 5642 2913 5648 -
2950 5631 2998 5648 η.

1897 5618 2332 5714 Ιιιῖιιιιῖξξιξθᾱίιξξ
2358 5633 2546 5714 deestt
2572 5618 2874 5696 sitbjung'tt,
2899 5642 2918 5677 ι
2949 5631 3004 5678 et
3030 5618 3251 5687 legitur,

1692 5741 1710 5775 ι
1749 5702 1884 5772 iam}.
1917 5721 2092 5765 autem
2122 5707 2195 5758 ait
2225 5721 2239 5758 :
2275 5704 2403 5755 Siue
2430 5702 2562 5775 lege.
2596 5718 2613 5750 δ

1759 5786 1871 5872 (60)
1903 5780 2066 5848 Editi,
2101 5796 2119 5830 ι
2155 5789 2303 5840 nam,
2339 5790 2355 5822 ι
2388 5772 2544 5824 male.
