3754 6530
528 382 637 437 945

1997 388 2317 446 ORIGENIS
3378 466 3379 473 Ν
3619 413 3684 470 9,,

523 508 731 580 justitia
761 503 854 560 Dei
887 506 1097 556 natura:
1119 500 1546 560 solius'motibus
1574 505 1724 569 sciri,
1756 506 1847 560 sed
1879 522 1972 576 per
1995 509 2099 562 do-
2124 514 2171 570 Α
2200 510 2345 565 nium
2369 510 2535 581 legis;
2570 510 2615 567 si
2643 520 2821 567 autem
2853 525 2917 566 ex
2956 512 3077 585 lege
3128 516 3324 589 accipit
3364 522 3684 581 testimonium.

527 603 719 656 ctrina»
762 598 1000 653 studium
1049 596 1217 665 quaeri
1250 612 1265 659 ;
1293 606 1350 650 et
1379 596 1500 651 ideo
1532 597 1705 652 dicit:
1734 616 1751 648 ι
1785 596 1987 652 Discite
2013 598 2098 668 ju-

2198 618 2305 656 non
2340 617 2468 673 ergo
2497 603 2616 658 sine
2636 604 2754 674 lege
2785 608 3128 662 manifestata
3160 619 3261 663 est.
3282 611 3429 678 Quod
3454 628 3560 670 cum
3586 618 3684 673 inso-

527 692 730 748 stitiam
765 691 857 761 qui
905 689 1158 761 judicatis
1200 697 1396 744 terram
1430 689 1493 744 ³⁸.
1553 708 1572 741 ι
1613 688 1974 756 Quamobrem
2025 690 2095 744 ad
2196 692 2361 747 lubile
2384 695 2476 757 sit,
2509 710 2612 750 nec
2642 697 2821 766 aliqua
2854 701 3024 769 possit
3056 701 3264 755 ratione
3293 703 3531 770 convelli,
3555 707 3684 763 dicen-

529 786 620 839 Dei
645 784 913 852 justitiam
959 781 1349 852 agnoscendam
1398 781 1531 837 nihil
1558 796 1780 850 prorsus
1809 781 2096 850 opitulabi-

2196 783 2321 838 dum
2354 794 2436 839 est
2452 785 2720 855 justitiam
2762 791 2980 860 quidem
3002 791 3095 846 Dei
3126 793 3455 850 manifestari
3478 810 3505 849 a
3529 796 3685 855 Christo

529 886 617 931 tur
649 877 735 931 lex
766 887 996 941 naturas,
1028 875 1241 930 etiamsi
1282 874 1533 928 videatur
1556 874 1759 929 sentire
1797 874 1997 944 aliquid
2027 876 2093 930 de
2192 872 2345 941 Jesu,
2372 878 2646 945 praebente
2686 880 2737 934 ei
2776 882 3145 937 testimonium
3196 898 3303 938 non
3359 883 3470 955 lege
3517 899 3683 953 natura,

523 968 759 1022 humana
782 966 1015 1035 justitia.
1062 965 1154 1019 Illa
1188 965 1332 1020 enim
1365 964 1452 1019 lex
1497 970 1675 1032 potest
1707 965 1910 1021 sentire
1944 968 2090 1036 quod
2194 980 2314 1035 qua:
2361 970 2537 1026 adhuc
2589 981 2673 1027 est
2720 974 2907 1043 utique
2952 976 3141 1045 exigua
3167 985 3223 1030 et
3268 991 3457 1045 parva;
3486 980 3567 1033 sed
3609 982 3683 1052 ιεεε

525 1061 666 1115 inter
688 1057 1160 1127 hominesjustum
1193 1056 1341 1109 situt
1366 1057 1507 1124 quod
1535 1054 1586 1108 in
1613 1070 1673 1109 se
1702 1055 1823 1124 quis
1849 1058 1957 1125 pati
1986 1072 2090 1111 non
2192 1056 2361 1129 Moysi
2397 1075 2547 1124 ;non
2584 1076 2647 1115 ea
2689 1077 2810 1130 qua:
2863 1064 3159 1118 secundum
3196 1063 3455 1128 litteram,
3494 1067 3572 1119 sed
3606 1083 3683 1136 qua

522 1150 657 1217 vult,
688 1150 786 1204 hoc
820 1148 980 1218 512
1004 1161 1071 1201 ne
1099 1145 1347 1215 proximo
1379 1143 1542 1199 faciat
1566 1144 1633 1200 ³⁴.
1656 1144 1911 1215 Nunquid
1940 1154 2093 1200 natu-
2190 1153 2485 1205 secundum
2515 1152 2762 1221 spiritum
2792 1163 2893 1216 est,
2925 1156 2991 1209 de
3041 1171 3149 1224 qua
3186 1157 3325 1209 idem
3364 1157 3487 1210 dicit
3523 1158 3684 1226 Aposto-

523 1242 708 1296 raliter
736 1250 913 1310 potest
936 1238 1139 1293 sentire
1164 1235 1277 1307 (61)
1316 1236 1385 1291 de
1412 1235 1499 1289 illa
1526 1234 1732 1304 justitia
1758 1252 1880 1305 quae
1908 1237 2037 1292 dicit
2072 1254 2085 1291 :

521 1354 544 1385 ι
591 1333 776 1387 Videte
806 1348 876 1387 ne
907 1329 1408 1406 faciatisjustitiam
1441 1340 1676 1384 vestram
1708 1345 1893 1384 coram
1924 1331 2092 1386 homi-

2190 1243 2313 1297 lus:
2356 1262 2374 1295 ‹
2410 1244 2544 1310 Quia
2576 1244 2663 1299 lex
2705 1246 2964 1315 spiritalis
3004 1257 3088 1302 est
3120 1248 3188 1302 “.
3229 1268 3249 1300 ι
3282 1247 3533 1302 Similiter
3557 1261 3680 1303 autem

2189 1346 2245 1392 et
2277 1337 2551 1407 prophetae
2586 1353 2678 1407 per
2710 1354 2832 1394 eum
2855 1340 2945 1410 qui
2978 1340 3031 1394 in
3065 1341 3196 1409 ipsis
3227 1341 3434 1396 locutus
3466 1350 3540 1393 est
3577 1342 3684 1409 spiri-

520 1424 677 1479 nibus
703 1424 786 1489 ³⁸;
824 1443 843 1477 ι
878 1431 953 1486 et,
998 1440 1018 1474 ι
1052 1431 1111 1476 ut
1132 1422 1341 1477 nesciat
1373 1421 1600 1476 sinislra
1644 1430 1733 1475 tua
1766 1421 1893 1490 quid
1926 1421 2088 1477 faciat
2191 1437 2302 1482 tum
2334 1427 2563 1484 Dei.Est
2583 1439 2842 1500 praeterea
2877 1443 2932 1486 et
2960 1431 3046 1485 illa
3068 1432 3208 1501 apud
3238 1432 3683 1502 Apostolumdehoc

518 1519 705 1572 dextra
764 1525 852 1569 tua
875 1515 964 1568 “‘i
1002 1534 1021 1567 ι
1055 1515 1178 1569 Haec
1228 1524 1282 1568 et
1332 1513 1637 1581 hujusmodi
1681 1513 1825 1584 justa
1866 1512 2087 1585 (62)di-
2188 1534 2458 1583 sermone,
2490 1521 2534 1574 si
2581 1521 2702 1590 quis
2743 1522 3054 1592 diligentius
3089 1524 3367 1589 observet,
3399 1525 3522 1578 mira
3550 1525 3682 1578 distin-

516 1621 665 1664 ctare
695 1624 799 1663 non
827 1618 1002 1681 potest
1045 1609 1133 1664 lex
1176 1616 1423 1673 naturae;
1460 1618 1515 1663 et
1542 1608 1663 1662 ideo
1695 1607 1827 1662 dicit
1854 1608 2085 1677 Aposto-

516 1700 603 1755 lus
632 1717 647 1753 :
672 1719 690 1751 ι
724 1699 877 1755 Nunc
896 1710 1075 1754 autem
1104 1700 1221 1754 sine
1254 1698 1394 1769 lege,
1422 1718 1441 1750 ι
1479 1709 1687 1753 natura:
1714 1698 1941 1761 scilicet,
1961 1696 2087 1764 «ju-

2188 1611 2317 1665 ctio.
2345 1610 2509 1667 Moris
2532 1622 2615 1668 est
2653 1614 2796 1683 apud
2824 1614 3042 1669 Graecos
3078 1616 3391 1671 nominibus
3412 1616 3566 1689 ἄρθρα
3588 1634 3679 1685 νηι-

2189 1703 2336 1772 poni,
2372 1718 2490 1771 qua:
2517 1705 2659 1772 apud
2693 1719 2791 1758 nos
2837 1714 3063 1774 possunt
3103 1707 3321 1761 articuli
3378 1709 3623 1763 nominari.
3645 1712 3679 1763 Si

515 1794 663 1847 stitia
703 1792 796 1848 Dei
828 1791 1169 1848 manifestata
1202 1799 1285 1845 est
1312 1791 1379 1855 ν’,
1417 1809 1435 1841 ι
1470 1791 1842 1846 testimonium
1882 1790 2085 1843 habens
2117 1861 2151 1866 _
2187 1792 2404 1861 quando
2428 1793 2592 1864 igitur
2613 1794 2781 1865 Moysi
2812 1795 2982 1866 legem
3014 1800 3280 1863 nominat,
3309 1800 3516 1855 solitum
3539 1804 3680 1856 nomini

511 1882 646 1956 legis
694 1884 863 1955 Moysi
882 1881 1358 1953 etprophetarum,
1380 1883 1432 1935 in
1452 1881 1651 1951 quibus
1674 1892 1892 1936 sanctus
1916 1880 2086 1949 Spiri-
2116 1861 2159 1920 Β
2189 1861 2473 1950 praemittit
2487 1861 2777 1937 articulum
2801 1861 2889 1948 ;si
2909 1888 3126 1953 quando
3157 1861 3286 1943 vero
3318 1890 3591 1945 naturalem
3606 1895 3679 1944 vult

517 1986 604 2031 tus
655 1975 819 2030 multa
864 1989 961 2044 per
990 1974 1193 2044 figuras
1220 1983 1275 2028 et
1307 1976 1597 2043 aenigmata
1645 1973 1712 2027 de
1742 1971 1952 2039 justitia
1985 1972 2081 2026 Dei

513 2069 827 2138 scripserat.
869 2066 935 2121 Et
963 2065 1087 2121 nolo
1123 2066 1341 2122 mireris
1367 2066 1509 2134 quod
1553 2080 1719 2119 unum
1759 2064 2080 2121 vocabulum

512 2160 647 2230 legis
677 2157 916 2215 secundo
948 2159 1001 2213 in
1034 2159 1219 2213 eodem
1242 2157 1361 2213 loco
1384 2158 1617 2228 positum
1644 2157 1854 2213 diversa
1875 2156 2083 2226 signifi-

510 2262 618 2307 cet.
649 2251 961 2307 Invenimus
991 2250 1134 2305 hanc
1163 2265 1283 2305 esse
1311 2250 1613 2318 Scriptura:
1632 2251 2079 2305 consuetudinem

508 2352 566 2398 et
592 2343 645 2396 in
684 2342 804 2397 aliis
834 2342 966 2395 locis
998 2357 1012 2397 :
1043 2348 1101 2395 ut
1121 2340 1194 2396 ibi
1231 2342 1276 2374 ³⁸
1302 2357 1317 2394 z
1346 2360 1365 2393 ι
1395 2340 1584 2396 Nonne
1618 2356 1714 2396 vos
1741 2341 2079 2410 dicitis,quia

513 2435 689 2489 adhuc
723 2444 954 2503 quatuor
976 2447 1192 2488 menses
1230 2442 1357 2488 sunt
1392 2442 1452 2488 ut
1478 2432 1658 2489 veniat
1686 2433 1880 2488 messis
1910 2433 2080 2489 ?Ele-

512 2537 634 2584 vate
667 2526 855 2584 oculos
901 2535 1142 2594 vestros,
1171 2537 1226 2583 et
1256 2527 1431 2581 videte
1463 2526 1735 2597 regiones,
1778 2527 1900 2597 quia
1946 2527 2079 2583 albae

510 2629 636 2676 sunt
656 2620 725 2675 ad
747 2633 998 2675 messem.
1016 2637 1034 2670 ι
1052 2619 1243 2675 Nonne
1274 2627 1329 2674 et
1358 2619 1459 2672 hoc
1486 2618 1604 2673 loco
1628 2619 1822 2675 messis
1843 2620 2080 2675 secundo

510 2710 810 2775 nominata,
839 2709 1013 2778 primo
1051 2708 1118 2762 ad
1168 2708 1506 2776 corporalem
1546 2722 1777 2762 messem
1819 2708 2076 2774 refertur,

509 2804 747 2857 secundo
780 2801 844 2854 ad
874 2799 1168 2868 spiritalem
1195 2799 1219 2853 ?
1247 2799 1307 2853 Et
1337 2799 1530 2852 iterum
1553 2798 1605 2852 in
1636 2799 1927 2870 Evangelio
1954 2815 2076 2854 cum

506 2894 641 2947 dicit
686 2893 754 2947 ad
806 2891 1204 2946 Samaritauam
1265 2889 1549 2944 mulierem
1600 2889 1884 2955 Salvator,
1938 2909 1959 2944 ι
2002 2893 2075 2945 Da

507 2985 642 3041 mihi
695 2982 883 3038 bibere
911 2983 977 3047 ”,
1015 3001 1035 3035 ι
1083 2992 1135 3036 et
1168 2990 1288 3051 post
1344 2996 1665 3053 responsura
1703 2982 1821 3051 ejus
1879 2984 2074 3038 iterum

507 3078 637 3133 dicit
667 3076 734 3133 ad
761 3091 879 3131 eam
914 3090 930 3129 :
970 3095 991 3128 ς
1034 3075 1089 3130 Si
1126 3076 1295 3130 scires
1340 3077 1463 3146 quis
1517 3086 1599 3132 est
1638 3077 1733 3146 qui
1770 3078 1901 3133 dicit
1931 3079 2024 3133 tibi
2056 3097 2070 3134 :

514 3169 587 3221 Da
662 3168 791 3224 mihi
832 3169 1053 3256 bibere;
1082 3179 1137 3222 tu
1179 3170 1365 3256 utique
1393 3170 1621 3238 petisses
1644 3184 1791 3235 eum,
1812 3181 1870 3225 et
1893 3173 2074 3228 dedis-
2099 3198 2143 3256 α

507 3268 589 3313 set
621 3256 717 3311 tibi
747 3271 940 3326 aquam
968 3255 1167 3309 vivam.
1193 3273 1213 3307 ι
1252 3254 1319 3309 Ει
1347 3256 1540 3311 iterum
1573 3258 1776 3312 addidit
1800 3260 1866 3313 ad
1900 3274 2019 3313 eam
2054 3278 2070 3314 :

510 3366 533 3401 ι
574 3348 758 3405 Omnis
786 3347 882 3417 qui
930 3348 1065 3402 bibit
1092 3363 1158 3402 ex
1207 3363 1344 3415 aqua
1393 3350 1515 3413 hac,
1543 3350 1689 3403 sitiet
1720 3349 1942 3414 iterum;
1979 3350 2074 3421 qui

506 3451 686 3495 autem
717 3440 915 3495 biberit
938 3454 1006 3493 ex
1045 3455 1186 3510 aqua
1211 3455 1370 3508 quant
1398 3455 1498 3511 ego
1525 3441 1593 3495 do
1617 3430 1692 3506 ei,
1718 3456 1823 3496 non
1848 3442 1994 3496 sitiet
2021 3444 2072 3497 in

505 3542 766 3586 aeternum
793 3526 858 3582 ⁸⁸.
892 3546 912 3581 ι
947 3528 1109 3584 Vides
1157 3530 1425 3598 quomodo
1450 3539 1505 3584 et
1552 3530 1738 3586 bibere
1761 3572 1777 3597 ,
1808 3541 1862 3587 et
1910 3548 2068 3603 aqua,

508 3636 653 3677 nunc
674 3621 889 3691 quidem
918 3619 1032 3694 (63)
1065 3618 1461 3689 corporaliter,
1492 3636 1637 3676 nunc
1692 3633 1870 3677 autem
1917 3625 2072 3693 spiri-

508 3714 693 3769 taliter
732 3714 787 3768 in
815 3728 923 3768 uno
957 3712 1255 3782 eodemque
1282 3711 1549 3782 accipitur
1581 3713 1748 3768 loco?
1793 3713 1889 3770 Est
1927 3724 1982 3770 et
2007 3714 2071 3769 il-

502 3808 577 3863 lic
605 3806 857 3862 similiter
901 3806 1167 3876 positum,
1196 3804 1285 3861 tibi
1329 3821 1504 3861 caecus
1537 3821 1566 3859 a
1607 3808 1890 3863 nativitate
1913 3823 2069 3863 cura-

501 3912 592 3955 tur
620 3899 688 3956 δι.
719 3899 851 3957 Post
889 3901 992 3955 hoc
1025 3900 1157 3955 dicit
1188 3899 1438 3955 Salvator
1472 3918 1487 3954 :
1525 3919 1544 3952 ι
1579 3900 1635 3955 In
1674 3899 1935 3969 judicium
1969 3914 2069 3971 ego

499 3994 624 4049 veni
653 3993 707 4046 in
736 3992 880 4047 hunc
902 3992 1179 4053 mundum,
1200 3999 1256 4045 ut
1280 3992 1370 4060 qui
1402 4008 1507 4045 non
1537 3992 1723 4047 vident
1750 3992 1989 4056 videant,
2013 4000 2069 4047 et

498 4085 589 4155 qui
612 4084 793 4139 vident
814 4083 941 4139 caeci
968 4081 1208 4137 liant“.r
1244 4082 1428 4138 Nonne
1457 4084 1621 4137 etiam
1657 4084 1744 4139 hic
1766 4094 1820 4139 et
1842 4084 2028 4139 videre
2048 4124 2066 4151 ,

498 4189 554 4233 et
576 4192 679 4231 non
702 4175 886 4231 videre
918 4190 1063 4230 nunc
1110 4177 1461 4245 corporaliter
1483 4217 1497 4240 ,
1564 4192 1709 4231 nunc
1744 4176 2067 4247 spiritaliter

499 4268 851 4339 intelligitur?
864 4267 941 4323 Ita
962 4282 1091 4338 ergo
1112 4271 1274 4323 etiam
1293 4270 1345 4322 in
1371 4270 1474 4323 hoc
1499 4269 1615 4324 loco
1635 4268 1923 4339 Apostolus
1939 4285 2063 4324 cum

499 4364 617 4418 sine
645 4363 761 4433 lege
781 4362 910 4417 dicit
932 4361 1197 4432 justitiam
1228 4361 1325 4416 Dei
1362 4362 1719 4428 manifestari,
1740 4372 1949 4417 natura:
1975 4362 2059 4416 lex

500 4453 852 4521 intelligitur;
883 4468 1004 4509 cum
1053 4468 1186 4509 vero
1219 4454 1352 4509 dicit
1388 4472 1402 4509 :
1452 4472 1470 4505 ι
1509 4453 1819 4509 Testificata
1853 4468 1884 4508 a
1943 4452 2059 4523 lege

2185 1970 2436 2043 intelligi,
2466 1973 2585 2029 sine
2632 1976 2867 2031 articulo
2897 1977 3136 2032 nominat
3165 1978 3360 2051 legem.
3392 1980 3455 2035 Et
3478 1981 3563 2037 hoc
3596 1998 3683 2053 ergo

2184 2061 2236 2115 in
2270 2062 2392 2118 loco
2423 2065 2511 2120 ubi
2542 2066 2695 2133 dicit,
2726 2087 2745 2119 ι
2784 2068 2936 2123 Nunc
2960 2070 3080 2125 sine
3114 2068 3231 2141 lege
3257 2071 3466 2139 justitia
3506 2074 3581 2126 Dei
3608 2090 3683 2125 ma-

2183 2153 2442 2209 nifestata
2472 2169 2574 2219 est,
2610 2176 2630 2209 ι
2677 2159 2964 2215 articulum
3012 2176 3119 2214 nou
3174 2161 3379 2227 habet;
3413 2163 3463 2217 in
3500 2163 3681 2232 sequenti

2180 2260 2312 2303 vero
2342 2246 2428 2302 ubi
2458 2249 2607 2314 dicit,
2643 2268 2663 2301 ι
2710 2232 3019 2305 Testilicata
3057 2267 3086 2305 a
3127 2252 3243 2322 lege
3291 2262 3349 2307 et
3400 2255 3679 2324 prophetis,»

2181 2339 2418 2393 secundo
2446 2339 2497 2393 in
2522 2338 2642 2394 loco
2670 2340 2841 2411 legem
2871 2357 2993 2396 cum
3025 2343 3256 2397 articulo
3292 2346 3487 2412 posuit.
3515 2343 3565 2400 Si
3594 2361 3683 2415 ergo

2179 2431 2512 2487 suﬂicienter
2542 2432 2721 2501 patuit
2752 2434 2819 2488 de
2869 2433 3004 2504 legis
3042 2436 3407 2505 appellatione
3443 2439 3682 2504 diversitas,

2179 2522 2459 2579 videamus
2491 2540 2635 2579 nunc
2672 2524 3024 2593 quaejustitia
3065 2527 3186 2581 sine
3225 2529 3460 2583 naturali
3484 2530 3583 2600 lege
3606 2546 3682 2583 ma-

2179 2614 2482 2671 nifestatur.
2505 2615 2650 2672 ldem
2690 2616 2968 2686 apostolus
2995 2617 3192 2674 Paulus
3229 2620 3369 2675 dicit
3394 2621 3460 2677 de
3485 2622 3679 2682 Christo.

2178 2703 2307 2774 quia
2340 2722 2357 2755 ι
2389 2704 2562 2758 factus
2591 2714 2676 2759 est
2715 2706 2873 2762 nobis
2919 2709 3182 2777 sapientia
3214 2725 3244 2764 a
3290 2711 3417 2778 Deo,
3445 2710 3679 2780 etjustitia,

2178 2803 2232 2849 et
2254 2795 2633 2858 sanctilicatio,
2656 2804 2711 2849 et
2742 2797 3120 2866 redemptio“.
3160 2819 3180 2852 ι
3229 2799 3361 2855 Haec
3391 2816 3510 2873 ergo
3527 2802 3679 2869 justitia

2178 2888 2293 2951 Dei,
2323 2903 2442 2957 quae
2471 2897 2554 2942 est
2581 2886 2835 2942 Christus
2854 2929 2870 2954 ,
2904 2889 3282 2946 manifestatur
3312 2896 3430 2948 sine
3473 2894 3573 2961 lege
3598 2893 3681 2962 qui-

2176 2981 2296 3034 dem
2332 2980 2586 3047 naturali,
2620 2996 2725 3036 non
2761 2989 2938 3037 tamen
2986 2982 3105 3038 sine
3164 2983 3281 3054 lege
3312 2984 3477 3055 Moysi
3505 2984 3572 3040 vel
3595 3000 3681 3053 pro-

2176 3071 2353 3141 phetis
2384 3070 2521 3143 (66).
2555 3072 2654 3125 Dat
2699 3072 2842 3126 enim
2874 3073 2922 3127 ei
2978 3075 3350 3131 testimonium
3411 3077 3490 3131 lex
3518 3077 3627 3131 sicut
3645 3084 3680 3128 et

2176 3163 2290 3234 ipse
2322 3164 2451 3218 dicit
2488 3181 2501 3218 :
2537 3182 2557 3216 ‹
2587 3162 2915 3220 Scrutamini
2949 3166 3289 3236 Scripturas;
3325 3170 3451 3239 ipse
3473 3180 3580 3225 sunt
3597 3184 3678 3237 qua

2178 3256 2546 3312 testimonium
2591 3258 2824 3311 reddunt
2854 3258 2921 3313 de
2948 3274 3037 3313 me
3066 3259 3135 3313 “.
3182 3279 3201 3313 ι
3234 3259 3372 3315 Nam
3409 3261 3488 3316 lex
3519 3262 3678 3330 quidem

2178 3348 2439 3405 naturalis
2471 3358 2649 3419 potest
2672 3351 2994 3407 occasiones
3022 3351 3285 3422 praebere.
3316 3363 3371 3409 et
3410 3353 3675 3408 intellectum

2175 3441 2324 3504 dare,
2350 3450 2408 3495 ut
2439 3440 2701 3504 diximus,
2736 3442 2823 3497 vel
2851 3444 2918 3496 ad
2950 3460 3011 3497 ea
3042 3460 3160 3512 quae
3208 3446 3352 3500 inter
3385 3445 3601 3501 homines
3617 3443 3677 3510 agi

2171 3533 2401 3602 mquitas
2434 3535 2629 3602 poscit,
2653 3534 2735 3590 vel
2781 3535 2849 3589 ad
2898 3535 3005 3591 hoc
3047 3537 3248 3606 ipsum,
3284 3548 3347 3592 ut
3376 3552 3491 3595 esse
3528 3535 3677 3592 sentiat

2171 3624 2363 3679 Deum.
2400 3624 2473 3677 De
2504 3623 2723 3679 Christo
2748 3634 2930 3679 autem
2964 3626 3113 3694 quod
3155 3627 3226 3681 sit
3265 3626 3437 3682 Filius
3463 3628 3561 3692 Dei,
3587 3640 3677 3678 sen-

2169 3715 2273 3771 tire
2297 3716 2614 3771 naturaliter
2633 3716 2759 3787 quis
2791 3725 2967 3785 potest
2993 3720 3015 3772 f
3046 3719 3170 3774 ldeo
3196 3734 3329 3790 ergo
3350 3721 3464 3775 sine
3484 3720 3570 3774 hac
3595 3717 3674 3787 (67)

2168 3807 2309 3879 lege,
2326 3808 2546 3877 justitia
2575 3808 2689 3872 Det,
2708 3824 2828 3877 quae
2854 3820 2938 3863 est
2963 3809 3237 3876 Christus,
3258 3811 3576 3866 manifestata
3601 3816 3672 3870 est,

2168 3902 2458 3959 testificata
2481 3918 2549 3958 ex
2581 3902 2697 3971 lege
2738 3903 2907 3975 Moysi
2929 3913 2983 3957 et
3010 3905 3309 3973 prophetis.
3328 3903 3515 3959 Verum
3543 3903 3673 3972 prius-

2164 4008 2328 4064 quam
2358 3995 2425 4047 ad
2458 3995 2848 4063 consequentia
2901 4008 3272 4065 properemus,
3295 3994 3569 4050 omittenda
3597 4005 3671 4045 non

2164 4087 2378 4141 videtur
2404 4102 2472 4142 ne
2489 4086 2602 4141 haec
2629 4088 2844 4154 quidem
2888 4088 3219 4150 observatio,
3251 4088 3399 4155 quod
3428 4087 3477 4141 in
3506 4093 3673 4155 peccato

2163 4179 2377 4246 quidem
2424 4180 2749 4249 agnitionem
2778 4179 2981 4249 posuit,
3018 4179 3069 4233 in
3104 4177 3317 4247 justitia
3347 4194 3469 4234 vero
3503 4177 3671 4230 manife-

2162 4270 2472 4326 stationetn.
2513 4289 2532 4322 σ
2571 4272 2744 4327 Omne
2795 4273 2940 4327 enim
2993 4273 3135 4342 quod
3182 4270 3574 4335 manifestatur,
3607 4266 3671 4320 lux

2160 4362 2348 4427 est“;
2395 4382 2413 4415 ι
2450 4371 2505 4418 et
2533 4364 2575 4417 si
2605 4364 2751 4433 quod
2783 4363 3161 4419 manifestatur
3189 4363 3279 4418 lux
3321 4373 3424 4429 est,
3450 4368 3668 4431 peccatum

2161 4452 2304 4519 quod
2336 4451 2426 4506 lux
2454 4469 2559 4507 non
2588 4464 2673 4509 est
2705 4471 2811 4510 non
2843 4456 3239 4521 manifestatur,
3268 4456 3364 4509 sed
3398 4450 3667 4524 agnoscitur.

497 4557 553 4602 et
592 4548 890 4618 prophetis,
913 4565 933 4601 ι
952 4546 1120 4620 Moysi
1149 4548 1314 4620 legem
1349 4548 1611 4616 designat.
1636 4546 1787 4614 Quod
1818 4548 1863 4601 si
1890 4547 2065 4601 adhuc
2096 4545 2140 4599 D
2168 4544 2281 4615 Ego
2305 4546 2383 4600 sic
2410 4547 2617 4615 accipio
2651 4556 2707 4602 et
2736 4548 2892 4604 illud:
2924 4546 3098 4603 «Nihil
3127 4547 3400 4604 occultum
3432 4544 3557 4615 quod
3591 4556 3666 4594 non

496 4640 594 4694 tibi
618 4640 793 4694 minus
814 4640 1033 4710 planum
1058 4650 1276 4711 putatur
1300 4654 1419 4695 esse
1444 4640 1588 4708 quod
1618 4638 2058 4702 diximus,adde—

495 4746 617 4786 mus
642 4730 808 4785 etiam
856 4729 971 4784 haec
998 4746 1011 4782 :
1042 4730 1099 4784 Si
1141 4730 1284 4785 enim
1314 4728 1526 4786 videtur
1556 4729 1697 4798 quod
1723 4728 1834 4800 (64)
1868 4732 2055 4783 eadem

491 4821 577 4877 lex
603 4821 674 4875 sit
698 4819 766 4876 de
791 4835 897 4890 qua
919 4820 1117 4874 dicitur
1138 4837 1153 4874 :
1176 4838 1196 4870 σ
1219 4819 1373 4875 Nunc
1402 4830 1579 4874 autem
1610 4821 1726 4875 sine
1753 4821 1870 4891 lege
1897 4820 2058 4888 justi-

2166 4636 2563 4700 manifestetur,
2594 4651 2692 4691 uec
2730 4646 2978 4708 opertum
3008 4640 3152 4707 quod
3185 4652 3291 4693 non
3325 4637 3572 4692 reveletur
3594 4631 3664 4683 ".i

2164 4727 2271 4782 Sed
2311 4732 2379 4781 ad
2414 4728 2748 4797 propositum
2783 4739 3143 4785 revertamur.
3184 4728 3295 4785 Lex
3332 4744 3459 4800 ergo
3498 4735 3543 4781 et
3573 4737 3666 4794 pro.

2163 4814 2335 4881 pheta:
2359 4824 2522 4870 testes
2556 4825 2683 4871 sunt
2715 4817 2938 4887 justitia:
2987 4818 3111 4884 Dei;
3146 4833 3265 4887 qua:
3288 4818 3494 4887 justitia
3529 4828 3604 4884 per
3624 4810 3666 4862 ﬁ-

492 4911 569 4965 tia
618 4910 711 4966 Dei
758 4909 1102 4966 manifestata
1145 4919 1249 4976 est,
1287 4928 1310 4962 ι
1343 4925 1462 4980 qua:
1506 4921 1588 4965 est
1631 4921 1684 4966 et
1732 4912 1819 4967 illa
1853 4912 1918 4966 de
1951 4927 2057 4982 qua
2159 4906 2277 4960 dem
2301 4905 2429 4961 Jesu
2458 4908 2661 4962 Christi
2691 4908 3074 4964 manifestatur
3105 4909 3161 4963 in
3200 4924 3391 4965 omnes
3420 4908 3665 4963 credentes.

492 5002 569 5057 ait
600 5015 617 5056 :
645 5019 665 5053 ι
707 5000 1013 5057 Testilicata
1039 5016 1070 5055 a
1103 5000 1216 5069 lege
1239 5008 1295 5055 et
1341 5000 1614 5071 prophetis
1647 5019 1661 5068 ;
1706 5021 1724 5052 ι
1762 5002 1804 5055 si
1837 5000 2055 5070 quidem
2158 4998 2212 5051 in
2235 5000 2430 5068 quibus
2472 4998 2613 5053 nulla
2663 5006 2748 5054 est
2786 4999 3085 5067 distinctio,
3137 5011 3315 5053 utrum
3370 5014 3434 5054 ex
3477 4995 3665 5052 Juitais.

491 5093 613 5148 sine
641 5092 756 5164 lege
786 5092 899 5165 (65)
939 5093 1283 5148 manifestata
1313 5101 1418 5160 est,
1453 5108 1560 5146 non
1590 5094 1784 5161 accipit
1817 5091 2059 5146 testimo-
2160 5107 2230 5145 an
2263 5108 2329 5146 ex
2370 5095 2622 5161 gentibus
2669 5076 2913 5150 credant.
2956 5091 3087 5148 Vide
3124 5103 3305 5146 autem
3333 5091 3453 5162 quia
3486 5083 3665 5143 manile-

562 5258 609 5289 ⁸³
637 5256 765 5327 Sap.
795 5276 835 5324 ι,
866 5259 887 5312 l
922 5276 937 5324 ;
967 5258 1105 5313 Psal.
1148 5276 1207 5324 it,
1237 5260 1326 5314 lO.
1403 5254 1613 5327 f‘iTob.
1634 5271 1729 5327 iv,
1761 5254 1814 5308 6.
1892 5254 1936 5285 ⁸⁵
1960 5252 2006 5327 Μ

2195 5270 2270 5321 Vl,
2320 5257 2368 5310 ι.
2444 5256 2490 5289 ιι
2527 5258 2655 5311 ibid.
2686 5258 2740 5311 δ.
2817 5257 3281 5322 "Rom.m,21.
3357 5253 3661 5327 “toan.

490 5327 583 5384 35.
657 5317 936 5394 “'ibidﬂ,
964 5328 1050 5384 10.
1156 5317 1206 5361 δέ
1242 5329 1375 5385 ibid.
1404 5326 1493 5380 15.
1603 5324 1646 5354 δ¹
1673 5323 1828 5394 Joutt.
1863 5325 1988 5386 tx,l

2254 5317 2307 5358 ’δ’
2336 5327 2466 5381 ibid.
2500 5328 2591 5383 59.
2685 5328 2733 5361 ⁸³
2755 5330 2912 5384 Rom.
2955 5344 3053 5394 vn,
3082 5317 3166 5383 14.
3269 5328 3316 5362 δ’
3342 5329 3358 5381 l
3382 5326 3498 5382 Cor.
3533 5337 3566 5386 t,
3594 5317 3660 5371 50-

489 5394 537 5430 ⁵⁸
559 5395 717 5453 Joan.
739 5412 793 5463 v,
839 5398 929 5453 39.
1004 5399 1049 5429 “
1078 5398 1276 5468 Ephes.
1307 5415 1360 5464 v,
1403 5398 1489 5453 l3.
1601 5396 1643 5426 ""
1670 5393 1799 5448 Luc.
1838 5409 1958 5460 vui,
1984 5393 2072 5448 l7.

558 5513 673 5582 (6i)
705 5512 793 5570 AI.
825 5530 845 5565 ε
873 5514 1080 5568 sentiri.
1113 5532 1130 5564 ο

560 5578 673 5655 (62)
704 5582 833 5655 licet:
866 5583 1234 5652 ethujusmodi
1264 5584 1432 5652 justa.
1466 5580 1739 5655 Si_e_ms_s._
1778 5587 1832 5631 et
1873 5578 2051 5635 Raba-

488 5649 611 5707 nus.
644 5655 712 5707 At
744 5653 894 5716 editi,
928 5672 946 5704 ι
983 5649 1121 5707 lianc
1149 5662 1201 5707 et
1235 5649 1538 5721 lt'ujusrnodi
1566 5649 1853 5717 justitiam.
1897 5668 1916 5701 ι

561 5726 672 5793 (65)
697 5723 789 5780 Sic
813 5738 940 5779 mss.
976 5724 1114 5780 Editi
1136 5738 1282 5789 vero,
1304 5742 1323 5775 ι
1353 5722 1420 5778 Ει
1438 5724 1621 5778 bibere
1642 5735 1705 5775 cx
1723 5733 1882 5788 aqua,
1910 5733 2051 5772 nunc

489 5797 727 5861 quidem,
766 5814 785 5847 ι
820 5803 927 5849 etc.

2227 5506 2340 5574 (64)
2370 5504 2529 5569 Editi,
2563 5523 2581 5574 ς
2619 5505 2661 5560 si
2689 5505 2784 5560 tibi
2814 5504 3042 5565 videtur,
3076 5504 3241 5572 quod,
3280 5519 3300 5554 ι
3330 5508 3431 5574 etc.

2229 5571 2340 5647 (⁷65)
2375 5577 2485 5640 ΑΙ.,
2509 5593 2527 5627 ι
2568 5573 2693 5629 Haec
2742 5576 2959 5644 quidem
3003 5571 3123 5643 qua:
3163 5574 3281 5628 sine
3330 5572 3466 5641 lege,
3494 5584 3511 5619 ι
3545 5571 3661 5621 εις..

2161 5648 2341 5783 mitti)
2374 5716 2481 5779 Al.,
2522 5736 2541 5767 ‹
2575 5715 2660 5769 vel
2696 5715 3097 5783 prophetarum.
3138 5731 3158 5765 ι

2253 5788 2343 5855 67)
2382 5786 2514 5841 Hac.
2551 5786 2709 5841 Deest
2742 5787 2792 5839 in
2821 5798 2980 5839 antea
3007 5787 3185 5838 editis.
