  <div class='ocr_page' id='page_1' title='image "/cluster/home/n/w/nwhite01/storage/ocr_20150623/14/hvd.32044024333478/480.png"; bbox 0 0 3754 6536; ppageno 0'>
   <div class='ocr_carea' id='block_1_1' title="bbox 49 376 3235 455">
    <p class='ocr_par' dir='ltr' id='par_1_1' title="bbox 49 376 3235 455">
     <span class='ocr_line' id='line_1_1' title="bbox 49 376 3235 455; baseline 0.007 -21"><span class='ocrx_word' id='word_1_1' title='bbox 49 378 136 434; x_wconf 66' lang='grc'><strong>945</strong></span> <span class='ocrx_word' id='word_1_2' title='bbox 958 376 1309 437; x_wconf 62' lang='lat' dir='ltr'><strong>COMMENT.</strong></span> <span class='ocrx_word' id='word_1_3' title='bbox 1347 377 1412 433; x_wconf 81' lang='lat' dir='ltr'><strong>IN</strong></span> <span class='ocrx_word' id='word_1_4' title='bbox 1448 378 1665 437; x_wconf 80' lang='lat' dir='ltr'><strong>EPIST.</strong></span> <span class='ocrx_word' id='word_1_5' title='bbox 1700 383 1792 438; x_wconf 82' lang='lat' dir='ltr'><strong>AD</strong></span> <span class='ocrx_word' id='word_1_6' title='bbox 1826 384 1992 441; x_wconf 74' lang='lat' dir='ltr'><strong>ROM.</strong></span> <span class='ocrx_word' id='word_1_7' title='bbox 2033 384 2160 444; x_wconf 80' lang='lat' dir='ltr'><strong>LIB.</strong></span> <span class='ocrx_word' id='word_1_8' title='bbox 2204 388 2289 444; x_wconf 86' lang='lat' dir='ltr'><strong>Ill.</strong></span> <span class='ocrx_word' id='word_1_9' title='bbox 3133 398 3235 455; x_wconf 66' lang='grc'><strong>946</strong></span> 
     </span>
    </p>
   </div>
   <div class='ocr_carea' id='block_1_2' title="bbox 52 489 3232 587">
    <p class='ocr_par' dir='ltr' id='par_1_2' title="bbox 52 489 3232 587">
     <span class='ocr_line' id='line_1_2' title="bbox 52 489 3232 587; baseline 0.008 -37"><span class='ocrx_word' id='word_1_10' title='bbox 52 492 235 551; x_wconf 60' lang='lat' dir='ltr'><strong>stands</strong></span> <span class='ocrx_word' id='word_1_11' title='bbox 262 489 483 561; x_wconf 66' lang='lat' dir='ltr'><strong>iustitia</strong></span> <span class='ocrx_word' id='word_1_12' title='bbox 535 491 630 548; x_wconf 87' lang='lat' dir='ltr'><strong>Dei</strong></span> <span class='ocrx_word' id='word_1_13' title='bbox 663 491 805 565; x_wconf 79' lang='lat'><strong>(’68)</strong></span> <span class='ocrx_word' id='word_1_14' title='bbox 855 508 962 549; x_wconf 93' lang='lat' dir='ltr'><strong>non</strong></span> <span class='ocrx_word' id='word_1_15' title='bbox 1017 512 1175 552; x_wconf 93' lang='lat' dir='ltr'><strong>unam</strong></span> <span class='ocrx_word' id='word_1_16' title='bbox 1226 500 1407 566; x_wconf 86' lang='lat' dir='ltr'><strong>posuit</strong></span> <span class='ocrx_word' id='word_1_17' title='bbox 1450 514 1581 554; x_wconf 86' lang='lat' dir='ltr'><strong>cau-</strong></span> <span class='ocrx_word' id='word_1_18' title='bbox 1609 507 1658 562; x_wconf 74' lang='grc' dir='ltr'><strong>Α</strong></span> <span class='ocrx_word' id='word_1_19' title='bbox 1755 503 1808 559; x_wconf 87' lang='grc'><strong>8.</strong></span> <span class='ocrx_word' id='word_1_20' title='bbox 1843 522 1863 555; x_wconf 79' lang='grc' dir='ltr'><strong>ι</strong></span> <span class='ocrx_word' id='word_1_21' title='bbox 1895 505 2065 572; x_wconf 84' lang='lat' dir='ltr'><strong>Quem</strong></span> <span class='ocrx_word' id='word_1_22' title='bbox 2095 507 2373 577; x_wconf 88' lang='lat' dir='ltr'><strong>proposuit</strong></span> <span class='ocrx_word' id='word_1_23' title='bbox 2400 507 2541 565; x_wconf 87' lang='lat' dir='ltr'><strong>Deus</strong></span> <span class='ocrx_word' id='word_1_24' title='bbox 2571 511 3008 579; x_wconf 89' lang='lat' dir='ltr'><strong>propitiationem</strong></span> <span class='ocrx_word' id='word_1_25' title='bbox 3045 532 3141 587; x_wconf 91' lang='lat' dir='ltr'><strong>per</strong></span> <span class='ocrx_word' id='word_1_26' title='bbox 3167 520 3232 573; x_wconf 86' lang='lat' dir='ltr'><strong>fi-</strong></span> 
     </span>
    </p>
   </div>
   <div class='ocr_carea' id='block_1_3' title="bbox 53 584 3233 674">
    <p class='ocr_par' dir='ltr' id='par_1_3' title="bbox 53 584 3233 674">
     <span class='ocr_line' id='line_1_3' title="bbox 53 584 3233 674; baseline 0.007 -34"><span class='ocrx_word' id='word_1_27' title='bbox 53 600 147 640; x_wconf 87' lang='lat' dir='ltr'><strong>sam</strong></span> <span class='ocrx_word' id='word_1_28' title='bbox 197 584 565 637; x_wconf 90' lang='lat' dir='ltr'><strong>tantummodo</strong></span> <span class='ocrx_word' id='word_1_29' title='bbox 609 584 755 649; x_wconf 83' lang='lat' dir='ltr'><strong>fidei,</strong></span> <span class='ocrx_word' id='word_1_30' title='bbox 781 587 879 641; x_wconf 89' lang='lat' dir='ltr'><strong>sed</strong></span> <span class='ocrx_word' id='word_1_31' title='bbox 926 598 983 641; x_wconf 91' lang='lat' dir='ltr'><strong>et</strong></span> <span class='ocrx_word' id='word_1_32' title='bbox 1047 587 1223 658; x_wconf 90' lang='lat' dir='ltr'><strong>legem</strong></span> <span class='ocrx_word' id='word_1_33' title='bbox 1253 590 1424 645; x_wconf 89' lang='lat' dir='ltr'><strong>sociat</strong></span> <span class='ocrx_word' id='word_1_34' title='bbox 1466 588 1579 661; x_wconf 89' lang='lat'><strong>(69)</strong></span> <span class='ocrx_word' id='word_1_35' title='bbox 1682 592 1801 647; x_wconf 90' lang='lat' dir='ltr'><strong>dem</strong></span> <span class='ocrx_word' id='word_1_36' title='bbox 1844 594 1898 647; x_wconf 92' lang='lat' dir='ltr'><strong>in</strong></span> <span class='ocrx_word' id='word_1_37' title='bbox 1926 596 2190 664; x_wconf 78' lang='lat' dir='ltr'><strong>sanguine</strong></span> <span class='ocrx_word' id='word_1_38' title='bbox 2212 597 2347 665; x_wconf 85' lang='lat' dir='ltr'><strong>ejus,</strong></span> <span class='ocrx_word' id='word_1_39' title='bbox 2376 602 2442 654; x_wconf 92' lang='lat' dir='ltr'><strong>ad</strong></span> <span class='ocrx_word' id='word_1_40' title='bbox 2466 603 2829 658; x_wconf 89' lang='lat' dir='ltr'><strong>ostensionem</strong></span> <span class='ocrx_word' id='word_1_41' title='bbox 2857 584 3080 670; x_wconf 73' lang='lat' dir='ltr'><strong>justitim</strong></span> <span class='ocrx_word' id='word_1_42' title='bbox 3101 624 3233 674; x_wconf 71' lang='lat' dir='ltr'><strong>suae,</strong></span> 
     </span>
    </p>
   </div>
   <div class='ocr_carea' id='block_1_4' title="bbox 53 672 3233 763">
    <p class='ocr_par' dir='ltr' id='par_1_4' title="bbox 53 672 3233 763">
     <span class='ocr_line' id='line_1_4' title="bbox 53 672 3233 763; baseline 0.008 -37"><span class='ocrx_word' id='word_1_43' title='bbox 53 684 99 729; x_wconf 81' lang='lat' dir='ltr'><strong>et</strong></span> <span class='ocrx_word' id='word_1_44' title='bbox 127 672 446 763; x_wconf 73' lang='lat' dir='ltr'><strong>prophetas,</strong></span> <span class='ocrx_word' id='word_1_45' title='bbox 493 672 619 763; x_wconf 84' lang='lat' dir='ltr'><strong>quia</strong></span> <span class='ocrx_word' id='word_1_46' title='bbox 671 688 849 763; x_wconf 87' lang='lat' dir='ltr'><strong>neque</strong></span> <span class='ocrx_word' id='word_1_47' title='bbox 900 674 1035 763; x_wconf 86' lang='lat' dir='ltr'><strong>fides</strong></span> <span class='ocrx_word' id='word_1_48' title='bbox 1086 677 1199 732; x_wconf 90' lang='lat' dir='ltr'><strong>sola</strong></span> <span class='ocrx_word' id='word_1_49' title='bbox 1253 676 1413 747; x_wconf 79' lang='lat'><strong>513</strong></span> <span class='ocrx_word' id='word_1_50' title='bbox 1463 679 1583 734; x_wconf 83' lang='lat' dir='ltr'><strong>sine</strong></span> <span class='ocrx_word' id='word_1_51' title='bbox 1681 698 1780 752; x_wconf 92' lang='lat' dir='ltr'><strong>per</strong></span> <span class='ocrx_word' id='word_1_52' title='bbox 1800 684 1913 756; x_wconf 77' lang='lat'><strong>(75)</strong></span> <span class='ocrx_word' id='word_1_53' title='bbox 1946 687 2320 743; x_wconf 83' lang='lat' dir='ltr'><strong>remissionem</strong></span> <span class='ocrx_word' id='word_1_54' title='bbox 2352 692 2765 759; x_wconf 63' lang='lat' dir='ltr'><strong>praecedentium</strong></span> <span class='ocrx_word' id='word_1_55' title='bbox 2799 695 3140 763; x_wconf 78' lang='lat' dir='ltr'><strong>delictorum,</strong></span> <span class='ocrx_word' id='word_1_56' title='bbox 3179 672 3233 753; x_wconf 77' lang='lat' dir='ltr'><strong>in</strong></span> 
     </span>
    </p>
   </div>
   <div class='ocr_carea' id='block_1_5' title="bbox 57 760 3239 860">
    <p class='ocr_par' dir='ltr' id='par_1_5' title="bbox 57 760 3239 860">
     <span class='ocr_line' id='line_1_5' title="bbox 57 760 3239 860; baseline 0.011 -49"><span class='ocrx_word' id='word_1_57' title='bbox 57 764 151 831; x_wconf 68' lang='lat' dir='ltr'><strong>lege</strong></span> <span class='ocrx_word' id='word_1_58' title='bbox 185 770 239 815; x_wconf 86' lang='lat' dir='ltr'><strong>et</strong></span> <span class='ocrx_word' id='word_1_59' title='bbox 281 760 558 829; x_wconf 83' lang='lat' dir='ltr'><strong>prophetis</strong></span> <span class='ocrx_word' id='word_1_60' title='bbox 618 762 930 818; x_wconf 79' lang='lat' dir='ltr'><strong>manifestat</strong></span> <span class='ocrx_word' id='word_1_61' title='bbox 995 762 1262 833; x_wconf 86' lang='lat' dir='ltr'><strong>justitiam</strong></span> <span class='ocrx_word' id='word_1_62' title='bbox 1314 768 1439 831; x_wconf 85' lang='lat' dir='ltr'><strong>Dei,</strong></span> <span class='ocrx_word' id='word_1_63' title='bbox 1486 783 1583 823; x_wconf 88' lang='lat' dir='ltr'><strong>ne-</strong></span> <span class='ocrx_word' id='word_1_64' title='bbox 1680 779 2129 835; x_wconf 79' lang='lat' dir='ltr'><strong>sustentationem</strong></span> <span class='ocrx_word' id='word_1_65' title='bbox 2176 780 2292 846; x_wconf 88' lang='lat' dir='ltr'><strong>Dei,</strong></span> <span class='ocrx_word' id='word_1_66' title='bbox 2343 784 2410 837; x_wconf 93' lang='lat' dir='ltr'><strong>ad</strong></span> <span class='ocrx_word' id='word_1_67' title='bbox 2446 785 2807 841; x_wconf 88' lang='lat' dir='ltr'><strong>ostensionem</strong></span> <span class='ocrx_word' id='word_1_68' title='bbox 2845 786 3065 857; x_wconf 73' lang='lat' dir='ltr'><strong>justitim</strong></span> <span class='ocrx_word' id='word_1_69' title='bbox 3120 760 3239 860; x_wconf 80' lang='lat' dir='ltr'><strong>ejus</strong></span> 
     </span>
    </p>
   </div>
   <div class='ocr_carea' id='block_1_6' title="bbox 55 854 3233 948">
    <p class='ocr_par' dir='ltr' id='par_1_6' title="bbox 55 854 3233 948">
     <span class='ocr_line' id='line_1_6' title="bbox 55 854 3233 948; baseline 0.009 -42"><span class='ocrx_word' id='word_1_70' title='bbox 55 870 141 923; x_wconf 83' lang='lat' dir='ltr'><strong>que</strong></span> <span class='ocrx_word' id='word_1_71' title='bbox 200 868 382 907; x_wconf 82' lang='lat' dir='ltr'><strong>rursus</strong></span> <span class='ocrx_word' id='word_1_72' title='bbox 427 854 513 907; x_wconf 88' lang='lat' dir='ltr'><strong>lex</strong></span> <span class='ocrx_word' id='word_1_73' title='bbox 556 864 612 909; x_wconf 92' lang='lat' dir='ltr'><strong>et</strong></span> <span class='ocrx_word' id='word_1_74' title='bbox 662 856 935 925; x_wconf 70' lang='lat' dir='ltr'><strong>prophetae</strong></span> <span class='ocrx_word' id='word_1_75' title='bbox 980 858 1098 912; x_wconf 89' lang='lat' dir='ltr'><strong>sine</strong></span> <span class='ocrx_word' id='word_1_76' title='bbox 1152 858 1257 913; x_wconf 86' lang='lat' dir='ltr'><strong>fide</strong></span> <span class='ocrx_word' id='word_1_77' title='bbox 1296 874 1309 911; x_wconf 89' lang='lat'><strong>:</strong></span> <span class='ocrx_word' id='word_1_78' title='bbox 1353 859 1580 914; x_wconf 88' lang='lat' dir='ltr'><strong>alterum</strong></span> <span class='ocrx_word' id='word_1_79' title='bbox 1682 865 1737 920; x_wconf 93' lang='lat' dir='ltr'><strong>in</strong></span> <span class='ocrx_word' id='word_1_80' title='bbox 1760 867 1863 923; x_wconf 89' lang='lat' dir='ltr'><strong>hoc</strong></span> <span class='ocrx_word' id='word_1_81' title='bbox 1885 872 2460 942; x_wconf 86' lang='lat' dir='ltr'><strong>tempore:utsitipse</strong></span> <span class='ocrx_word' id='word_1_82' title='bbox 2476 874 2681 944; x_wconf 85' lang='lat' dir='ltr'><strong>justus,</strong></span> <span class='ocrx_word' id='word_1_83' title='bbox 2701 854 3066 943; x_wconf 36' lang='lat' dir='ltr'><strong>etjtts&#39;tillcans</strong></span> <span class='ocrx_word' id='word_1_84' title='bbox 3088 854 3233 948; x_wconf 76' lang='lat' dir='ltr'><strong>cum,</strong></span> 
     </span>
    </p>
   </div>
   <div class='ocr_carea' id='block_1_7' title="bbox 56 944 3237 1026">
    <p class='ocr_par' dir='ltr' id='par_1_7' title="bbox 56 944 3237 1026">
     <span class='ocr_line' id='line_1_7' title="bbox 56 944 3237 1026; baseline 0.008 -27"><span class='ocrx_word' id='word_1_85' title='bbox 56 961 160 1015; x_wconf 75' lang='lat' dir='ltr'><strong>ergo</strong></span> <span class='ocrx_word' id='word_1_86' title='bbox 208 946 375 999; x_wconf 68' lang='lat' dir='ltr'><strong>haeret</strong></span> <span class='ocrx_word' id='word_1_87' title='bbox 426 959 492 999; x_wconf 86' lang='lat' dir='ltr'><strong>ex</strong></span> <span class='ocrx_word' id='word_1_88' title='bbox 551 944 729 999; x_wconf 90' lang='lat' dir='ltr'><strong>altero</strong></span> <span class='ocrx_word' id='word_1_89' title='bbox 752 984 768 1010; x_wconf 95' lang='lat'><strong>,</strong></span> <span class='ocrx_word' id='word_1_90' title='bbox 808 954 867 999; x_wconf 92' lang='lat' dir='ltr'><strong>ut</strong></span> <span class='ocrx_word' id='word_1_91' title='bbox 904 946 978 1000; x_wconf 86' lang='lat' dir='ltr'><strong>sit</strong></span> <span class='ocrx_word' id='word_1_92' title='bbox 1018 962 1084 1001; x_wconf 92' lang='lat' dir='ltr'><strong>ex</strong></span> <span class='ocrx_word' id='word_1_93' title='bbox 1146 958 1374 1017; x_wconf 88' lang='lat' dir='ltr'><strong>utroque</strong></span> <span class='ocrx_word' id='word_1_94' title='bbox 1409 950 1585 1019; x_wconf 89' lang='lat' dir='ltr'><strong>perfe-</strong></span> <span class='ocrx_word' id='word_1_95' title='bbox 1678 956 1770 1026; x_wconf 87' lang='lat' dir='ltr'><strong>qui</strong></span> <span class='ocrx_word' id='word_1_96' title='bbox 1800 970 1869 1011; x_wconf 93' lang='lat' dir='ltr'><strong>ex</strong></span> <span class='ocrx_word' id='word_1_97' title='bbox 1899 958 2005 1013; x_wconf 80' lang='lat' dir='ltr'><strong>fide</strong></span> <span class='ocrx_word' id='word_1_98' title='bbox 2028 968 2112 1015; x_wconf 89' lang='lat' dir='ltr'><strong>est</strong></span> <span class='ocrx_word' id='word_1_99' title='bbox 2136 958 2263 1015; x_wconf 77' lang='lat' dir='ltr'><strong>Jesu</strong></span> <span class='ocrx_word' id='word_1_100' title='bbox 2300 959 2499 1017; x_wconf 82' lang='lat' dir='ltr'><strong>Christi</strong></span> <span class='ocrx_word' id='word_1_101' title='bbox 2529 963 2596 1019; x_wconf 79' lang='lat'><strong>“.</strong></span> <span class='ocrx_word' id='word_1_102' title='bbox 2634 983 2654 1018; x_wconf 72' lang='grc' dir='ltr'><strong>ι</strong></span> <span class='ocrx_word' id='word_1_103' title='bbox 2686 964 2821 1020; x_wconf 91' lang='lat' dir='ltr'><strong>Cum</strong></span> <span class='ocrx_word' id='word_1_104' title='bbox 2861 965 3028 1021; x_wconf 88' lang='lat' dir='ltr'><strong>multa</strong></span> <span class='ocrx_word' id='word_1_105' title='bbox 3056 984 3155 1023; x_wconf 91' lang='lat' dir='ltr'><strong>nos</strong></span> <span class='ocrx_word' id='word_1_106' title='bbox 3181 944 3237 1023; x_wconf 82' lang='lat' dir='ltr'><strong>et</strong></span> 
     </span>
    </p>
   </div>
   <div class='ocr_carea' id='block_1_8' title="bbox 56 1032 3236 1125">
    <p class='ocr_par' dir='ltr' id='par_1_8' title="bbox 56 1032 3236 1125">
     <span class='ocr_line' id='line_1_8' title="bbox 56 1032 3236 1125; baseline 0.008 -38"><span class='ocrx_word' id='word_1_107' title='bbox 56 1035 159 1087; x_wconf 85' lang='lat' dir='ltr'><strong>ctio.</strong></span> <span class='ocrx_word' id='word_1_108' title='bbox 195 1032 368 1099; x_wconf 84' lang='lat' dir='ltr'><strong>Nulla,</strong></span> <span class='ocrx_word' id='word_1_109' title='bbox 415 1034 615 1103; x_wconf 92' lang='lat' dir='ltr'><strong>inquit,</strong></span> <span class='ocrx_word' id='word_1_110' title='bbox 646 1035 928 1090; x_wconf 84' lang='lat' dir='ltr'><strong>distinctio</strong></span> <span class='ocrx_word' id='word_1_111' title='bbox 972 1045 1057 1091; x_wconf 89' lang='lat' dir='ltr'><strong>est</strong></span> <span class='ocrx_word' id='word_1_112' title='bbox 1090 1037 1237 1095; x_wconf 89' lang='lat' dir='ltr'><strong>inter</strong></span> <span class='ocrx_word' id='word_1_113' title='bbox 1267 1036 1491 1096; x_wconf 75' lang='lat' dir='ltr'><strong>Judzeos</strong></span> <span class='ocrx_word' id='word_1_114' title='bbox 1526 1050 1583 1098; x_wconf 87' lang='lat' dir='ltr'><strong>et</strong></span> <span class='ocrx_word' id='word_1_115' title='bbox 1680 1045 1997 1101; x_wconf 83' lang='lat' dir='ltr'><strong>admiranda</strong></span> <span class='ocrx_word' id='word_1_116' title='bbox 2029 1049 2301 1106; x_wconf 88' lang='lat' dir='ltr'><strong>docuisset</strong></span> <span class='ocrx_word' id='word_1_117' title='bbox 2325 1062 2545 1108; x_wconf 90' lang='lat' dir='ltr'><strong>sanctus</strong></span> <span class='ocrx_word' id='word_1_118' title='bbox 2592 1054 2884 1125; x_wconf 81' lang='lat' dir='ltr'><strong>Apostolus</strong></span> <span class='ocrx_word' id='word_1_119' title='bbox 2912 1058 2978 1111; x_wconf 86' lang='lat' dir='ltr'><strong>de</strong></span> <span class='ocrx_word' id='word_1_120' title='bbox 3010 1058 3236 1114; x_wconf 89' lang='lat' dir='ltr'><strong>Domino</strong></span> 
     </span>
    </p>
   </div>
   <div class='ocr_carea' id='block_1_9' title="bbox 56 1124 3239 1217">
    <p class='ocr_par' dir='ltr' id='par_1_9' title="bbox 56 1124 3239 1217">
     <span class='ocr_line' id='line_1_9' title="bbox 56 1124 3239 1217; baseline 0.008 -38"><span class='ocrx_word' id='word_1_121' title='bbox 56 1124 260 1188; x_wconf 76' lang='lat' dir='ltr'><strong>Gnécos,</strong></span> <span class='ocrx_word' id='word_1_122' title='bbox 288 1138 412 1179; x_wconf 90' lang='lat' dir='ltr'><strong>cum</strong></span> <span class='ocrx_word' id='word_1_123' title='bbox 455 1134 668 1181; x_wconf 87' lang='lat' dir='ltr'><strong>constet</strong></span> <span class='ocrx_word' id='word_1_124' title='bbox 710 1141 778 1182; x_wconf 89' lang='lat' dir='ltr'><strong>ex</strong></span> <span class='ocrx_word' id='word_1_125' title='bbox 806 1141 965 1197; x_wconf 65' lang='lat' dir='ltr'><strong>aequo</strong></span> <span class='ocrx_word' id='word_1_126' title='bbox 992 1142 1187 1183; x_wconf 88' lang='lat' dir='ltr'><strong>omnes</strong></span> <span class='ocrx_word' id='word_1_127' title='bbox 1219 1131 1320 1185; x_wconf 95' lang='lat' dir='ltr'><strong>sub</strong></span> <span class='ocrx_word' id='word_1_128' title='bbox 1355 1142 1583 1199; x_wconf 89' lang='lat' dir='ltr'><strong>peccato</strong></span> <span class='ocrx_word' id='word_1_129' title='bbox 1680 1148 1870 1192; x_wconf 90' lang='lat' dir='ltr'><strong>nostro</strong></span> <span class='ocrx_word' id='word_1_130' title='bbox 1910 1136 2034 1193; x_wconf 82' lang='lat' dir='ltr'><strong>Jesu</strong></span> <span class='ocrx_word' id='word_1_131' title='bbox 2064 1139 2302 1207; x_wconf 84' lang='lat' dir='ltr'><strong>Christo,</strong></span> <span class='ocrx_word' id='word_1_132' title='bbox 2342 1158 2463 1213; x_wconf 64' lang='lat' dir='ltr'><strong>quas</strong></span> <span class='ocrx_word' id='word_1_133' title='bbox 2492 1159 2591 1215; x_wconf 91' lang='lat' dir='ltr'><strong>per</strong></span> <span class='ocrx_word' id='word_1_134' title='bbox 2614 1124 2930 1217; x_wconf 83' lang='lat' dir='ltr'><strong>mysterium</strong></span> <span class='ocrx_word' id='word_1_135' title='bbox 2961 1150 3027 1203; x_wconf 89' lang='lat' dir='ltr'><strong>de</strong></span> <span class='ocrx_word' id='word_1_136' title='bbox 3059 1164 3127 1205; x_wconf 94' lang='lat' dir='ltr'><strong>eo</strong></span> <span class='ocrx_word' id='word_1_137' title='bbox 3158 1149 3239 1204; x_wconf 88' lang='lat' dir='ltr'><strong>di-</strong></span> 
     </span>
    </p>
   </div>
   <div class='ocr_carea' id='block_1_10' title="bbox 60 1212 3239 1303">
    <p class='ocr_par' dir='ltr' id='par_1_10' title="bbox 60 1212 3239 1303">
     <span class='ocr_line' id='line_1_10' title="bbox 60 1212 3239 1303; baseline 0.008 -38"><span class='ocrx_word' id='word_1_138' title='bbox 60 1212 201 1267; x_wconf 80' lang='lat' dir='ltr'><strong>factos</strong></span> <span class='ocrx_word' id='word_1_139' title='bbox 226 1226 366 1276; x_wconf 89' lang='lat' dir='ltr'><strong>esse,</strong></span> <span class='ocrx_word' id='word_1_140' title='bbox 390 1214 531 1269; x_wconf 84' lang='lat' dir='ltr'><strong>sicut</strong></span> <span class='ocrx_word' id='word_1_141' title='bbox 558 1230 722 1284; x_wconf 82' lang='lat' dir='ltr'><strong>supra</strong></span> <span class='ocrx_word' id='word_1_142' title='bbox 760 1215 979 1279; x_wconf 91' lang='lat' dir='ltr'><strong>claruit,</strong></span> <span class='ocrx_word' id='word_1_143' title='bbox 1020 1226 1077 1272; x_wconf 88' lang='lat' dir='ltr'><strong>et</strong></span> <span class='ocrx_word' id='word_1_144' title='bbox 1114 1234 1258 1274; x_wconf 90' lang='lat' dir='ltr'><strong>nunc</strong></span> <span class='ocrx_word' id='word_1_145' title='bbox 1319 1220 1583 1291; x_wconf 87' lang='lat' dir='ltr'><strong>justitiam</strong></span> <span class='ocrx_word' id='word_1_146' title='bbox 1687 1232 1904 1288; x_wconf 90' lang='lat' dir='ltr'><strong>cuntur,</strong></span> <span class='ocrx_word' id='word_1_147' title='bbox 1925 1224 2027 1277; x_wconf 90' lang='lat' dir='ltr'><strong>hoc</strong></span> <span class='ocrx_word' id='word_1_148' title='bbox 2054 1225 2245 1279; x_wconf 88' lang='lat' dir='ltr'><strong>inloco</strong></span> <span class='ocrx_word' id='word_1_149' title='bbox 2261 1212 2585 1282; x_wconf 43' lang='lat' dir='ltr'><strong>etuinettt—ius</strong></span> <span class='ocrx_word' id='word_1_150' title='bbox 2610 1212 2811 1298; x_wconf 69' lang='lat' dir='ltr'><strong>aliquid</strong></span> <span class='ocrx_word' id='word_1_151' title='bbox 2840 1232 3239 1303; x_wconf 85' lang='lat' dir='ltr'><strong>protulit,quod</strong></span> 
     </span>
    </p>
   </div>
   <div class='ocr_carea' id='block_1_11' title="bbox 60 1301 3234 1388">
    <p class='ocr_par' dir='ltr' id='par_1_11' title="bbox 60 1301 3234 1388">
     <span class='ocr_line' id='line_1_11' title="bbox 60 1301 3234 1388; baseline 0.007 -31"><span class='ocrx_word' id='word_1_152' title='bbox 60 1301 287 1374; x_wconf 83' lang='lat' dir='ltr'><strong>Dei,legis</strong></span> <span class='ocrx_word' id='word_1_153' title='bbox 311 1314 366 1359; x_wconf 90' lang='lat' dir='ltr'><strong>et</strong></span> <span class='ocrx_word' id='word_1_154' title='bbox 412 1306 800 1374; x_wconf 88' lang='lat' dir='ltr'><strong>prophetarum</strong></span> <span class='ocrx_word' id='word_1_155' title='bbox 860 1309 1191 1365; x_wconf 87' lang='lat' dir='ltr'><strong>testimoniis</strong></span> <span class='ocrx_word' id='word_1_156' title='bbox 1233 1310 1444 1378; x_wconf 79' lang='lat' dir='ltr'><strong>fultam,</strong></span> <span class='ocrx_word' id='word_1_157' title='bbox 1481 1328 1581 1383; x_wconf 88' lang='lat' dir='ltr'><strong>per</strong></span> <span class='ocrx_word' id='word_1_158' title='bbox 1685 1327 1792 1366; x_wconf 91' lang='lat' dir='ltr'><strong>non</strong></span> <span class='ocrx_word' id='word_1_159' title='bbox 1827 1312 1988 1370; x_wconf 82' lang='lat' dir='ltr'><strong>facile</strong></span> <span class='ocrx_word' id='word_1_160' title='bbox 2018 1315 2072 1369; x_wconf 91' lang='lat' dir='ltr'><strong>in</strong></span> <span class='ocrx_word' id='word_1_161' title='bbox 2106 1315 2227 1371; x_wconf 90' lang='lat' dir='ltr'><strong>aliis</strong></span> <span class='ocrx_word' id='word_1_162' title='bbox 2253 1317 2549 1388; x_wconf 69' lang='lat' dir='ltr'><strong>Scriptum</strong></span> <span class='ocrx_word' id='word_1_163' title='bbox 2574 1320 2706 1375; x_wconf 92' lang='lat' dir='ltr'><strong>locis</strong></span> <span class='ocrx_word' id='word_1_164' title='bbox 2725 1321 2963 1379; x_wconf 88' lang='lat' dir='ltr'><strong>arbitror</strong></span> <span class='ocrx_word' id='word_1_165' title='bbox 2985 1301 3234 1379; x_wconf 83' lang='lat' dir='ltr'><strong>inveuiri.</strong></span> 
     </span>
    </p>
   </div>
   <div class='ocr_carea' id='block_1_12' title="bbox 60 1393 3236 1486">
    <p class='ocr_par' dir='ltr' id='par_1_12' title="bbox 60 1393 3236 1486">
     <span class='ocr_line' id='line_1_12' title="bbox 60 1393 3236 1486; baseline 0.007 -39"><span class='ocrx_word' id='word_1_166' title='bbox 60 1394 190 1447; x_wconf 84' lang='lat' dir='ltr'><strong>fidem</strong></span> <span class='ocrx_word' id='word_1_167' title='bbox 219 1393 342 1449; x_wconf 80' lang='lat' dir='ltr'><strong>Jesu</strong></span> <span class='ocrx_word' id='word_1_168' title='bbox 372 1394 576 1451; x_wconf 83' lang='lat' dir='ltr'><strong>Christi</strong></span> <span class='ocrx_word' id='word_1_169' title='bbox 600 1412 666 1451; x_wconf 90' lang='lat' dir='ltr'><strong>ex</strong></span> <span class='ocrx_word' id='word_1_170' title='bbox 697 1412 856 1468; x_wconf 70' lang='lat' dir='ltr'><strong>aequo</strong></span> <span class='ocrx_word' id='word_1_171' title='bbox 898 1401 1151 1457; x_wconf 89' lang='lat' dir='ltr'><strong>omnibus</strong></span> <span class='ocrx_word' id='word_1_172' title='bbox 1180 1402 1382 1458; x_wconf 82' lang='lat' dir='ltr'><strong>datam.</strong></span> <span class='ocrx_word' id='word_1_173' title='bbox 1411 1402 1490 1458; x_wconf 84' lang='lat' dir='ltr'><strong>Ex</strong></span> <span class='ocrx_word' id='word_1_174' title='bbox 1516 1419 1583 1462; x_wconf 92' lang='lat' dir='ltr'><strong>eo</strong></span> <span class='ocrx_word' id='word_1_175' title='bbox 1688 1400 1824 1470; x_wconf 76' lang='lat' dir='ltr'><strong>Nam</strong></span> <span class='ocrx_word' id='word_1_176' title='bbox 1856 1420 1977 1460; x_wconf 91' lang='lat' dir='ltr'><strong>cum</strong></span> <span class='ocrx_word' id='word_1_177' title='bbox 2006 1409 2261 1477; x_wconf 85' lang='lat' dir='ltr'><strong>superius</strong></span> <span class='ocrx_word' id='word_1_178' title='bbox 2292 1409 2539 1476; x_wconf 84' lang='lat' dir='ltr'><strong>dixisset,</strong></span> <span class='ocrx_word' id='word_1_179' title='bbox 2573 1414 2713 1483; x_wconf 89' lang='lat' dir='ltr'><strong>quod</strong></span> <span class='ocrx_word' id='word_1_180' title='bbox 2747 1430 2845 1483; x_wconf 91' lang='lat' dir='ltr'><strong>pro</strong></span> <span class='ocrx_word' id='word_1_181' title='bbox 2868 1416 3013 1470; x_wconf 91' lang='lat' dir='ltr'><strong>omni</strong></span> <span class='ocrx_word' id='word_1_182' title='bbox 3039 1429 3236 1486; x_wconf 90' lang='lat' dir='ltr'><strong>genere</strong></span> 
     </span>
    </p>
   </div>
   <div class='ocr_carea' id='block_1_13' title="bbox 60 1484 3237 1572">
    <p class='ocr_par' dir='ltr' id='par_1_13' title="bbox 60 1484 3237 1572">
     <span class='ocr_line' id='line_1_13' title="bbox 60 1484 3237 1572; baseline 0.008 -37"><span class='ocrx_word' id='word_1_183' title='bbox 60 1484 174 1552; x_wconf 88' lang='lat' dir='ltr'><strong>quod</strong></span> <span class='ocrx_word' id='word_1_184' title='bbox 197 1498 378 1539; x_wconf 89' lang='lat' dir='ltr'><strong>omnes</strong></span> <span class='ocrx_word' id='word_1_185' title='bbox 406 1486 507 1541; x_wconf 89' lang='lat' dir='ltr'><strong>sub</strong></span> <span class='ocrx_word' id='word_1_186' title='bbox 550 1498 775 1555; x_wconf 89' lang='lat' dir='ltr'><strong>peccato</strong></span> <span class='ocrx_word' id='word_1_187' title='bbox 801 1487 937 1544; x_wconf 87' lang='lat' dir='ltr'><strong>facti</strong></span> <span class='ocrx_word' id='word_1_188' title='bbox 1001 1489 1237 1558; x_wconf 80' lang='lat' dir='ltr'><strong>fuerant,</strong></span> <span class='ocrx_word' id='word_1_189' title='bbox 1264 1493 1429 1549; x_wconf 89' lang='lat' dir='ltr'><strong>alieni</strong></span> <span class='ocrx_word' id='word_1_190' title='bbox 1457 1496 1581 1553; x_wconf 85' lang='lat' dir='ltr'><strong>sine</strong></span> <span class='ocrx_word' id='word_1_191' title='bbox 1687 1493 1924 1552; x_wconf 89' lang='lat' dir='ltr'><strong>humano</strong></span> <span class='ocrx_word' id='word_1_192' title='bbox 1959 1500 2383 1569; x_wconf 87' lang='lat' dir='ltr'><strong>redemptionem</strong></span> <span class='ocrx_word' id='word_1_193' title='bbox 2416 1504 2762 1572; x_wconf 89' lang='lat' dir='ltr'><strong>semetipsum</strong></span> <span class='ocrx_word' id='word_1_194' title='bbox 2789 1484 3121 1568; x_wconf 46' lang='lat' dir='ltr'><strong>dedissem—ut</strong></span> <span class='ocrx_word' id='word_1_195' title='bbox 3144 1520 3237 1559; x_wconf 90' lang='lat' dir='ltr'><strong>eos</strong></span> 
     </span>
    </p>
   </div>
   <div class='ocr_carea' id='block_1_14' title="bbox 61 1574 3235 1661">
    <p class='ocr_par' dir='ltr' id='par_1_14' title="bbox 61 1574 3235 1661">
     <span class='ocr_line' id='line_1_14' title="bbox 61 1574 3235 1661; baseline 0.007 -32"><span class='ocrx_word' id='word_1_196' title='bbox 61 1574 193 1629; x_wconf 89' lang='lat' dir='ltr'><strong>dubio</strong></span> <span class='ocrx_word' id='word_1_197' title='bbox 217 1576 387 1631; x_wconf 84' lang='lat' dir='ltr'><strong>effecti</strong></span> <span class='ocrx_word' id='word_1_198' title='bbox 413 1588 543 1633; x_wconf 90' lang='lat' dir='ltr'><strong>sunt</strong></span> <span class='ocrx_word' id='word_1_199' title='bbox 568 1580 734 1633; x_wconf 88' lang='lat' dir='ltr'><strong>etiam</strong></span> <span class='ocrx_word' id='word_1_200' title='bbox 762 1594 791 1633; x_wconf 93' lang='lat' dir='ltr'><strong>a</strong></span> <span class='ocrx_word' id='word_1_201' title='bbox 814 1580 983 1650; x_wconf 91' lang='lat' dir='ltr'><strong>gloria</strong></span> <span class='ocrx_word' id='word_1_202' title='bbox 1008 1581 1123 1649; x_wconf 88' lang='lat' dir='ltr'><strong>Dei,</strong></span> <span class='ocrx_word' id='word_1_203' title='bbox 1160 1586 1305 1653; x_wconf 91' lang='lat' dir='ltr'><strong>quod</strong></span> <span class='ocrx_word' id='word_1_204' title='bbox 1335 1601 1456 1642; x_wconf 90' lang='lat' dir='ltr'><strong>eam</strong></span> <span class='ocrx_word' id='word_1_205' title='bbox 1481 1603 1583 1645; x_wconf 87' lang='lat' dir='ltr'><strong>nec</strong></span> <span class='ocrx_word' id='word_1_206' title='bbox 1680 1584 1780 1656; x_wconf 65' lang='lat' dir='ltr'><strong>qui</strong></span> <span class='ocrx_word' id='word_1_207' title='bbox 1828 1588 1881 1642; x_wconf 93' lang='lat' dir='ltr'><strong>in</strong></span> <span class='ocrx_word' id='word_1_208' title='bbox 1919 1601 2263 1659; x_wconf 84' lang='lat' dir='ltr'><strong>peccatorum</strong></span> <span class='ocrx_word' id='word_1_209' title='bbox 2301 1594 2615 1661; x_wconf 80' lang='lat' dir='ltr'><strong>captivitate</strong></span> <span class='ocrx_word' id='word_1_210' title='bbox 2644 1597 2962 1653; x_wconf 88' lang='lat' dir='ltr'><strong>tenebantur</strong></span> <span class='ocrx_word' id='word_1_211' title='bbox 3002 1596 3235 1651; x_wconf 86' lang='lat' dir='ltr'><strong>redime-</strong></span> 
     </span>
    </p>
   </div>
   <div class='ocr_carea' id='block_1_15' title="bbox 63 1666 3233 1759">
    <p class='ocr_par' dir='ltr' id='par_1_15' title="bbox 63 1666 3233 1759">
     <span class='ocr_line' id='line_1_15' title="bbox 63 1666 3233 1759; baseline 0.008 -40"><span class='ocrx_word' id='word_1_212' title='bbox 63 1680 224 1733; x_wconf 84' lang='lat' dir='ltr'><strong>sapere</strong></span> <span class='ocrx_word' id='word_1_213' title='bbox 250 1666 359 1724; x_wconf 89' lang='lat' dir='ltr'><strong>ullo</strong></span> <span class='ocrx_word' id='word_1_214' title='bbox 388 1683 590 1737; x_wconf 86' lang='lat' dir='ltr'><strong>genere</strong></span> <span class='ocrx_word' id='word_1_215' title='bbox 619 1678 891 1739; x_wconf 90' lang='lat' dir='ltr'><strong>poterant,</strong></span> <span class='ocrx_word' id='word_1_216' title='bbox 916 1686 1019 1726; x_wconf 91' lang='lat' dir='ltr'><strong>nec</strong></span> <span class='ocrx_word' id='word_1_217' title='bbox 1063 1676 1284 1732; x_wconf 89' lang='lat' dir='ltr'><strong>mereri.</strong></span> <span class='ocrx_word' id='word_1_218' title='bbox 1305 1676 1583 1743; x_wconf 84' lang='lat' dir='ltr'><strong>Quomodo</strong></span> <span class='ocrx_word' id='word_1_219' title='bbox 1690 1690 1768 1735; x_wconf 91' lang='lat' dir='ltr'><strong>ret</strong></span> <span class='ocrx_word' id='word_1_220' title='bbox 1782 1679 1989 1745; x_wconf 74' lang='lat' dir='ltr'><strong>&quot;,‘dllnl</strong></span> <span class='ocrx_word' id='word_1_221' title='bbox 2011 1699 2030 1732; x_wconf 74' lang='grc' dir='ltr'><em>α</em></span> <span class='ocrx_word' id='word_1_222' title='bbox 2049 1681 2166 1734; x_wconf 89' lang='lat' dir='ltr'><strong>sine</strong></span> <span class='ocrx_word' id='word_1_223' title='bbox 2188 1683 2295 1735; x_wconf 86' lang='lat' dir='ltr'><strong>Deo</strong></span> <span class='ocrx_word' id='word_1_224' title='bbox 2313 1685 2667 1749; x_wconf 84' lang='lat' dir='ltr'><strong>pmomnibus</strong></span> <span class='ocrx_word' id='word_1_225' title='bbox 2683 1699 2910 1743; x_wconf 89' lang='lat' dir='ltr'><strong>mortem</strong></span> <span class='ocrx_word' id='word_1_226' title='bbox 2928 1700 3105 1759; x_wconf 88' lang='lat' dir='ltr'><strong>gustat</strong></span> <span class='ocrx_word' id='word_1_227' title='bbox 3123 1691 3233 1744; x_wconf 82' lang='lat' dir='ltr'><strong>&quot;:s</strong></span> 
     </span>
    </p>
   </div>
   <div class='ocr_carea' id='block_1_16' title="bbox 62 1758 3239 1838">
    <p class='ocr_par' dir='ltr' id='par_1_16' title="bbox 62 1758 3239 1838">
     <span class='ocr_line' id='line_1_16' title="bbox 62 1758 3239 1838; baseline 0.003 -29"><span class='ocrx_word' id='word_1_228' title='bbox 62 1758 178 1809; x_wconf 86' lang='lat' dir='ltr'><strong>enim</strong></span> <span class='ocrx_word' id='word_1_229' title='bbox 204 1768 458 1827; x_wconf 86' lang='lat' dir='ltr'><strong>peccator</strong></span> <span class='ocrx_word' id='word_1_230' title='bbox 492 1761 719 1816; x_wconf 78' lang='lat' dir='ltr'><strong>auderet</strong></span> <span class='ocrx_word' id='word_1_231' title='bbox 737 1761 871 1815; x_wconf 87' lang='lat' dir='ltr'><strong>dare</strong></span> <span class='ocrx_word' id='word_1_232' title='bbox 902 1761 1129 1831; x_wconf 75' lang='lat' dir='ltr'><strong>gloriam</strong></span> <span class='ocrx_word' id='word_1_233' title='bbox 1163 1764 1295 1830; x_wconf 90' lang='lat' dir='ltr'><strong>Deo,</strong></span> <span class='ocrx_word' id='word_1_234' title='bbox 1322 1766 1392 1821; x_wconf 90' lang='lat' dir='ltr'><strong>ad</strong></span> <span class='ocrx_word' id='word_1_235' title='bbox 1418 1782 1580 1838; x_wconf 84' lang='lat' dir='ltr'><strong>quem</strong></span> <span class='ocrx_word' id='word_1_236' title='bbox 1616 1836 1642 1838; x_wconf 85' lang='lat'><em>_</em></span> <span class='ocrx_word' id='word_1_237' title='bbox 1683 1780 1827 1819; x_wconf 92' lang='lat' dir='ltr'><strong>nunc</strong></span> <span class='ocrx_word' id='word_1_238' title='bbox 1847 1765 1995 1819; x_wconf 88' lang='lat' dir='ltr'><strong>addit</strong></span> <span class='ocrx_word' id='word_1_239' title='bbox 2029 1764 2231 1835; x_wconf 83' lang='lat' dir='ltr'><strong>aliquid</strong></span> <span class='ocrx_word' id='word_1_240' title='bbox 2260 1764 2570 1832; x_wconf 90' lang='lat' dir='ltr'><strong>sublimius,</strong></span> <span class='ocrx_word' id='word_1_241' title='bbox 2597 1776 2652 1821; x_wconf 89' lang='lat' dir='ltr'><strong>et</strong></span> <span class='ocrx_word' id='word_1_242' title='bbox 2673 1765 2825 1831; x_wconf 92' lang='lat' dir='ltr'><strong>dicit,</strong></span> <span class='ocrx_word' id='word_1_243' title='bbox 2843 1758 2971 1834; x_wconf 79' lang='lat' dir='ltr'><strong>quia</strong></span> <span class='ocrx_word' id='word_1_244' title='bbox 2992 1782 3014 1817; x_wconf 76' lang='grc' dir='ltr'><strong>ι</strong></span> <span class='ocrx_word' id='word_1_245' title='bbox 3046 1780 3239 1834; x_wconf 87' lang='lat' dir='ltr'><strong>propo-</strong></span> 
     </span>
    </p>
   </div>
   <div class='ocr_carea' id='block_1_17' title="bbox 64 1836 3243 1926">
    <p class='ocr_par' dir='ltr' id='par_1_17' title="bbox 64 1836 3243 1926">
     <span class='ocr_line' id='line_1_17' title="bbox 64 1836 3243 1926; baseline 0.003 -27"><span class='ocrx_word' id='word_1_246' title='bbox 64 1849 170 1902; x_wconf 88' lang='lat' dir='ltr'><strong>dicit</strong></span> <span class='ocrx_word' id='word_1_247' title='bbox 213 1848 478 1916; x_wconf 84' lang='lat' dir='ltr'><strong>Propheta</strong></span> <span class='ocrx_word' id='word_1_248' title='bbox 510 1868 525 1905; x_wconf 90' lang='lat'><strong>:</strong></span> <span class='ocrx_word' id='word_1_249' title='bbox 560 1870 581 1904; x_wconf 73' lang='grc' dir='ltr'><strong>ι</strong></span> <span class='ocrx_word' id='word_1_250' title='bbox 630 1851 911 1910; x_wconf 89' lang='lat' dir='ltr'><strong>Peccatori</strong></span> <span class='ocrx_word' id='word_1_251' title='bbox 968 1866 1149 1912; x_wconf 88' lang='lat' dir='ltr'><strong>autem</strong></span> <span class='ocrx_word' id='word_1_252' title='bbox 1210 1858 1349 1914; x_wconf 87' lang='lat' dir='ltr'><strong>dixit</strong></span> <span class='ocrx_word' id='word_1_253' title='bbox 1394 1836 1583 1917; x_wconf 84' lang='lat' dir='ltr'><strong>Deus:</strong></span> <span class='ocrx_word' id='word_1_254' title='bbox 1614 1836 1660 1896; x_wconf 74' lang='grc' dir='ltr'><strong>Β</strong></span> <span class='ocrx_word' id='word_1_255' title='bbox 1690 1856 1799 1910; x_wconf 85' lang='lat' dir='ltr'><strong>suit</strong></span> <span class='ocrx_word' id='word_1_256' title='bbox 1825 1871 1949 1911; x_wconf 89' lang='lat' dir='ltr'><strong>eum</strong></span> <span class='ocrx_word' id='word_1_257' title='bbox 1976 1856 2117 1911; x_wconf 88' lang='lat' dir='ltr'><strong>Deus</strong></span> <span class='ocrx_word' id='word_1_258' title='bbox 2137 1856 2573 1925; x_wconf 88' lang='lat' dir='ltr'><strong>propitiationem</strong></span> <span class='ocrx_word' id='word_1_259' title='bbox 2599 1870 2694 1926; x_wconf 90' lang='lat' dir='ltr'><strong>per</strong></span> <span class='ocrx_word' id='word_1_260' title='bbox 2715 1855 2873 1910; x_wconf 90' lang='lat' dir='ltr'><strong>fidem</strong></span> <span class='ocrx_word' id='word_1_261' title='bbox 2901 1856 2953 1911; x_wconf 92' lang='lat' dir='ltr'><strong>in</strong></span> <span class='ocrx_word' id='word_1_262' title='bbox 2979 1855 3243 1926; x_wconf 80' lang='lat' dir='ltr'><strong>sanguine</strong></span> 
     </span>
    </p>
   </div>
   <div class='ocr_carea' id='block_1_18' title="bbox 67 1938 3242 2017">
    <p class='ocr_par' dir='ltr' id='par_1_18' title="bbox 67 1938 3242 2017">
     <span class='ocr_line' id='line_1_18' title="bbox 67 1938 3242 2017; baseline 0.003 -28"><span class='ocrx_word' id='word_1_263' title='bbox 67 1938 210 2004; x_wconf 82' lang='lat' dir='ltr'><strong>Quare</strong></span> <span class='ocrx_word' id='word_1_264' title='bbox 239 1950 290 1995; x_wconf 91' lang='lat' dir='ltr'><strong>tu</strong></span> <span class='ocrx_word' id='word_1_265' title='bbox 313 1954 545 1996; x_wconf 87' lang='lat' dir='ltr'><strong>enarras</strong></span> <span class='ocrx_word' id='word_1_266' title='bbox 568 1941 815 2013; x_wconf 87' lang='lat' dir='ltr'><strong>justitias</strong></span> <span class='ocrx_word' id='word_1_267' title='bbox 830 1948 1071 2003; x_wconf 61' lang='lat' dir='ltr'><strong>usus“?</strong></span> <span class='ocrx_word' id='word_1_268' title='bbox 1103 1967 1124 2001; x_wconf 72' lang='grc' dir='ltr'><strong>ι</strong></span> <span class='ocrx_word' id='word_1_269' title='bbox 1159 1949 1226 2005; x_wconf 84' lang='lat' dir='ltr'><strong>Et</strong></span> <span class='ocrx_word' id='word_1_270' title='bbox 1264 1951 1457 2007; x_wconf 89' lang='lat' dir='ltr'><strong>iterum</strong></span> <span class='ocrx_word' id='word_1_271' title='bbox 1481 1954 1585 2009; x_wconf 89' lang='lat' dir='ltr'><strong>alia</strong></span> <span class='ocrx_word' id='word_1_272' title='bbox 1691 1946 1862 2017; x_wconf 89' lang='lat' dir='ltr'><strong>ipsius</strong></span> <span class='ocrx_word' id='word_1_273' title='bbox 1894 1964 1908 2001; x_wconf 90' lang='lat'><strong>:</strong></span> <span class='ocrx_word' id='word_1_274' title='bbox 1942 1964 1962 2001; x_wconf 86' lang='lat' dir='ltr'><strong>s</strong></span> <span class='ocrx_word' id='word_1_275' title='bbox 2006 1961 2113 2017; x_wconf 94' lang='lat' dir='ltr'><strong>quo</strong></span> <span class='ocrx_word' id='word_1_276' title='bbox 2165 1947 2376 2002; x_wconf 89' lang='lat' dir='ltr'><strong>scilicet</strong></span> <span class='ocrx_word' id='word_1_277' title='bbox 2428 1962 2522 2017; x_wconf 91' lang='lat' dir='ltr'><strong>per</strong></span> <span class='ocrx_word' id='word_1_278' title='bbox 2569 1947 2800 2001; x_wconf 88' lang='lat' dir='ltr'><strong>hostiam</strong></span> <span class='ocrx_word' id='word_1_279' title='bbox 2853 1947 2937 2001; x_wconf 90' lang='lat' dir='ltr'><strong>sui</strong></span> <span class='ocrx_word' id='word_1_280' title='bbox 2994 1946 3242 2015; x_wconf 89' lang='lat' dir='ltr'><strong>corporis</strong></span> 
     </span>
    </p>
   </div>
   <div class='ocr_carea' id='block_1_19' title="bbox 68 2028 1550 2108">
    <p class='ocr_par' dir='ltr' id='par_1_19' title="bbox 68 2028 1550 2108">
     <span class='ocr_line' id='line_1_19' title="bbox 68 2028 1550 2108; baseline 0.01 -24"><span class='ocrx_word' id='word_1_281' title='bbox 68 2028 307 2098; x_wconf 83' lang='lat' dir='ltr'><strong>Scriptura</strong></span> <span class='ocrx_word' id='word_1_282' title='bbox 345 2032 479 2088; x_wconf 90' lang='lat' dir='ltr'><strong>dicit</strong></span> <span class='ocrx_word' id='word_1_283' title='bbox 509 2049 525 2086; x_wconf 89' lang='lat'><strong>:</strong></span> <span class='ocrx_word' id='word_1_284' title='bbox 554 2051 576 2086; x_wconf 73' lang='grc' dir='ltr'><strong>ι</strong></span> <span class='ocrx_word' id='word_1_285' title='bbox 610 2034 726 2091; x_wconf 82' lang='lat' dir='ltr'><strong>Non</strong></span> <span class='ocrx_word' id='word_1_286' title='bbox 755 2046 838 2093; x_wconf 86' lang='lat' dir='ltr'><strong>est</strong></span> <span class='ocrx_word' id='word_1_287' title='bbox 876 2039 1124 2108; x_wconf 89' lang='lat' dir='ltr'><strong>speciosa</strong></span> <span class='ocrx_word' id='word_1_288' title='bbox 1151 2042 1267 2096; x_wconf 88' lang='lat' dir='ltr'><strong>laus</strong></span> <span class='ocrx_word' id='word_1_289' title='bbox 1298 2042 1387 2097; x_wconf 90' lang='lat' dir='ltr'><strong>Dei</strong></span> <span class='ocrx_word' id='word_1_290' title='bbox 1417 2044 1469 2097; x_wconf 93' lang='lat' dir='ltr'><strong>in</strong></span> <span class='ocrx_word' id='word_1_291' title='bbox 1494 2060 1550 2099; x_wconf 87' lang='lat' dir='ltr'><strong>or</strong></span> 
     </span>
    </p>
   </div>
   <div class='ocr_carea' id='block_1_20' title="bbox 1760 2028 3242 2108">
    <p class='ocr_par' dir='ltr' id='par_1_20' title="bbox 1760 2036 3242 2107">
     <span class='ocr_line' id='line_1_20' title="bbox 1760 2036 3242 2107; baseline 0.001 -16"><span class='ocrx_word' id='word_1_292' title='bbox 1760 2038 1979 2107; x_wconf 89' lang='lat' dir='ltr'><strong>opitium</strong></span> <span class='ocrx_word' id='word_1_293' title='bbox 2022 2037 2328 2093; x_wconf 88' lang='lat' dir='ltr'><strong>hominibus</strong></span> <span class='ocrx_word' id='word_1_294' title='bbox 2398 2036 2600 2093; x_wconf 86' lang='lat' dir='ltr'><strong>faceret</strong></span> <span class='ocrx_word' id='word_1_295' title='bbox 2643 2036 2835 2102; x_wconf 90' lang='lat' dir='ltr'><strong>Deum,</strong></span> <span class='ocrx_word' id='word_1_296' title='bbox 2893 2047 2949 2092; x_wconf 88' lang='lat' dir='ltr'><strong>et</strong></span> <span class='ocrx_word' id='word_1_297' title='bbox 2993 2054 3087 2107; x_wconf 90' lang='lat' dir='ltr'><strong>per</strong></span> <span class='ocrx_word' id='word_1_298' title='bbox 3140 2038 3242 2093; x_wconf 92' lang='lat' dir='ltr'><strong>hoc</strong></span> 
     </span>
    </p>
   </div>
   <div class='ocr_carea' id='block_1_21' title="bbox 67 2121 3241 2202">
    <p class='ocr_par' dir='ltr' id='par_1_21' title="bbox 67 2121 3241 2202">
     <span class='ocr_line' id='line_1_21' title="bbox 67 2121 3241 2202; baseline 0.003 -28"><span class='ocrx_word' id='word_1_299' title='bbox 67 2123 328 2187; x_wconf 75' lang='lat' dir='ltr'><strong>peccatoris</strong></span> <span class='ocrx_word' id='word_1_300' title='bbox 354 2121 421 2176; x_wconf 78' lang='lat'><strong>“.</strong></span> <span class='ocrx_word' id='word_1_301' title='bbox 463 2142 483 2178; x_wconf 70' lang='grc' dir='ltr'><strong>ι</strong></span> <span class='ocrx_word' id='word_1_302' title='bbox 523 2125 731 2182; x_wconf 87' lang='lat' dir='ltr'><strong>Idcirco</strong></span> <span class='ocrx_word' id='word_1_303' title='bbox 765 2128 972 2198; x_wconf 77' lang='lat' dir='ltr'><strong>iustitia</strong></span> <span class='ocrx_word' id='word_1_304' title='bbox 1015 2129 1107 2185; x_wconf 92' lang='lat' dir='ltr'><strong>Del</strong></span> <span class='ocrx_word' id='word_1_305' title='bbox 1132 2146 1227 2202; x_wconf 90' lang='lat' dir='ltr'><strong>per</strong></span> <span class='ocrx_word' id='word_1_306' title='bbox 1256 2132 1413 2188; x_wconf 87' lang='lat' dir='ltr'><strong>fidem</strong></span> <span class='ocrx_word' id='word_1_307' title='bbox 1458 2134 1588 2191; x_wconf 83' lang='lat' dir='ltr'><strong>Jesu</strong></span> <span class='ocrx_word' id='word_1_308' title='bbox 1689 2131 2002 2186; x_wconf 86' lang='lat' dir='ltr'><strong>ostenderet</strong></span> <span class='ocrx_word' id='word_1_309' title='bbox 2025 2128 2292 2198; x_wconf 86' lang='lat' dir='ltr'><strong>justitiam</strong></span> <span class='ocrx_word' id='word_1_310' title='bbox 2318 2144 2496 2193; x_wconf 90' lang='lat' dir='ltr'><strong>suam,</strong></span> <span class='ocrx_word' id='word_1_311' title='bbox 2519 2130 2645 2184; x_wconf 90' lang='lat' dir='ltr'><strong>dum</strong></span> <span class='ocrx_word' id='word_1_312' title='bbox 2672 2130 2752 2184; x_wconf 90' lang='lat' dir='ltr'><strong>eis</strong></span> <span class='ocrx_word' id='word_1_313' title='bbox 2779 2130 3075 2183; x_wconf 90' lang='lat' dir='ltr'><strong>remitteret</strong></span> <span class='ocrx_word' id='word_1_314' title='bbox 3104 2143 3241 2198; x_wconf 72' lang='lat' dir='ltr'><strong>pra:-</strong></span> 
     </span>
    </p>
   </div>
   <div class='ocr_carea' id='block_1_22' title="bbox 67 2211 3244 2293">
    <p class='ocr_par' dir='ltr' id='par_1_22' title="bbox 67 2211 3244 2293">
     <span class='ocr_line' id='line_1_22' title="bbox 67 2211 3244 2293; baseline 0.003 -28"><span class='ocrx_word' id='word_1_315' title='bbox 67 2211 233 2266; x_wconf 81' lang='lat' dir='ltr'><strong>Christi</strong></span> <span class='ocrx_word' id='word_1_316' title='bbox 258 2214 325 2267; x_wconf 94' lang='lat' dir='ltr'><strong>ad</strong></span> <span class='ocrx_word' id='word_1_317' title='bbox 350 2229 541 2271; x_wconf 88' lang='lat' dir='ltr'><strong>omnes</strong></span> <span class='ocrx_word' id='word_1_318' title='bbox 560 2219 882 2286; x_wconf 81' lang='lat' dir='ltr'><strong>perveniens</strong></span> <span class='ocrx_word' id='word_1_319' title='bbox 901 2221 991 2291; x_wconf 88' lang='lat' dir='ltr'><strong>qui</strong></span> <span class='ocrx_word' id='word_1_320' title='bbox 1021 2221 1269 2287; x_wconf 89' lang='lat' dir='ltr'><strong>credunt,</strong></span> <span class='ocrx_word' id='word_1_321' title='bbox 1290 2223 1404 2279; x_wconf 84' lang='lat' dir='ltr'><strong>sive</strong></span> <span class='ocrx_word' id='word_1_322' title='bbox 1421 2223 1588 2280; x_wconf 67' lang='lat' dir='ltr'><strong>Judaei</strong></span> <span class='ocrx_word' id='word_1_323' title='bbox 1690 2224 1941 2279; x_wconf 89' lang='lat' dir='ltr'><strong>cedentia</strong></span> <span class='ocrx_word' id='word_1_324' title='bbox 1982 2223 2200 2287; x_wconf 87' lang='lat' dir='ltr'><strong>delicta,</strong></span> <span class='ocrx_word' id='word_1_325' title='bbox 2244 2237 2364 2292; x_wconf 74' lang='lat' dir='ltr'><strong>qum</strong></span> <span class='ocrx_word' id='word_1_326' title='bbox 2400 2222 2648 2293; x_wconf 83' lang='lat' dir='ltr'><strong>pessimis</strong></span> <span class='ocrx_word' id='word_1_327' title='bbox 2690 2221 2934 2291; x_wconf 75' lang='lat' dir='ltr'><strong>tyrannis</strong></span> <span class='ocrx_word' id='word_1_328' title='bbox 2959 2221 3244 2275; x_wconf 80' lang='lat' dir='ltr'><strong>serviendo</strong></span> 
     </span>
    </p>
   </div>
   <div class='ocr_carea' id='block_1_23' title="bbox 68 2304 3245 2384">
    <p class='ocr_par' dir='ltr' id='par_1_23' title="bbox 68 2304 3245 2384">
     <span class='ocr_line' id='line_1_23' title="bbox 68 2304 3245 2384; baseline 0.003 -30"><span class='ocrx_word' id='word_1_329' title='bbox 68 2304 168 2369; x_wconf 82' lang='lat' dir='ltr'><strong>sint,</strong></span> <span class='ocrx_word' id='word_1_330' title='bbox 195 2304 303 2359; x_wconf 88' lang='lat' dir='ltr'><strong>sive</strong></span> <span class='ocrx_word' id='word_1_331' title='bbox 351 2304 550 2374; x_wconf 72' lang='lat' dir='ltr'><strong>Gmci,</strong></span> <span class='ocrx_word' id='word_1_332' title='bbox 585 2318 845 2379; x_wconf 86' lang='lat' dir='ltr'><strong>purgatos</strong></span> <span class='ocrx_word' id='word_1_333' title='bbox 874 2326 971 2368; x_wconf 91' lang='lat' dir='ltr'><strong>eos</strong></span> <span class='ocrx_word' id='word_1_334' title='bbox 998 2327 1029 2367; x_wconf 89' lang='lat' dir='ltr'><strong>a</strong></span> <span class='ocrx_word' id='word_1_335' title='bbox 1067 2314 1345 2383; x_wconf 86' lang='lat' dir='ltr'><strong>prioribus</strong></span> <span class='ocrx_word' id='word_1_336' title='bbox 1373 2317 1591 2372; x_wconf 87' lang='lat' dir='ltr'><strong>sceleri-</strong></span> <span class='ocrx_word' id='word_1_337' title='bbox 1688 2324 2079 2370; x_wconf 73' lang='lat' dir='ltr'><strong>contraxerant</strong></span> <span class='ocrx_word' id='word_1_338' title='bbox 2103 2331 2170 2370; x_wconf 88' lang='lat' dir='ltr'><strong>eo</strong></span> <span class='ocrx_word' id='word_1_339' title='bbox 2199 2325 2439 2384; x_wconf 92' lang='lat' dir='ltr'><strong>tempore</strong></span> <span class='ocrx_word' id='word_1_340' title='bbox 2460 2329 2566 2384; x_wconf 92' lang='lat' dir='ltr'><strong>quo</strong></span> <span class='ocrx_word' id='word_1_341' title='bbox 2596 2313 2895 2368; x_wconf 83' lang='lat' dir='ltr'><strong>sustinebat</strong></span> <span class='ocrx_word' id='word_1_342' title='bbox 2926 2324 2982 2367; x_wconf 92' lang='lat' dir='ltr'><strong>et</strong></span> <span class='ocrx_word' id='word_1_343' title='bbox 3006 2311 3245 2382; x_wconf 87' lang='lat' dir='ltr'><strong>patieba-</strong></span> 
     </span>
    </p>
   </div>
   <div class='ocr_carea' id='block_1_24' title="bbox 68 2394 3248 2474">
    <p class='ocr_par' dir='ltr' id='par_1_24' title="bbox 68 2394 3248 2474">
     <span class='ocr_line' id='line_1_24' title="bbox 68 2394 3248 2474; baseline 0.003 -27"><span class='ocrx_word' id='word_1_344' title='bbox 68 2394 148 2450; x_wconf 81' lang='lat' dir='ltr'><strong>bus</strong></span> <span class='ocrx_word' id='word_1_345' title='bbox 168 2395 451 2465; x_wconf 85' lang='lat' dir='ltr'><strong>justificat,</strong></span> <span class='ocrx_word' id='word_1_346' title='bbox 498 2407 554 2455; x_wconf 91' lang='lat' dir='ltr'><strong>et</strong></span> <span class='ocrx_word' id='word_1_347' title='bbox 602 2414 836 2471; x_wconf 87' lang='lat' dir='ltr'><strong>capaces</strong></span> <span class='ocrx_word' id='word_1_348' title='bbox 864 2404 996 2459; x_wconf 90' lang='lat' dir='ltr'><strong>facit</strong></span> <span class='ocrx_word' id='word_1_349' title='bbox 1025 2406 1210 2474; x_wconf 81' lang='lat' dir='ltr'><strong>gloria:</strong></span> <span class='ocrx_word' id='word_1_350' title='bbox 1236 2405 1332 2462; x_wconf 89' lang='lat' dir='ltr'><strong>Dei</strong></span> <span class='ocrx_word' id='word_1_351' title='bbox 1361 2424 1378 2464; x_wconf 89' lang='lat'><strong>:</strong></span> <span class='ocrx_word' id='word_1_352' title='bbox 1406 2418 1463 2464; x_wconf 92' lang='lat' dir='ltr'><strong>et</strong></span> <span class='ocrx_word' id='word_1_353' title='bbox 1491 2410 1591 2465; x_wconf 88' lang='lat' dir='ltr'><strong>hoc</strong></span> <span class='ocrx_word' id='word_1_354' title='bbox 1688 2412 1779 2459; x_wconf 80' lang='lat' dir='ltr'><strong>tur</strong></span> <span class='ocrx_word' id='word_1_355' title='bbox 1804 2407 1945 2461; x_wconf 90' lang='lat' dir='ltr'><strong>Deus</strong></span> <span class='ocrx_word' id='word_1_356' title='bbox 1970 2408 2085 2461; x_wconf 72' lang='lat' dir='ltr'><strong>haec</strong></span> <span class='ocrx_word' id='word_1_357' title='bbox 2117 2407 2259 2461; x_wconf 87' lang='lat' dir='ltr'><strong>fieri.</strong></span> <span class='ocrx_word' id='word_1_358' title='bbox 2302 2405 2407 2461; x_wconf 90' lang='lat' dir='ltr'><strong>Sed</strong></span> <span class='ocrx_word' id='word_1_359' title='bbox 2438 2406 2505 2460; x_wconf 90' lang='lat' dir='ltr'><strong>ad</strong></span> <span class='ocrx_word' id='word_1_360' title='bbox 2533 2405 2637 2459; x_wconf 88' lang='lat' dir='ltr'><strong>hoc</strong></span> <span class='ocrx_word' id='word_1_361' title='bbox 2666 2405 2994 2473; x_wconf 89' lang='lat' dir='ltr'><strong>patiebatur,</strong></span> <span class='ocrx_word' id='word_1_362' title='bbox 3021 2414 3080 2459; x_wconf 87' lang='lat' dir='ltr'><strong>ut</strong></span> <span class='ocrx_word' id='word_1_363' title='bbox 3125 2412 3248 2474; x_wconf 87' lang='lat' dir='ltr'><strong>post</strong></span> 
     </span>
    </p>
   </div>
   <div class='ocr_carea' id='block_1_25' title="bbox 70 2491 3246 2567">
    <p class='ocr_par' dir='ltr' id='par_1_25' title="bbox 70 2491 3246 2567">
     <span class='ocr_line' id='line_1_25' title="bbox 70 2491 3246 2567; baseline 0.004 -29"><span class='ocrx_word' id='word_1_364' title='bbox 70 2501 155 2541; x_wconf 87' lang='lat' dir='ltr'><strong>non</strong></span> <span class='ocrx_word' id='word_1_365' title='bbox 172 2503 231 2543; x_wconf 84' lang='lat' dir='ltr'><strong>ex</strong></span> <span class='ocrx_word' id='word_1_366' title='bbox 257 2491 468 2547; x_wconf 81' lang='lat' dir='ltr'><strong>meritis</strong></span> <span class='ocrx_word' id='word_1_367' title='bbox 492 2506 706 2557; x_wconf 76' lang='lat' dir='ltr'><strong>eorum,</strong></span> <span class='ocrx_word' id='word_1_368' title='bbox 729 2509 831 2551; x_wconf 83' lang='lat' dir='ltr'><strong>nec</strong></span> <span class='ocrx_word' id='word_1_369' title='bbox 868 2511 969 2566; x_wconf 85' lang='lat' dir='ltr'><strong>pro</strong></span> <span class='ocrx_word' id='word_1_370' title='bbox 1008 2499 1267 2567; x_wconf 67' lang='lat' dir='ltr'><strong>operibus</strong></span> <span class='ocrx_word' id='word_1_371' title='bbox 1310 2499 1464 2566; x_wconf 72' lang='lat' dir='ltr'><strong>facit,</strong></span> <span class='ocrx_word' id='word_1_372' title='bbox 1496 2504 1590 2557; x_wconf 71' lang='lat' dir='ltr'><strong>sed</strong></span> <span class='ocrx_word' id='word_1_373' title='bbox 1690 2498 1828 2562; x_wconf 65' lang='lat' dir='ltr'><strong>haec,</strong></span> <span class='ocrx_word' id='word_1_374' title='bbox 1864 2498 1916 2552; x_wconf 93' lang='lat' dir='ltr'><strong>id</strong></span> <span class='ocrx_word' id='word_1_375' title='bbox 1934 2509 2019 2552; x_wconf 90' lang='lat' dir='ltr'><strong>est</strong></span> <span class='ocrx_word' id='word_1_376' title='bbox 2053 2498 2108 2551; x_wconf 93' lang='lat' dir='ltr'><strong>in</strong></span> <span class='ocrx_word' id='word_1_377' title='bbox 2134 2499 2238 2552; x_wconf 91' lang='lat' dir='ltr'><strong>hoc</strong></span> <span class='ocrx_word' id='word_1_378' title='bbox 2262 2507 2504 2566; x_wconf 83' lang='lat' dir='ltr'><strong>tempore</strong></span> <span class='ocrx_word' id='word_1_379' title='bbox 2521 2494 2966 2566; x_wconf 69' lang='lat' dir='ltr'><strong>(74),osteuderet</strong></span> <span class='ocrx_word' id='word_1_380' title='bbox 2982 2496 3246 2564; x_wconf 84' lang='lat' dir='ltr'><strong>justitiam</strong></span> 
     </span>
    </p>
   </div>
   <div class='ocr_carea' id='block_1_26' title="bbox 70 2579 3247 2658">
    <p class='ocr_par' dir='ltr' id='par_1_26' title="bbox 70 2579 3247 2658">
     <span class='ocr_line' id='line_1_26' title="bbox 70 2579 3247 2658; baseline 0.003 -23"><span class='ocrx_word' id='word_1_381' title='bbox 70 2579 208 2645; x_wconf 64' lang='lat' dir='ltr'><strong>gratis</strong></span> <span class='ocrx_word' id='word_1_382' title='bbox 252 2580 479 2651; x_wconf 82' lang='lat' dir='ltr'><strong>gloriam</strong></span> <span class='ocrx_word' id='word_1_383' title='bbox 508 2585 857 2642; x_wconf 81' lang='lat' dir='ltr'><strong>credentibus</strong></span> <span class='ocrx_word' id='word_1_384' title='bbox 891 2586 1007 2658; x_wconf 83' lang='lat'><strong>(70)</strong></span> <span class='ocrx_word' id='word_1_385' title='bbox 1036 2599 1277 2656; x_wconf 69' lang='lat' dir='ltr'><strong>praestat.</strong></span> <span class='ocrx_word' id='word_1_386' title='bbox 1316 2607 1336 2643; x_wconf 74' lang='grc' dir='ltr'><strong>ι</strong></span> <span class='ocrx_word' id='word_1_387' title='bbox 1369 2591 1472 2647; x_wconf 88' lang='lat' dir='ltr'><strong>Per</strong></span> <span class='ocrx_word' id='word_1_388' title='bbox 1504 2607 1591 2649; x_wconf 84' lang='lat' dir='ltr'><strong>re-</strong></span> <span class='ocrx_word' id='word_1_389' title='bbox 1692 2603 1869 2643; x_wconf 82' lang='lat' dir='ltr'><strong>suam.</strong></span> <span class='ocrx_word' id='word_1_390' title='bbox 1905 2586 1961 2642; x_wconf 88' lang='lat' dir='ltr'><strong>In</strong></span> <span class='ocrx_word' id='word_1_391' title='bbox 1984 2589 2452 2643; x_wconf 85' lang='lat' dir='ltr'><strong>consummatione</strong></span> <span class='ocrx_word' id='word_1_392' title='bbox 2485 2588 2685 2642; x_wconf 88' lang='lat' dir='ltr'><strong>etenim</strong></span> <span class='ocrx_word' id='word_1_393' title='bbox 2715 2588 2923 2653; x_wconf 66' lang='lat' dir='ltr'><strong>saeculi,</strong></span> <span class='ocrx_word' id='word_1_394' title='bbox 2959 2589 3011 2641; x_wconf 86' lang='lat' dir='ltr'><strong>in</strong></span> <span class='ocrx_word' id='word_1_395' title='bbox 3062 2590 3247 2643; x_wconf 80' lang='lat' dir='ltr'><strong>novis—</strong></span> 
     </span>
    </p>
   </div>
   <div class='ocr_carea' id='block_1_27' title="bbox 71 2670 3248 2749">
    <p class='ocr_par' dir='ltr' id='par_1_27' title="bbox 71 2670 3248 2749">
     <span class='ocr_line' id='line_1_27' title="bbox 71 2670 3248 2749; baseline 0.004 -28"><span class='ocrx_word' id='word_1_396' title='bbox 71 2670 420 2740; x_wconf 85' lang='lat' dir='ltr'><strong>demptionem,</strong></span> <span class='ocrx_word' id='word_1_397' title='bbox 450 2674 649 2744; x_wconf 89' lang='lat' dir='ltr'><strong>inquit,</strong></span> <span class='ocrx_word' id='word_1_398' title='bbox 682 2694 802 2748; x_wconf 66' lang='lat' dir='ltr'><strong>quae</strong></span> <span class='ocrx_word' id='word_1_399' title='bbox 824 2689 905 2735; x_wconf 85' lang='lat' dir='ltr'><strong>est</strong></span> <span class='ocrx_word' id='word_1_400' title='bbox 936 2680 991 2734; x_wconf 92' lang='lat' dir='ltr'><strong>in</strong></span> <span class='ocrx_word' id='word_1_401' title='bbox 1026 2681 1243 2736; x_wconf 85' lang='lat' dir='ltr'><strong>Christo</strong></span> <span class='ocrx_word' id='word_1_402' title='bbox 1264 2681 1415 2739; x_wconf 68' lang='lat' dir='ltr'><strong>Iesu.</strong></span> <span class='ocrx_word' id='word_1_403' title='bbox 1446 2703 1467 2737; x_wconf 85' lang='lat' dir='ltr'><strong>s</strong></span> <span class='ocrx_word' id='word_1_404' title='bbox 1502 2684 1593 2739; x_wconf 77' lang='lat' dir='ltr'><strong>Vi-</strong></span> <span class='ocrx_word' id='word_1_405' title='bbox 1690 2682 1831 2735; x_wconf 89' lang='lat' dir='ltr'><strong>simo</strong></span> <span class='ocrx_word' id='word_1_406' title='bbox 1860 2690 2107 2749; x_wconf 89' lang='lat' dir='ltr'><strong>tempore</strong></span> <span class='ocrx_word' id='word_1_407' title='bbox 2137 2679 2499 2735; x_wconf 86' lang='lat' dir='ltr'><strong>manifestavit</strong></span> <span class='ocrx_word' id='word_1_408' title='bbox 2530 2678 2669 2732; x_wconf 88' lang='lat' dir='ltr'><strong>Deus</strong></span> <span class='ocrx_word' id='word_1_409' title='bbox 2694 2678 2961 2749; x_wconf 90' lang='lat' dir='ltr'><strong>justitiam</strong></span> <span class='ocrx_word' id='word_1_410' title='bbox 2992 2695 3166 2744; x_wconf 89' lang='lat' dir='ltr'><strong>suam,</strong></span> <span class='ocrx_word' id='word_1_411' title='bbox 3194 2688 3248 2734; x_wconf 88' lang='lat' dir='ltr'><strong>et</strong></span> 
     </span>
    </p>
   </div>
   <div class='ocr_carea' id='block_1_28' title="bbox 72 2759 3245 2843">
    <p class='ocr_par' dir='ltr' id='par_1_28' title="bbox 72 2759 3245 2843">
     <span class='ocr_line' id='line_1_28' title="bbox 72 2759 3245 2843; baseline 0.003 -31"><span class='ocrx_word' id='word_1_412' title='bbox 72 2759 257 2817; x_wconf 77' lang='lat' dir='ltr'><strong>dcamus</strong></span> <span class='ocrx_word' id='word_1_413' title='bbox 287 2765 557 2823; x_wconf 89' lang='lat' dir='ltr'><strong>attentius</strong></span> <span class='ocrx_word' id='word_1_414' title='bbox 582 2768 715 2835; x_wconf 89' lang='lat' dir='ltr'><strong>quid</strong></span> <span class='ocrx_word' id='word_1_415' title='bbox 742 2768 847 2823; x_wconf 88' lang='lat' dir='ltr'><strong>sibi</strong></span> <span class='ocrx_word' id='word_1_416' title='bbox 877 2771 1003 2826; x_wconf 92' lang='lat' dir='ltr'><strong>velit</strong></span> <span class='ocrx_word' id='word_1_417' title='bbox 1032 2772 1331 2839; x_wconf 84' lang='lat' dir='ltr'><strong>redemptio</strong></span> <span class='ocrx_word' id='word_1_418' title='bbox 1356 2789 1479 2843; x_wconf 70' lang='lat' dir='ltr'><strong>qua</strong></span> <span class='ocrx_word' id='word_1_419' title='bbox 1507 2786 1592 2831; x_wconf 86' lang='lat' dir='ltr'><strong>est</strong></span> <span class='ocrx_word' id='word_1_420' title='bbox 1700 2773 2130 2842; x_wconf 89' lang='lat' dir='ltr'><strong>redemptionem</strong></span> <span class='ocrx_word' id='word_1_421' title='bbox 2156 2772 2306 2825; x_wconf 90' lang='lat' dir='ltr'><strong>dedit</strong></span> <span class='ocrx_word' id='word_1_422' title='bbox 2335 2785 2457 2825; x_wconf 90' lang='lat' dir='ltr'><strong>eum</strong></span> <span class='ocrx_word' id='word_1_423' title='bbox 2479 2785 2637 2838; x_wconf 88' lang='lat' dir='ltr'><strong>quem</strong></span> <span class='ocrx_word' id='word_1_424' title='bbox 2665 2772 3069 2839; x_wconf 64' lang='lat' dir='ltr'><strong>projiitiatorem</strong></span> <span class='ocrx_word' id='word_1_425' title='bbox 3100 2771 3245 2825; x_wconf 87' lang='lat' dir='ltr'><strong>fecit:</strong></span> 
     </span>
    </p>
   </div>
   <div class='ocr_carea' id='block_1_29' title="bbox 74 2848 3247 2934">
    <p class='ocr_par' dir='ltr' id='par_1_29' title="bbox 74 2848 3247 2934">
     <span class='ocr_line' id='line_1_29' title="bbox 74 2848 3247 2934; baseline 0.004 -34"><span class='ocrx_word' id='word_1_426' title='bbox 74 2848 114 2900; x_wconf 84' lang='lat' dir='ltr'><strong>in</strong></span> <span class='ocrx_word' id='word_1_427' title='bbox 141 2850 339 2908; x_wconf 89' lang='lat' dir='ltr'><strong>Christo</strong></span> <span class='ocrx_word' id='word_1_428' title='bbox 380 2854 530 2911; x_wconf 82' lang='lat' dir='ltr'><strong>Jesu.</strong></span> <span class='ocrx_word' id='word_1_429' title='bbox 560 2856 878 2929; x_wconf 80' lang='lat' dir='ltr'><strong>Redemptio</strong></span> <span class='ocrx_word' id='word_1_430' title='bbox 925 2862 1124 2916; x_wconf 89' lang='lat' dir='ltr'><strong>dicitur</strong></span> <span class='ocrx_word' id='word_1_431' title='bbox 1178 2862 1232 2918; x_wconf 93' lang='lat' dir='ltr'><strong>id</strong></span> <span class='ocrx_word' id='word_1_432' title='bbox 1264 2865 1406 2932; x_wconf 90' lang='lat' dir='ltr'><strong>quod</strong></span> <span class='ocrx_word' id='word_1_433' title='bbox 1435 2866 1599 2921; x_wconf 86' lang='lat' dir='ltr'><strong>datur</strong></span> <span class='ocrx_word' id='word_1_434' title='bbox 1691 2880 1761 2920; x_wconf 92' lang='lat' dir='ltr'><strong>ne</strong></span> <span class='ocrx_word' id='word_1_435' title='bbox 1792 2864 1933 2918; x_wconf 88' lang='lat' dir='ltr'><strong>forte</strong></span> <span class='ocrx_word' id='word_1_436' title='bbox 1964 2864 2012 2919; x_wconf 90' lang='lat' dir='ltr'><strong>si</strong></span> <span class='ocrx_word' id='word_1_437' title='bbox 2040 2864 2192 2934; x_wconf 91' lang='lat' dir='ltr'><strong>prius</strong></span> <span class='ocrx_word' id='word_1_438' title='bbox 2230 2864 2638 2934; x_wconf 84' lang='lat' dir='ltr'><strong>propitiatoreiu</strong></span> <span class='ocrx_word' id='word_1_439' title='bbox 2680 2864 2954 2925; x_wconf 83' lang='lat' dir='ltr'><strong>misisset,</strong></span> <span class='ocrx_word' id='word_1_440' title='bbox 3001 2878 3103 2915; x_wconf 90' lang='lat' dir='ltr'><strong>non</strong></span> <span class='ocrx_word' id='word_1_441' title='bbox 3140 2873 3247 2914; x_wconf 84' lang='lat' dir='ltr'><strong>tam</strong></span> 
     </span>
    </p>
   </div>
   <div class='ocr_carea' id='block_1_30' title="bbox 74 2938 3247 3024">
    <p class='ocr_par' dir='ltr' id='par_1_30' title="bbox 74 2938 3247 3024">
     <span class='ocr_line' id='line_1_30' title="bbox 74 2938 3247 3024; baseline 0.003 -28"><span class='ocrx_word' id='word_1_442' title='bbox 74 2938 280 2998; x_wconf 80' lang='lat' dir='ltr'><strong>hostibus</strong></span> <span class='ocrx_word' id='word_1_443' title='bbox 314 2959 421 3013; x_wconf 87' lang='lat' dir='ltr'><strong>pro</strong></span> <span class='ocrx_word' id='word_1_444' title='bbox 464 2947 551 3002; x_wconf 89' lang='lat' dir='ltr'><strong>his</strong></span> <span class='ocrx_word' id='word_1_445' title='bbox 597 2963 735 3018; x_wconf 91' lang='lat' dir='ltr'><strong>quos</strong></span> <span class='ocrx_word' id='word_1_446' title='bbox 768 2949 821 3003; x_wconf 92' lang='lat' dir='ltr'><strong>in</strong></span> <span class='ocrx_word' id='word_1_447' title='bbox 866 2952 1185 3020; x_wconf 85' lang='lat' dir='ltr'><strong>captivitate</strong></span> <span class='ocrx_word' id='word_1_448' title='bbox 1217 2953 1499 3022; x_wconf 88' lang='lat' dir='ltr'><strong>detinent,</strong></span> <span class='ocrx_word' id='word_1_449' title='bbox 1536 2966 1598 3013; x_wconf 87' lang='lat' dir='ltr'><strong>ut</strong></span> <span class='ocrx_word' id='word_1_450' title='bbox 1692 2956 1894 3011; x_wconf 92' lang='lat' dir='ltr'><strong>multos</strong></span> <span class='ocrx_word' id='word_1_451' title='bbox 1923 2955 2141 3009; x_wconf 90' lang='lat' dir='ltr'><strong>humani</strong></span> <span class='ocrx_word' id='word_1_452' title='bbox 2166 2957 2381 3024; x_wconf 84' lang='lat' dir='ltr'><strong>generis</strong></span> <span class='ocrx_word' id='word_1_453' title='bbox 2408 2953 2813 3024; x_wconf 87' lang='lat' dir='ltr'><strong>repropitiasset</strong></span> <span class='ocrx_word' id='word_1_454' title='bbox 2840 2954 2973 3018; x_wconf 87' lang='lat' dir='ltr'><strong>Deo,</strong></span> <span class='ocrx_word' id='word_1_455' title='bbox 3005 2968 3167 3022; x_wconf 82' lang='lat' dir='ltr'><strong>quam</strong></span> <span class='ocrx_word' id='word_1_456' title='bbox 3194 2952 3247 3006; x_wconf 92' lang='lat' dir='ltr'><strong>iu</strong></span> 
     </span>
    </p>
   </div>
   <div class='ocr_carea' id='block_1_31' title="bbox 75 3038 3251 3120">
    <p class='ocr_par' dir='ltr' id='par_1_31' title="bbox 75 3038 3251 3120">
     <span class='ocr_line' id='line_1_31' title="bbox 75 3038 3251 3120; baseline 0.003 -32"><span class='ocrx_word' id='word_1_457' title='bbox 75 3049 147 3089; x_wconf 84' lang='lat' dir='ltr'><strong>cos</strong></span> <span class='ocrx_word' id='word_1_458' title='bbox 172 3038 449 3095; x_wconf 81' lang='lat' dir='ltr'><strong>restituant</strong></span> <span class='ocrx_word' id='word_1_459' title='bbox 499 3040 739 3109; x_wconf 79' lang='lat' dir='ltr'><strong>pristina:</strong></span> <span class='ocrx_word' id='word_1_460' title='bbox 772 3041 1035 3098; x_wconf 89' lang='lat' dir='ltr'><strong>libertati.</strong></span> <span class='ocrx_word' id='word_1_461' title='bbox 1083 3044 1440 3102; x_wconf 88' lang='lat' dir='ltr'><strong>Detinebatur</strong></span> <span class='ocrx_word' id='word_1_462' title='bbox 1465 3062 1596 3119; x_wconf 88' lang='lat' dir='ltr'><strong>ergo</strong></span> <span class='ocrx_word' id='word_1_463' title='bbox 1694 3048 1785 3104; x_wconf 89' lang='lat' dir='ltr'><strong>his</strong></span> <span class='ocrx_word' id='word_1_464' title='bbox 1822 3049 2154 3120; x_wconf 85' lang='lat' dir='ltr'><strong>temporibus</strong></span> <span class='ocrx_word' id='word_1_465' title='bbox 2185 3050 2383 3119; x_wconf 88' lang='lat' dir='ltr'><strong>quibus</strong></span> <span class='ocrx_word' id='word_1_466' title='bbox 2405 3048 2519 3119; x_wconf 87' lang='lat' dir='ltr'><strong>jam</strong></span> <span class='ocrx_word' id='word_1_467' title='bbox 2556 3047 2787 3102; x_wconf 90' lang='lat' dir='ltr'><strong>mundus</strong></span> <span class='ocrx_word' id='word_1_468' title='bbox 2831 3047 3066 3116; x_wconf 89' lang='lat' dir='ltr'><strong>repletus</strong></span> <span class='ocrx_word' id='word_1_469' title='bbox 3098 3045 3251 3099; x_wconf 88' lang='lat' dir='ltr'><strong>vide-</strong></span> 
     </span>
    </p>
   </div>
   <div class='ocr_carea' id='block_1_32' title="bbox 74 3127 3249 3243">
    <p class='ocr_par' dir='ltr' id='par_1_32' title="bbox 74 3127 3249 3243">
     <span class='ocr_line' id='line_1_32' title="bbox 74 3127 3249 3243; baseline 0.003 -62"><span class='ocrx_word' id='word_1_470' title='bbox 74 3127 184 3194; x_wconf 82' lang='lat' dir='ltr'><strong>apud</strong></span> <span class='ocrx_word' id='word_1_471' title='bbox 206 3128 313 3199; x_wconf 82' lang='lat' dir='ltr'><strong>(7i)</strong></span> <span class='ocrx_word' id='word_1_472' title='bbox 340 3132 527 3188; x_wconf 84' lang='lat' dir='ltr'><strong>hostes</strong></span> <span class='ocrx_word' id='word_1_473' title='bbox 561 3132 779 3187; x_wconf 85' lang='lat' dir='ltr'><strong>humani</strong></span> <span class='ocrx_word' id='word_1_474' title='bbox 825 3137 1041 3204; x_wconf 89' lang='lat' dir='ltr'><strong>generis</strong></span> <span class='ocrx_word' id='word_1_475' title='bbox 1065 3137 1344 3205; x_wconf 87' lang='lat' dir='ltr'><strong>captivitas</strong></span> <span class='ocrx_word' id='word_1_476' title='bbox 1374 3149 1596 3209; x_wconf 90' lang='lat' dir='ltr'><strong>peccato</strong></span> <span class='ocrx_word' id='word_1_477' title='bbox 1622 3183 1668 3243; x_wconf 58' lang='grc' dir='ltr'><strong><em>ε</em></strong></span> <span class='ocrx_word' id='word_1_478' title='bbox 1699 3150 1790 3195; x_wconf 92' lang='lat' dir='ltr'><strong>tur</strong></span> <span class='ocrx_word' id='word_1_479' title='bbox 1819 3141 2149 3197; x_wconf 89' lang='lat' dir='ltr'><strong>hominibus.</strong></span> <span class='ocrx_word' id='word_1_480' title='bbox 2194 3143 2335 3197; x_wconf 86' lang='lat' dir='ltr'><strong>Deus</strong></span> <span class='ocrx_word' id='word_1_481' title='bbox 2356 3142 2499 3197; x_wconf 90' lang='lat' dir='ltr'><strong>enim</strong></span> <span class='ocrx_word' id='word_1_482' title='bbox 2521 3142 2836 3243; x_wconf 47' lang='lat' dir='ltr'><strong>justusﬂest,</strong></span> <span class='ocrx_word' id='word_1_483' title='bbox 2863 3149 2921 3243; x_wconf 75' lang='lat' dir='ltr'><strong>et</strong></span> <span class='ocrx_word' id='word_1_484' title='bbox 2966 3137 3249 3243; x_wconf 78' lang='lat' dir='ltr'><strong>justusju-</strong></span> 
     </span>
    </p>
   </div>
   <div class='ocr_carea' id='block_1_33' title="bbox 75 3222 3249 3305">
    <p class='ocr_par' dir='ltr' id='par_1_33' title="bbox 75 3222 3249 3305">
     <span class='ocr_line' id='line_1_33' title="bbox 75 3222 3249 3305; baseline 0.004 -36"><span class='ocrx_word' id='word_1_485' title='bbox 75 3223 288 3289; x_wconf 80' lang='lat' dir='ltr'><strong>tauquam</strong></span> <span class='ocrx_word' id='word_1_486' title='bbox 320 3222 464 3278; x_wconf 90' lang='lat' dir='ltr'><strong>bello</strong></span> <span class='ocrx_word' id='word_1_487' title='bbox 495 3232 775 3293; x_wconf 90' lang='lat' dir='ltr'><strong>superata:</strong></span> <span class='ocrx_word' id='word_1_488' title='bbox 797 3226 945 3281; x_wconf 83' lang='lat' dir='ltr'><strong>venit</strong></span> <span class='ocrx_word' id='word_1_489' title='bbox 968 3226 1135 3283; x_wconf 81' lang='lat' dir='ltr'><strong>Filius</strong></span> <span class='ocrx_word' id='word_1_490' title='bbox 1153 3227 1247 3285; x_wconf 86' lang='lat' dir='ltr'><strong>Dei</strong></span> <span class='ocrx_word' id='word_1_491' title='bbox 1269 3247 1289 3281; x_wconf 76' lang='grc' dir='ltr'><strong>ι</strong></span> <span class='ocrx_word' id='word_1_492' title='bbox 1309 3232 1401 3301; x_wconf 91' lang='lat' dir='ltr'><strong>qui</strong></span> <span class='ocrx_word' id='word_1_493' title='bbox 1424 3230 1597 3287; x_wconf 88' lang='lat' dir='ltr'><strong>factus</strong></span> <span class='ocrx_word' id='word_1_494' title='bbox 1623 3222 1668 3243; x_wconf 76' lang='grc'><strong>“⁴’</strong></span> <span class='ocrx_word' id='word_1_495' title='bbox 1699 3234 1941 3290; x_wconf 86' lang='lat' dir='ltr'><strong>stificare</strong></span> <span class='ocrx_word' id='word_1_496' title='bbox 1984 3248 2090 3289; x_wconf 92' lang='lat' dir='ltr'><strong>non</strong></span> <span class='ocrx_word' id='word_1_497' title='bbox 2121 3241 2330 3303; x_wconf 86' lang='lat' dir='ltr'><strong>poterat</strong></span> <span class='ocrx_word' id='word_1_498' title='bbox 2364 3233 2595 3305; x_wconf 86' lang='lat' dir='ltr'><strong>injustos</strong></span> <span class='ocrx_word' id='word_1_499' title='bbox 2633 3232 2745 3304; x_wconf 85' lang='lat'><strong>(75)</strong></span> <span class='ocrx_word' id='word_1_500' title='bbox 2773 3249 2787 3286; x_wconf 89' lang='lat'><strong>:</strong></span> <span class='ocrx_word' id='word_1_501' title='bbox 2824 3231 2943 3286; x_wconf 91' lang='lat' dir='ltr'><strong>ideo</strong></span> <span class='ocrx_word' id='word_1_502' title='bbox 2974 3230 3249 3285; x_wconf 86' lang='lat' dir='ltr'><strong>interven-</strong></span> 
     </span>
    </p>
   </div>
   <div class='ocr_carea' id='block_1_34' title="bbox 75 3312 3251 3394">
    <p class='ocr_par' dir='ltr' id='par_1_34' title="bbox 75 3312 3251 3394">
     <span class='ocr_line' id='line_1_34' title="bbox 75 3312 3251 3394; baseline 0.005 -34"><span class='ocrx_word' id='word_1_503' title='bbox 75 3319 139 3362; x_wconf 81' lang='lat' dir='ltr'><strong>est</strong></span> <span class='ocrx_word' id='word_1_504' title='bbox 159 3312 298 3366; x_wconf 91' lang='lat' dir='ltr'><strong>nobis</strong></span> <span class='ocrx_word' id='word_1_505' title='bbox 322 3331 342 3365; x_wconf 84' lang='lat' dir='ltr'><strong>s</strong></span> <span class='ocrx_word' id='word_1_506' title='bbox 379 3329 487 3369; x_wconf 92' lang='lat' dir='ltr'><strong>non</strong></span> <span class='ocrx_word' id='word_1_507' title='bbox 523 3316 698 3369; x_wconf 88' lang='lat' dir='ltr'><strong>solum</strong></span> <span class='ocrx_word' id='word_1_508' title='bbox 726 3333 745 3368; x_wconf 71' lang='grc' dir='ltr'><strong>ι</strong></span> <span class='ocrx_word' id='word_1_509' title='bbox 780 3319 1047 3387; x_wconf 85' lang='lat' dir='ltr'><strong>sapientia</strong></span> <span class='ocrx_word' id='word_1_510' title='bbox 1071 3334 1101 3373; x_wconf 91' lang='lat' dir='ltr'><strong>a</strong></span> <span class='ocrx_word' id='word_1_511' title='bbox 1134 3319 1264 3386; x_wconf 89' lang='lat' dir='ltr'><strong>Deo,</strong></span> <span class='ocrx_word' id='word_1_512' title='bbox 1289 3331 1345 3378; x_wconf 91' lang='lat' dir='ltr'><strong>et</strong></span> <span class='ocrx_word' id='word_1_513' title='bbox 1360 3322 1596 3392; x_wconf 76' lang='lat' dir='ltr'><strong>iustitia,</strong></span> <span class='ocrx_word' id='word_1_514' title='bbox 1699 3334 1811 3381; x_wconf 92' lang='lat' dir='ltr'><strong>tum</strong></span> <span class='ocrx_word' id='word_1_515' title='bbox 1861 3324 2030 3380; x_wconf 91' lang='lat' dir='ltr'><strong>voluit</strong></span> <span class='ocrx_word' id='word_1_516' title='bbox 2072 3339 2193 3379; x_wconf 88' lang='lat' dir='ltr'><strong>esse</strong></span> <span class='ocrx_word' id='word_1_517' title='bbox 2243 3326 2637 3394; x_wconf 90' lang='lat' dir='ltr'><strong>propitiatoris,</strong></span> <span class='ocrx_word' id='word_1_518' title='bbox 2682 3333 2741 3379; x_wconf 92' lang='lat' dir='ltr'><strong>ut</strong></span> <span class='ocrx_word' id='word_1_519' title='bbox 2786 3337 2884 3392; x_wconf 92' lang='lat' dir='ltr'><strong>per</strong></span> <span class='ocrx_word' id='word_1_520' title='bbox 2929 3322 3049 3391; x_wconf 90' lang='lat' dir='ltr'><strong>ejus</strong></span> <span class='ocrx_word' id='word_1_521' title='bbox 3091 3321 3251 3375; x_wconf 84' lang='lat' dir='ltr'><strong>fidem</strong></span> 
     </span>
    </p>
   </div>
   <div class='ocr_carea' id='block_1_35' title="bbox 78 3402 3253 3487">
    <p class='ocr_par' dir='ltr' id='par_1_35' title="bbox 78 3402 3253 3487">
     <span class='ocr_line' id='line_1_35' title="bbox 78 3402 3253 3487; baseline 0.005 -36"><span class='ocrx_word' id='word_1_522' title='bbox 78 3410 116 3451; x_wconf 83' lang='lat' dir='ltr'><strong>el</strong></span> <span class='ocrx_word' id='word_1_523' title='bbox 142 3402 507 3470; x_wconf 79' lang='lat' dir='ltr'><strong>sanctificatio,</strong></span> <span class='ocrx_word' id='word_1_524' title='bbox 540 3425 560 3460; x_wconf 75' lang='grc' dir='ltr'><strong>ι</strong></span> <span class='ocrx_word' id='word_1_525' title='bbox 583 3408 678 3463; x_wconf 91' lang='lat' dir='ltr'><strong>sed</strong></span> <span class='ocrx_word' id='word_1_526' title='bbox 713 3426 733 3460; x_wconf 75' lang='grc' dir='ltr'><strong>ι</strong></span> <span class='ocrx_word' id='word_1_527' title='bbox 764 3418 821 3465; x_wconf 92' lang='lat' dir='ltr'><strong>et</strong></span> <span class='ocrx_word' id='word_1_528' title='bbox 846 3410 1146 3481; x_wconf 80' lang='lat' dir='ltr'><strong>redemptio</strong></span> <span class='ocrx_word' id='word_1_529' title='bbox 1173 3412 1221 3445; x_wconf 75' lang='lat'><strong><em>“</em></strong></span> <span class='ocrx_word' id='word_1_530' title='bbox 1243 3429 1257 3468; x_wconf 88' lang='lat'><strong>:</strong></span> <span class='ocrx_word' id='word_1_531' title='bbox 1280 3430 1299 3466; x_wconf 83' lang='lat' dir='ltr'><strong>s</strong></span> <span class='ocrx_word' id='word_1_532' title='bbox 1328 3422 1384 3468; x_wconf 90' lang='lat' dir='ltr'><strong>et</strong></span> <span class='ocrx_word' id='word_1_533' title='bbox 1403 3425 1598 3479; x_wconf 79' lang='lat' dir='ltr'><strong>seniet-</strong></span> <span class='ocrx_word' id='word_1_534' title='bbox 1696 3414 2130 3483; x_wconf 84' lang='lat' dir='ltr'><strong>justifiearentur</strong></span> <span class='ocrx_word' id='word_1_535' title='bbox 2154 3415 2245 3485; x_wconf 93' lang='lat' dir='ltr'><strong>qui</strong></span> <span class='ocrx_word' id='word_1_536' title='bbox 2278 3429 2375 3484; x_wconf 90' lang='lat' dir='ltr'><strong>per</strong></span> <span class='ocrx_word' id='word_1_537' title='bbox 2402 3430 2566 3487; x_wconf 81' lang='lat' dir='ltr'><strong>Opera</strong></span> <span class='ocrx_word' id='word_1_538' title='bbox 2596 3414 2813 3485; x_wconf 89' lang='lat' dir='ltr'><strong>propria</strong></span> <span class='ocrx_word' id='word_1_539' title='bbox 2837 3412 3121 3482; x_wconf 87' lang='lat' dir='ltr'><strong>justilicari</strong></span> <span class='ocrx_word' id='word_1_540' title='bbox 3146 3427 3253 3467; x_wconf 91' lang='lat' dir='ltr'><strong>non</strong></span> 
     </span>
    </p>
   </div>
   <div class='ocr_carea' id='block_1_36' title="bbox 77 3488 3254 3578">
    <p class='ocr_par' dir='ltr' id='par_1_36' title="bbox 77 3488 3254 3578">
     <span class='ocr_line' id='line_1_36' title="bbox 77 3488 3254 3578; baseline 0.005 -34"><span class='ocrx_word' id='word_1_541' title='bbox 77 3488 213 3558; x_wconf 81' lang='lat' dir='ltr'><strong>ipsum</strong></span> <span class='ocrx_word' id='word_1_542' title='bbox 263 3496 410 3550; x_wconf 91' lang='lat' dir='ltr'><strong>dedit</strong></span> <span class='ocrx_word' id='word_1_543' title='bbox 463 3497 923 3569; x_wconf 85' lang='lat' dir='ltr'><strong>redemptionem,</strong></span> <span class='ocrx_word' id='word_1_544' title='bbox 990 3503 1043 3557; x_wconf 92' lang='lat' dir='ltr'><strong>id</strong></span> <span class='ocrx_word' id='word_1_545' title='bbox 1115 3512 1196 3559; x_wconf 92' lang='lat' dir='ltr'><strong>est</strong></span> <span class='ocrx_word' id='word_1_546' title='bbox 1250 3506 1596 3576; x_wconf 84' lang='lat' dir='ltr'><strong>semetipsum</strong></span> <span class='ocrx_word' id='word_1_547' title='bbox 1698 3516 1976 3578; x_wconf 89' lang='lat' dir='ltr'><strong>poterant.</strong></span> <span class='ocrx_word' id='word_1_548' title='bbox 2003 3505 2150 3575; x_wconf 68' lang='lat' dir='ltr'><strong>Haec,</strong></span> <span class='ocrx_word' id='word_1_549' title='bbox 2182 3509 2532 3578; x_wconf 86' lang='lat' dir='ltr'><strong>quantumad</strong></span> <span class='ocrx_word' id='word_1_550' title='bbox 2562 3508 2829 3563; x_wconf 89' lang='lat' dir='ltr'><strong>sermonis</strong></span> <span class='ocrx_word' id='word_1_551' title='bbox 2873 3507 3041 3577; x_wconf 90' lang='lat' dir='ltr'><strong>ipsius</strong></span> <span class='ocrx_word' id='word_1_552' title='bbox 3067 3506 3254 3576; x_wconf 84' lang='lat' dir='ltr'><strong>expla-</strong></span> 
     </span>
    </p>
   </div>
   <div class='ocr_carea' id='block_1_37' title="bbox 78 3580 3253 3669">
    <p class='ocr_par' dir='ltr' id='par_1_37' title="bbox 78 3580 3253 3669">
     <span class='ocr_line' id='line_1_37' title="bbox 78 3580 3253 3669; baseline 0.006 -35"><span class='ocrx_word' id='word_1_553' title='bbox 78 3580 283 3640; x_wconf 73' lang='lat' dir='ltr'><strong>liostibus</strong></span> <span class='ocrx_word' id='word_1_554' title='bbox 316 3588 558 3653; x_wconf 84' lang='lat' dir='ltr'><strong>tradidit,</strong></span> <span class='ocrx_word' id='word_1_555' title='bbox 612 3605 677 3645; x_wconf 92' lang='lat' dir='ltr'><strong>ac</strong></span> <span class='ocrx_word' id='word_1_556' title='bbox 708 3592 1015 3648; x_wconf 87' lang='lat' dir='ltr'><strong>sitientibus</strong></span> <span class='ocrx_word' id='word_1_557' title='bbox 1058 3594 1139 3648; x_wconf 89' lang='lat' dir='ltr'><strong>eis</strong></span> <span class='ocrx_word' id='word_1_558' title='bbox 1189 3608 1345 3649; x_wconf 87' lang='lat' dir='ltr'><strong>suum</strong></span> <span class='ocrx_word' id='word_1_559' title='bbox 1385 3598 1600 3666; x_wconf 88' lang='lat' dir='ltr'><strong>sangui-</strong></span> <span class='ocrx_word' id='word_1_560' title='bbox 1699 3598 1973 3654; x_wconf 89' lang='lat' dir='ltr'><strong>nationem</strong></span> <span class='ocrx_word' id='word_1_561' title='bbox 2008 3609 2283 3669; x_wconf 76' lang='lat' dir='ltr'><strong>Spectant,</strong></span> <span class='ocrx_word' id='word_1_562' title='bbox 2338 3599 2616 3669; x_wconf 72' lang='lat' dir='ltr'><strong>prmmissa</strong></span> <span class='ocrx_word' id='word_1_563' title='bbox 2668 3597 2797 3661; x_wconf 90' lang='lat' dir='ltr'><strong>sint,</strong></span> <span class='ocrx_word' id='word_1_564' title='bbox 2852 3607 2910 3653; x_wconf 89' lang='lat' dir='ltr'><strong>ut</strong></span> <span class='ocrx_word' id='word_1_565' title='bbox 2960 3598 3253 3666; x_wconf 89' lang='lat' dir='ltr'><strong>apostolica</strong></span> 
     </span>
    </p>
   </div>
   <div class='ocr_carea' id='block_1_38' title="bbox 79 3675 3257 3757">
    <p class='ocr_par' dir='ltr' id='par_1_38' title="bbox 79 3675 3257 3757">
     <span class='ocr_line' id='line_1_38' title="bbox 79 3675 3257 3757; baseline 0.002 -28"><span class='ocrx_word' id='word_1_566' title='bbox 79 3687 173 3727; x_wconf 74' lang='lat' dir='ltr'><strong>nem</strong></span> <span class='ocrx_word' id='word_1_567' title='bbox 198 3675 328 3734; x_wconf 87' lang='lat' dir='ltr'><strong>fudit</strong></span> <span class='ocrx_word' id='word_1_568' title='bbox 354 3694 371 3733; x_wconf 90' lang='lat'><strong>:</strong></span> <span class='ocrx_word' id='word_1_569' title='bbox 408 3690 465 3733; x_wconf 88' lang='lat' dir='ltr'><strong>et</strong></span> <span class='ocrx_word' id='word_1_570' title='bbox 487 3680 601 3737; x_wconf 71' lang='lat' dir='ltr'><strong>haec</strong></span> <span class='ocrx_word' id='word_1_571' title='bbox 623 3693 706 3738; x_wconf 85' lang='lat' dir='ltr'><strong>est</strong></span> <span class='ocrx_word' id='word_1_572' title='bbox 729 3684 1080 3741; x_wconf 90' lang='lat' dir='ltr'><strong>credentibus</strong></span> <span class='ocrx_word' id='word_1_573' title='bbox 1108 3686 1250 3740; x_wconf 85' lang='lat' dir='ltr'><strong>facta</strong></span> <span class='ocrx_word' id='word_1_574' title='bbox 1281 3688 1597 3757; x_wconf 88' lang='lat' dir='ltr'><strong>redemptio,</strong></span> <span class='ocrx_word' id='word_1_575' title='bbox 1701 3687 1865 3742; x_wconf 90' lang='lat' dir='ltr'><strong>lectio</strong></span> <span class='ocrx_word' id='word_1_576' title='bbox 1888 3687 2192 3742; x_wconf 87' lang='lat' dir='ltr'><strong>evidentior</strong></span> <span class='ocrx_word' id='word_1_577' title='bbox 2236 3686 2349 3743; x_wconf 83' lang='lat' dir='ltr'><strong>fiat.</strong></span> <span class='ocrx_word' id='word_1_578' title='bbox 2377 3686 2535 3740; x_wconf 81' lang='lat' dir='ltr'><strong>Nunc</strong></span> <span class='ocrx_word' id='word_1_579' title='bbox 2562 3693 2767 3749; x_wconf 90' lang='lat' dir='ltr'><strong>autem,</strong></span> <span class='ocrx_word' id='word_1_580' title='bbox 2797 3693 2855 3738; x_wconf 94' lang='lat' dir='ltr'><strong>ut</strong></span> <span class='ocrx_word' id='word_1_581' title='bbox 2890 3684 3047 3739; x_wconf 89' lang='lat' dir='ltr'><strong>nobis</strong></span> <span class='ocrx_word' id='word_1_582' title='bbox 3087 3683 3257 3737; x_wconf 89' lang='lat' dir='ltr'><strong>moris</strong></span> 
     </span>
    </p>
   </div>
   <div class='ocr_carea' id='block_1_39' title="bbox 79 3768 3257 3849">
    <p class='ocr_par' dir='ltr' id='par_1_39' title="bbox 79 3768 3257 3849">
     <span class='ocr_line' id='line_1_39' title="bbox 79 3768 3257 3849; baseline 0.003 -32"><span class='ocrx_word' id='word_1_583' title='bbox 79 3768 189 3820; x_wconf 84' lang='lat' dir='ltr'><strong>sicut</strong></span> <span class='ocrx_word' id='word_1_584' title='bbox 230 3778 282 3824; x_wconf 89' lang='lat' dir='ltr'><strong>et</strong></span> <span class='ocrx_word' id='word_1_585' title='bbox 318 3770 514 3829; x_wconf 82' lang='lat' dir='ltr'><strong>Petrus</strong></span> <span class='ocrx_word' id='word_1_586' title='bbox 562 3772 617 3828; x_wconf 91' lang='lat' dir='ltr'><strong>in</strong></span> <span class='ocrx_word' id='word_1_587' title='bbox 672 3774 914 3845; x_wconf 85' lang='lat' dir='ltr'><strong>Epistola</strong></span> <span class='ocrx_word' id='word_1_588' title='bbox 957 3791 1057 3832; x_wconf 89' lang='lat' dir='ltr'><strong>sua</strong></span> <span class='ocrx_word' id='word_1_589' title='bbox 1107 3778 1333 3846; x_wconf 88' lang='lat' dir='ltr'><strong>scribit,</strong></span> <span class='ocrx_word' id='word_1_590' title='bbox 1362 3780 1549 3836; x_wconf 86' lang='lat' dir='ltr'><strong>dicens</strong></span> <span class='ocrx_word' id='word_1_591' title='bbox 1580 3797 1594 3833; x_wconf 90' lang='lat'><strong>:</strong></span> <span class='ocrx_word' id='word_1_592' title='bbox 1700 3788 1807 3845; x_wconf 89' lang='lat' dir='ltr'><strong>est,</strong></span> <span class='ocrx_word' id='word_1_593' title='bbox 1842 3778 1971 3849; x_wconf 89' lang='lat' dir='ltr'><strong>quid</strong></span> <span class='ocrx_word' id='word_1_594' title='bbox 2001 3778 2225 3832; x_wconf 90' lang='lat' dir='ltr'><strong>interior</strong></span> <span class='ocrx_word' id='word_1_595' title='bbox 2250 3790 2443 3831; x_wconf 90' lang='lat' dir='ltr'><strong>sensus</strong></span> <span class='ocrx_word' id='word_1_596' title='bbox 2480 3776 2759 3846; x_wconf 90' lang='lat' dir='ltr'><strong>apostolici</strong></span> <span class='ocrx_word' id='word_1_597' title='bbox 2784 3775 3051 3830; x_wconf 91' lang='lat' dir='ltr'><strong>sermonis</strong></span> <span class='ocrx_word' id='word_1_598' title='bbox 3080 3773 3257 3827; x_wconf 80' lang='lat' dir='ltr'><strong>conti-</strong></span> 
     </span>
    </p>
   </div>
   <div class='ocr_carea' id='block_1_40' title="bbox 84 3856 3255 3961">
    <p class='ocr_par' dir='ltr' id='par_1_40' title="bbox 84 3856 3255 3961">
     <span class='ocr_line' id='line_1_40' title="bbox 84 3856 3255 3961; baseline 0.002 -49"><span class='ocrx_word' id='word_1_599' title='bbox 84 3872 103 3905; x_wconf 74' lang='grc' dir='ltr'><strong>ι</strong></span> <span class='ocrx_word' id='word_1_600' title='bbox 124 3856 241 3924; x_wconf 85' lang='lat' dir='ltr'><strong>Quia</strong></span> <span class='ocrx_word' id='word_1_601' title='bbox 275 3876 384 3918; x_wconf 90' lang='lat' dir='ltr'><strong>non</strong></span> <span class='ocrx_word' id='word_1_602' title='bbox 424 3866 766 3952; x_wconf 72' lang='lat' dir='ltr'><strong>corruptibili</strong></span> <span class='ocrx_word' id='word_1_603' title='bbox 795 3876 1023 3938; x_wconf 88' lang='lat' dir='ltr'><strong>argento</strong></span> <span class='ocrx_word' id='word_1_604' title='bbox 1050 3868 1133 3923; x_wconf 84' lang='lat' dir='ltr'><strong>vel</strong></span> <span class='ocrx_word' id='word_1_605' title='bbox 1171 3884 1307 3924; x_wconf 90' lang='lat' dir='ltr'><strong>auro</strong></span> <span class='ocrx_word' id='word_1_606' title='bbox 1339 3870 1600 3941; x_wconf 89' lang='lat' dir='ltr'><strong>redempti</strong></span> <span class='ocrx_word' id='word_1_607' title='bbox 1700 3867 2182 3938; x_wconf 85' lang='lat' dir='ltr'><strong>neatrequiramus</strong></span> <span class='ocrx_word' id='word_1_608' title='bbox 2203 3876 2290 3933; x_wconf 89' lang='lat' dir='ltr'><strong>;et</strong></span> <span class='ocrx_word' id='word_1_609' title='bbox 2306 3868 2481 3937; x_wconf 90' lang='lat' dir='ltr'><strong>primo</strong></span> <span class='ocrx_word' id='word_1_610' title='bbox 2500 3868 2740 3922; x_wconf 90' lang='lat' dir='ltr'><strong>omnium</strong></span> <span class='ocrx_word' id='word_1_611' title='bbox 2764 3866 3035 3961; x_wconf 79' lang='lat' dir='ltr'><strong>quomodo</strong></span> <span class='ocrx_word' id='word_1_612' title='bbox 3049 3864 3255 3961; x_wconf 79' lang='lat' dir='ltr'><strong>dictum</strong></span> 
     </span>
    </p>
   </div>
   <div class='ocr_carea' id='block_1_41' title="bbox 80 3936 3257 4029">
    <p class='ocr_par' dir='ltr' id='par_1_41' title="bbox 80 3936 3257 4029">
     <span class='ocr_line' id='line_1_41' title="bbox 80 3936 3257 4029; baseline 0 -27"><span class='ocrx_word' id='word_1_613' title='bbox 80 3953 199 4013; x_wconf 78' lang='lat' dir='ltr'><strong>estis,</strong></span> <span class='ocrx_word' id='word_1_614' title='bbox 224 3955 314 4008; x_wconf 86' lang='lat' dir='ltr'><strong>sed</strong></span> <span class='ocrx_word' id='word_1_615' title='bbox 344 3956 588 4024; x_wconf 90' lang='lat' dir='ltr'><strong>pretioso</strong></span> <span class='ocrx_word' id='word_1_616' title='bbox 624 3936 887 4029; x_wconf 74' lang='lat' dir='ltr'><strong>sanguine</strong></span> <span class='ocrx_word' id='word_1_617' title='bbox 910 3960 1174 4028; x_wconf 89' lang='lat' dir='ltr'><strong>unigeniti</strong></span> <span class='ocrx_word' id='word_1_618' title='bbox 1197 3959 1319 4016; x_wconf 84' lang='lat' dir='ltr'><strong>Filii</strong></span> <span class='ocrx_word' id='word_1_619' title='bbox 1346 3962 1438 4017; x_wconf 87' lang='lat' dir='ltr'><strong>Dei</strong></span> <span class='ocrx_word' id='word_1_620' title='bbox 1466 3936 1541 4017; x_wconf 45' lang='grc' dir='ltr'><strong>ἰζ</strong></span> <span class='ocrx_word' id='word_1_621' title='bbox 1576 3981 1597 4016; x_wconf 83' lang='lat' dir='ltr'><strong>s</strong></span> <span class='ocrx_word' id='word_1_622' title='bbox 1702 3959 1815 4014; x_wconf 89' lang='lat' dir='ltr'><strong>sit:</strong></span> <span class='ocrx_word' id='word_1_623' title='bbox 1845 3975 1865 4009; x_wconf 76' lang='grc' dir='ltr'><strong>ι</strong></span> <span class='ocrx_word' id='word_1_624' title='bbox 1899 3936 2073 4024; x_wconf 84' lang='lat' dir='ltr'><strong>Quem</strong></span> <span class='ocrx_word' id='word_1_625' title='bbox 2100 3936 2380 4028; x_wconf 89' lang='lat' dir='ltr'><strong>proposuit</strong></span> <span class='ocrx_word' id='word_1_626' title='bbox 2431 3956 2577 4010; x_wconf 88' lang='lat' dir='ltr'><strong>Deus</strong></span> <span class='ocrx_word' id='word_1_627' title='bbox 2626 3953 3059 4022; x_wconf 88' lang='lat' dir='ltr'><strong>pr0pitiatorium</strong></span> <span class='ocrx_word' id='word_1_628' title='bbox 3117 3951 3257 4018; x_wconf 87' lang='lat' dir='ltr'><strong>(sive</strong></span> 
     </span>
    </p>
   </div>
   <div class='ocr_carea' id='block_1_42' title="bbox 81 4035 3257 4124">
    <p class='ocr_par' dir='ltr' id='par_1_42' title="bbox 81 4035 3257 4124">
     <span class='ocr_line' id='line_1_42' title="bbox 81 4035 3257 4124; baseline -0.001 -30"><span class='ocrx_word' id='word_1_629' title='bbox 81 4035 167 4095; x_wconf 82' lang='lat' dir='ltr'><strong>Hoc</strong></span> <span class='ocrx_word' id='word_1_630' title='bbox 190 4040 432 4101; x_wconf 83' lang='lat' dir='ltr'><strong>fortassis</strong></span> <span class='ocrx_word' id='word_1_631' title='bbox 467 4055 524 4101; x_wconf 93' lang='lat' dir='ltr'><strong>et</strong></span> <span class='ocrx_word' id='word_1_632' title='bbox 545 4047 797 4104; x_wconf 86' lang='lat' dir='ltr'><strong>Salomon</strong></span> <span class='ocrx_word' id='word_1_633' title='bbox 838 4051 941 4105; x_wconf 91' lang='lat' dir='ltr'><strong>sub</strong></span> <span class='ocrx_word' id='word_1_634' title='bbox 972 4053 1228 4122; x_wconf 84' lang='lat' dir='ltr'><strong>mysterio</strong></span> <span class='ocrx_word' id='word_1_635' title='bbox 1261 4054 1599 4124; x_wconf 83' lang='lat' dir='ltr'><strong>designabat,</strong></span> <span class='ocrx_word' id='word_1_636' title='bbox 1709 4047 2139 4119; x_wconf 85' lang='lat' dir='ltr'><strong>propitiatorem)</strong></span> <span class='ocrx_word' id='word_1_637' title='bbox 2176 4061 2269 4116; x_wconf 88' lang='lat' dir='ltr'><strong>per</strong></span> <span class='ocrx_word' id='word_1_638' title='bbox 2308 4046 2468 4101; x_wconf 85' lang='lat' dir='ltr'><strong>fidem</strong></span> <span class='ocrx_word' id='word_1_639' title='bbox 2510 4046 2564 4100; x_wconf 90' lang='lat' dir='ltr'><strong>in</strong></span> <span class='ocrx_word' id='word_1_640' title='bbox 2616 4044 2877 4114; x_wconf 89' lang='lat' dir='ltr'><strong>sanguine</strong></span> <span class='ocrx_word' id='word_1_641' title='bbox 2902 4042 3039 4111; x_wconf 88' lang='lat' dir='ltr'><strong>ejus.</strong></span> <span class='ocrx_word' id='word_1_642' title='bbox 3073 4059 3092 4093; x_wconf 82' lang='lat' dir='ltr'><strong>s</strong></span> <span class='ocrx_word' id='word_1_643' title='bbox 3124 4040 3257 4096; x_wconf 89' lang='lat' dir='ltr'><strong>Cer-</strong></span> 
     </span>
    </p>
   </div>
   <div class='ocr_carea' id='block_1_43' title="bbox 82 4129 3258 4213">
    <p class='ocr_par' dir='ltr' id='par_1_43' title="bbox 82 4129 3258 4213">
     <span class='ocr_line' id='line_1_43' title="bbox 82 4129 3258 4213; baseline 0.001 -31"><span class='ocrx_word' id='word_1_644' title='bbox 82 4129 270 4188; x_wconf 87' lang='lat' dir='ltr'><strong>dicens:</strong></span> <span class='ocrx_word' id='word_1_645' title='bbox 316 4153 336 4188; x_wconf 82' lang='grc' dir='ltr'><strong>ι</strong></span> <span class='ocrx_word' id='word_1_646' title='bbox 394 4135 717 4209; x_wconf 68' lang='lat' dir='ltr'><strong>Redemptio</strong></span> <span class='ocrx_word' id='word_1_647' title='bbox 768 4141 968 4197; x_wconf 85' lang='lat' dir='ltr'><strong>animae</strong></span> <span class='ocrx_word' id='word_1_648' title='bbox 995 4142 1101 4197; x_wconf 91' lang='lat' dir='ltr'><strong>viri</strong></span> <span class='ocrx_word' id='word_1_649' title='bbox 1140 4143 1371 4213; x_wconf 71' lang='lat' dir='ltr'><strong>propriae</strong></span> <span class='ocrx_word' id='word_1_650' title='bbox 1400 4146 1603 4202; x_wconf 66' lang='lat' dir='ltr'><strong>divitia</strong></span> <span class='ocrx_word' id='word_1_651' title='bbox 1704 4152 1815 4195; x_wconf 85' lang='lat' dir='ltr'><strong>tum</strong></span> <span class='ocrx_word' id='word_1_652' title='bbox 1843 4139 2002 4195; x_wconf 87' lang='lat' dir='ltr'><strong>estin</strong></span> <span class='ocrx_word' id='word_1_653' title='bbox 2030 4138 2284 4194; x_wconf 91' lang='lat' dir='ltr'><strong>omnibus</strong></span> <span class='ocrx_word' id='word_1_654' title='bbox 2314 4144 2452 4209; x_wconf 85' lang='lat' dir='ltr'><strong>pene</strong></span> <span class='ocrx_word' id='word_1_655' title='bbox 2483 4136 2618 4192; x_wconf 89' lang='lat' dir='ltr'><strong>locis</strong></span> <span class='ocrx_word' id='word_1_656' title='bbox 2647 4133 2892 4205; x_wconf 79' lang='lat' dir='ltr'><strong>Apostoli</strong></span> <span class='ocrx_word' id='word_1_657' title='bbox 2939 4147 3156 4189; x_wconf 87' lang='lat' dir='ltr'><strong>sensum</strong></span> <span class='ocrx_word' id='word_1_658' title='bbox 3186 4144 3258 4185; x_wconf 84' lang='lat' dir='ltr'><strong>ex</strong></span> 
     </span>
    </p>
   </div>
   <div class='ocr_carea' id='block_1_44' title="bbox 82 4220 3259 4307">
    <p class='ocr_par' dir='ltr' id='par_1_44' title="bbox 82 4220 3259 4307">
     <span class='ocr_line' id='line_1_44' title="bbox 82 4220 3259 4307; baseline -0.002 -22"><span class='ocrx_word' id='word_1_659' title='bbox 82 4220 173 4307; x_wconf 49' lang='lat' dir='ltr'><strong>tius</strong></span> <span class='ocrx_word' id='word_1_660' title='bbox 192 4224 255 4281; x_wconf 81' lang='lat'><strong>&quot;.</strong></span> <span class='ocrx_word' id='word_1_661' title='bbox 287 4246 306 4281; x_wconf 86' lang='lat' dir='ltr'><strong>s</strong></span> <span class='ocrx_word' id='word_1_662' title='bbox 333 4226 391 4282; x_wconf 87' lang='lat' dir='ltr'><strong>Si</strong></span> <span class='ocrx_word' id='word_1_663' title='bbox 421 4229 564 4283; x_wconf 90' lang='lat' dir='ltr'><strong>enim</strong></span> <span class='ocrx_word' id='word_1_664' title='bbox 592 4233 836 4301; x_wconf 89' lang='lat' dir='ltr'><strong>requiras</strong></span> <span class='ocrx_word' id='word_1_665' title='bbox 856 4249 977 4303; x_wconf 69' lang='lat' dir='ltr'><strong>qua:</strong></span> <span class='ocrx_word' id='word_1_666' title='bbox 999 4235 1109 4289; x_wconf 88' lang='lat' dir='ltr'><strong>sint</strong></span> <span class='ocrx_word' id='word_1_667' title='bbox 1142 4236 1339 4292; x_wconf 66' lang='lat' dir='ltr'><strong>animm</strong></span> <span class='ocrx_word' id='word_1_668' title='bbox 1369 4237 1603 4307; x_wconf 56' lang='lat' dir='ltr'><strong>propria».</strong></span> <span class='ocrx_word' id='word_1_669' title='bbox 1704 4236 1841 4306; x_wconf 88' lang='lat' dir='ltr'><strong>legis</strong></span> <span class='ocrx_word' id='word_1_670' title='bbox 1867 4244 1924 4290; x_wconf 85' lang='lat' dir='ltr'><strong>et</strong></span> <span class='ocrx_word' id='word_1_671' title='bbox 1976 4232 2367 4306; x_wconf 82' lang='lat' dir='ltr'><strong>prophetarum</strong></span> <span class='ocrx_word' id='word_1_672' title='bbox 2400 4244 2625 4286; x_wconf 88' lang='lat' dir='ltr'><strong>manare</strong></span> <span class='ocrx_word' id='word_1_673' title='bbox 2669 4229 2961 4285; x_wconf 83' lang='lat' dir='ltr'><strong>thesauris.</strong></span> <span class='ocrx_word' id='word_1_674' title='bbox 3011 4226 3259 4296; x_wconf 68' lang='lat' dir='ltr'><strong>lnqnira~</strong></span> 
     </span>
    </p>
   </div>
   <div class='ocr_carea' id='block_1_45' title="bbox 81 4306 3255 4398">
    <p class='ocr_par' dir='ltr' id='par_1_45' title="bbox 81 4306 3255 4398">
     <span class='ocr_line' id='line_1_45' title="bbox 81 4306 3255 4398; baseline 0.004 -40"><span class='ocrx_word' id='word_1_675' title='bbox 81 4306 269 4377; x_wconf 70' lang='lat' dir='ltr'><strong>divitiae.</strong></span> <span class='ocrx_word' id='word_1_676' title='bbox 299 4316 545 4373; x_wconf 86' lang='lat' dir='ltr'><strong>invenies</strong></span> <span class='ocrx_word' id='word_1_677' title='bbox 574 4316 894 4391; x_wconf 87' lang='lat' dir='ltr'><strong>sapientiam</strong></span> <span class='ocrx_word' id='word_1_678' title='bbox 924 4323 1142 4379; x_wconf 88' lang='lat' dir='ltr'><strong>divitias</strong></span> <span class='ocrx_word' id='word_1_679' title='bbox 1193 4326 1312 4397; x_wconf 91' lang='lat' dir='ltr'><strong>ejus</strong></span> <span class='ocrx_word' id='word_1_680' title='bbox 1352 4306 1496 4392; x_wconf 76' lang='lat' dir='ltr'><strong>esse,</strong></span> <span class='ocrx_word' id='word_1_681' title='bbox 1547 4336 1603 4383; x_wconf 91' lang='lat' dir='ltr'><strong>et</strong></span> <span class='ocrx_word' id='word_1_682' title='bbox 1704 4342 1826 4384; x_wconf 89' lang='lat' dir='ltr'><strong>mus</strong></span> <span class='ocrx_word' id='word_1_683' title='bbox 1846 4341 1979 4398; x_wconf 88' lang='lat' dir='ltr'><strong>ergo</strong></span> <span class='ocrx_word' id='word_1_684' title='bbox 2010 4325 2100 4381; x_wconf 92' lang='lat' dir='ltr'><strong>ubi</strong></span> <span class='ocrx_word' id='word_1_685' title='bbox 2129 4323 2543 4393; x_wconf 88' lang='lat' dir='ltr'><strong>appellationem</strong></span> <span class='ocrx_word' id='word_1_686' title='bbox 2568 4320 2935 4394; x_wconf 84' lang='lat' dir='ltr'><strong>prepitiatorii</strong></span> <span class='ocrx_word' id='word_1_687' title='bbox 2961 4318 3255 4382; x_wconf 88' lang='lat' dir='ltr'><strong>invenerit,</strong></span> 
     </span>
    </p>
   </div>
   <div class='ocr_carea' id='block_1_46' title="bbox 78 4399 3262 4492">
    <p class='ocr_par' dir='ltr' id='par_1_46' title="bbox 78 4399 3262 4492">
     <span class='ocr_line' id='line_1_46' title="bbox 78 4399 3262 4492; baseline 0.004 -39"><span class='ocrx_word' id='word_1_688' title='bbox 78 4399 325 4492; x_wconf 67' lang='lat' dir='ltr'><strong>justitiam,</strong></span> <span class='ocrx_word' id='word_1_689' title='bbox 342 4420 403 4463; x_wconf 89' lang='lat' dir='ltr'><strong>et</strong></span> <span class='ocrx_word' id='word_1_690' title='bbox 422 4411 1071 4472; x_wconf 69' lang='lat' dir='ltr'><strong>sanctificationetuJiaec</strong></span> <span class='ocrx_word' id='word_1_691' title='bbox 1089 4427 1267 4472; x_wconf 91' lang='lat' dir='ltr'><strong>autem</strong></span> <span class='ocrx_word' id='word_1_692' title='bbox 1291 4418 1601 4492; x_wconf 76' lang='lat' dir='ltr'><strong>omnia(72)</strong></span> <span class='ocrx_word' id='word_1_693' title='bbox 1706 4427 1758 4475; x_wconf 89' lang='lat' dir='ltr'><strong>et</strong></span> <span class='ocrx_word' id='word_1_694' title='bbox 1785 4418 1930 4474; x_wconf 90' lang='lat' dir='ltr'><strong>unde</strong></span> <span class='ocrx_word' id='word_1_695' title='bbox 1958 4417 2062 4473; x_wconf 82' lang='lat' dir='ltr'><strong>hoc.</strong></span> <span class='ocrx_word' id='word_1_696' title='bbox 2090 4431 2285 4472; x_wconf 88' lang='lat' dir='ltr'><strong>nomen</strong></span> <span class='ocrx_word' id='word_1_697' title='bbox 2308 4416 2685 4484; x_wconf 77' lang='lat' dir='ltr'><strong>assumpserit.</strong></span> <span class='ocrx_word' id='word_1_698' title='bbox 2739 4412 2960 4469; x_wconf 83' lang='lat' dir='ltr'><strong>Memini</strong></span> <span class='ocrx_word' id='word_1_699' title='bbox 2987 4412 3041 4467; x_wconf 92' lang='lat' dir='ltr'><strong>in</strong></span> <span class='ocrx_word' id='word_1_700' title='bbox 3069 4410 3262 4467; x_wconf 83' lang='lat' dir='ltr'><strong>Exodo</strong></span> 
     </span>
    </p>
   </div>
   <div class='ocr_carea' id='block_1_47' title="bbox 82 4489 3260 4601">
    <p class='ocr_par' dir='ltr' id='par_1_47' title="bbox 82 4489 3260 4601">
     <span class='ocr_line' id='line_1_47' title="bbox 82 4489 3260 4601; baseline 0.009 -58"><span class='ocrx_word' id='word_1_701' title='bbox 82 4489 320 4552; x_wconf 83' lang='lat' dir='ltr'><strong>Christum</strong></span> <span class='ocrx_word' id='word_1_702' title='bbox 346 4514 471 4555; x_wconf 90' lang='lat' dir='ltr'><strong>esse</strong></span> <span class='ocrx_word' id='word_1_703' title='bbox 512 4502 646 4558; x_wconf 92' lang='lat' dir='ltr'><strong>dicit</strong></span> <span class='ocrx_word' id='word_1_704' title='bbox 667 4502 958 4574; x_wconf 82' lang='lat' dir='ltr'><strong>Apostolus</strong></span> <span class='ocrx_word' id='word_1_705' title='bbox 982 4507 1050 4561; x_wconf 82' lang='grc'><strong>⁸³.</strong></span> <span class='ocrx_word' id='word_1_706' title='bbox 1083 4508 1335 4565; x_wconf 87' lang='lat' dir='ltr'><strong>Christus</strong></span> <span class='ocrx_word' id='word_1_707' title='bbox 1358 4489 1602 4580; x_wconf 26' lang='lat' dir='ltr'><strong>ergo‘est</strong></span> <span class='ocrx_word' id='word_1_708' title='bbox 1633 4509 1678 4565; x_wconf 80' lang='grc' dir='ltr'>Ι)</span> <span class='ocrx_word' id='word_1_709' title='bbox 1706 4510 2009 4579; x_wconf 89' lang='lat' dir='ltr'><strong>loquentem</strong></span> <span class='ocrx_word' id='word_1_710' title='bbox 2024 4507 2307 4562; x_wconf 90' lang='lat' dir='ltr'><strong>Dominum</strong></span> <span class='ocrx_word' id='word_1_711' title='bbox 2320 4507 2387 4561; x_wconf 93' lang='lat' dir='ltr'><strong>ad</strong></span> <span class='ocrx_word' id='word_1_712' title='bbox 2400 4505 2645 4575; x_wconf 69' lang='lat' dir='ltr'><strong>Moysen,</strong></span> <span class='ocrx_word' id='word_1_713' title='bbox 2666 4505 3128 4601; x_wconf 30' lang='lat' dir='ltr'><strong>et‘pracipigntem</strong></span> <span class='ocrx_word' id='word_1_714' title='bbox 3141 4516 3260 4571; x_wconf 56' lang='lat' dir='ltr'><strong>(lu-&#39;9</strong></span> 
     </span>
    </p>
   </div>
   <div class='ocr_carea' id='block_1_48' title="bbox 84 4590 3261 4675">
    <p class='ocr_par' dir='ltr' id='par_1_48' title="bbox 84 4590 3261 4675">
     <span class='ocr_line' id='line_1_48' title="bbox 84 4590 3261 4675; baseline 0 -31"><span class='ocrx_word' id='word_1_715' title='bbox 84 4590 240 4648; x_wconf 63' lang='lat' dir='ltr'><strong>animae</strong></span> <span class='ocrx_word' id='word_1_716' title='bbox 263 4595 484 4663; x_wconf 70' lang='lat' dir='ltr'><strong>divitiae,</strong></span> <span class='ocrx_word' id='word_1_717' title='bbox 503 4607 559 4653; x_wconf 92' lang='lat' dir='ltr'><strong>et</strong></span> <span class='ocrx_word' id='word_1_718' title='bbox 584 4598 703 4655; x_wconf 89' lang='lat' dir='ltr'><strong>ideo</strong></span> <span class='ocrx_word' id='word_1_719' title='bbox 732 4600 847 4671; x_wconf 90' lang='lat' dir='ltr'><strong>ipse</strong></span> <span class='ocrx_word' id='word_1_720' title='bbox 872 4612 957 4657; x_wconf 89' lang='lat' dir='ltr'><strong>est</strong></span> <span class='ocrx_word' id='word_1_721' title='bbox 984 4604 1279 4673; x_wconf 85' lang='lat' dir='ltr'><strong>redemptio</strong></span> <span class='ocrx_word' id='word_1_722' title='bbox 1303 4606 1438 4675; x_wconf 90' lang='lat' dir='ltr'><strong>ejus.</strong></span> <span class='ocrx_word' id='word_1_723' title='bbox 1466 4603 1602 4659; x_wconf 84' lang='lat' dir='ltr'><strong>Nam</strong></span> <span class='ocrx_word' id='word_1_724' title='bbox 1706 4607 1985 4671; x_wconf 81' lang='lat' dir='ltr'><strong>Oporteret</strong></span> <span class='ocrx_word' id='word_1_725' title='bbox 2010 4613 2133 4655; x_wconf 90' lang='lat' dir='ltr'><strong>eum</strong></span> <span class='ocrx_word' id='word_1_726' title='bbox 2165 4597 2370 4664; x_wconf 88' lang='lat' dir='ltr'><strong>facere,</strong></span> <span class='ocrx_word' id='word_1_727' title='bbox 2420 4598 2598 4667; x_wconf 91' lang='lat' dir='ltr'><strong>primo</strong></span> <span class='ocrx_word' id='word_1_728' title='bbox 2643 4596 2858 4664; x_wconf 91' lang='lat' dir='ltr'><strong>quidem</strong></span> <span class='ocrx_word' id='word_1_729' title='bbox 2889 4590 3145 4648; x_wconf 81' lang='lat' dir='ltr'><strong>ma&#39;ndare</strong></span> <span class='ocrx_word' id='word_1_730' title='bbox 3171 4606 3261 4645; x_wconf 89' lang='lat' dir='ltr'><strong>ar-</strong></span> 
     </span>
    </p>
   </div>
   <div class='ocr_carea' id='block_1_49' title="bbox 82 4685 3259 4765">
    <p class='ocr_par' dir='ltr' id='par_1_49' title="bbox 82 4685 3259 4765">
     <span class='ocr_line' id='line_1_49' title="bbox 82 4685 3259 4765; baseline 0.002 -33"><span class='ocrx_word' id='word_1_731' title='bbox 82 4687 359 4752; x_wconf 79' lang='lat' dir='ltr'><strong>eurporales</strong></span> <span class='ocrx_word' id='word_1_732' title='bbox 416 4689 617 4745; x_wconf 68' lang='lat' dir='ltr'><strong>divitiae</strong></span> <span class='ocrx_word' id='word_1_733' title='bbox 673 4692 941 4759; x_wconf 88' lang='lat' dir='ltr'><strong>pernicies</strong></span> <span class='ocrx_word' id='word_1_734' title='bbox 979 4696 1151 4763; x_wconf 86' lang='lat' dir='ltr'><strong>magis</strong></span> <span class='ocrx_word' id='word_1_735' title='bbox 1206 4696 1397 4749; x_wconf 69' lang='lat' dir='ltr'><strong>animae</strong></span> <span class='ocrx_word' id='word_1_736' title='bbox 1440 4710 1599 4765; x_wconf 87' lang='lat' dir='ltr'><strong>quam</strong></span> <span class='ocrx_word' id='word_1_737' title='bbox 1710 4708 1853 4759; x_wconf 89' lang='lat' dir='ltr'><strong>eam,</strong></span> <span class='ocrx_word' id='word_1_738' title='bbox 1883 4701 1940 4747; x_wconf 91' lang='lat' dir='ltr'><strong>et</strong></span> <span class='ocrx_word' id='word_1_739' title='bbox 1965 4699 2148 4747; x_wconf 89' lang='lat' dir='ltr'><strong>vectes</strong></span> <span class='ocrx_word' id='word_1_740' title='bbox 2171 4690 2289 4761; x_wconf 90' lang='lat' dir='ltr'><strong>ejus</strong></span> <span class='ocrx_word' id='word_1_741' title='bbox 2322 4700 2485 4759; x_wconf 90' lang='lat' dir='ltr'><strong>atque</strong></span> <span class='ocrx_word' id='word_1_742' title='bbox 2508 4690 2741 4745; x_wconf 84' lang='lat' dir='ltr'><strong>annulus</strong></span> <span class='ocrx_word' id='word_1_743' title='bbox 2766 4689 2875 4759; x_wconf 66' lang='lat' dir='ltr'><strong>{per</strong></span> <span class='ocrx_word' id='word_1_744' title='bbox 2916 4702 3057 4742; x_wconf 68' lang='lat' dir='ltr'><strong>arcae</strong></span> <span class='ocrx_word' id='word_1_745' title='bbox 3090 4685 3259 4738; x_wconf 83' lang='lat' dir='ltr'><strong>latera</strong></span> 
     </span>
    </p>
   </div>
   <div class='ocr_carea' id='block_1_50' title="bbox 85 4774 3261 4874">
    <p class='ocr_par' dir='ltr' id='par_1_50' title="bbox 85 4774 3261 4874">
     <span class='ocr_line' id='line_1_50' title="bbox 85 4774 3261 4874; baseline -0.001 -44"><span class='ocrx_word' id='word_1_746' title='bbox 85 4774 344 4846; x_wconf 71' lang='lat' dir='ltr'><strong>ledemptio</strong></span> <span class='ocrx_word' id='word_1_747' title='bbox 373 4778 493 4847; x_wconf 90' lang='lat' dir='ltr'><strong>ejus</strong></span> <span class='ocrx_word' id='word_1_748' title='bbox 518 4796 638 4835; x_wconf 89' lang='lat' dir='ltr'><strong>esse</strong></span> <span class='ocrx_word' id='word_1_749' title='bbox 665 4785 949 4839; x_wconf 68' lang='lat' dir='ltr'><strong>credenda:</strong></span> <span class='ocrx_word' id='word_1_750' title='bbox 986 4796 1133 4849; x_wconf 89' lang='lat' dir='ltr'><strong>sunt,</strong></span> <span class='ocrx_word' id='word_1_751' title='bbox 1160 4786 1263 4839; x_wconf 88' lang='lat' dir='ltr'><strong>nisi</strong></span> <span class='ocrx_word' id='word_1_752' title='bbox 1296 4786 1362 4840; x_wconf 88' lang='lat' dir='ltr'><strong>ad</strong></span> <span class='ocrx_word' id='word_1_753' title='bbox 1405 4787 1602 4840; x_wconf 91' lang='lat' dir='ltr'><strong>bonum</strong></span> <span class='ocrx_word' id='word_1_754' title='bbox 1709 4783 1923 4850; x_wconf 83' lang='lat' dir='ltr'><strong>fieri&quot;;</strong></span> <span class='ocrx_word' id='word_1_755' title='bbox 1964 4791 2087 4852; x_wconf 83' lang='lat' dir='ltr'><strong>post</strong></span> <span class='ocrx_word' id='word_1_756' title='bbox 2125 4783 2278 4837; x_wconf 62' lang='lat' dir='ltr'><strong>haec:</strong></span> <span class='ocrx_word' id='word_1_757' title='bbox 2315 4782 2435 4874; x_wconf 28' lang='lat' dir='ltr'><strong>(‘Ei</strong></span> <span class='ocrx_word' id='word_1_758' title='bbox 2475 4780 2662 4874; x_wconf 79' lang='lat' dir='ltr'><strong>facies,</strong></span> <span class='ocrx_word' id='word_1_759' title='bbox 2708 4780 2905 4849; x_wconf 88' lang='lat' dir='ltr'><strong>inquit,</strong></span> <span class='ocrx_word' id='word_1_760' title='bbox 2937 4776 3261 4874; x_wconf 75' lang='lat' dir='ltr'><strong>propitiato-</strong></span> 
     </span>
    </p>
   </div>
   <div class='ocr_carea' id='block_1_51' title="bbox 85 4865 3259 4965">
    <p class='ocr_par' dir='ltr' id='par_1_51' title="bbox 85 4865 3259 4965">
     <span class='ocr_line' id='line_1_51' title="bbox 85 4865 3259 4965; baseline 0.01 -46"><span class='ocrx_word' id='word_1_761' title='bbox 85 4873 192 4929; x_wconf 80' lang='lat' dir='ltr'><strong>opus</strong></span> <span class='ocrx_word' id='word_1_762' title='bbox 239 4883 519 4926; x_wconf 73' lang='lat' dir='ltr'><strong>conversa:</strong></span> <span class='ocrx_word' id='word_1_763' title='bbox 569 4872 799 4941; x_wconf 73' lang='lat' dir='ltr'><strong>iustitia:</strong></span> <span class='ocrx_word' id='word_1_764' title='bbox 830 4886 885 4930; x_wconf 89' lang='lat' dir='ltr'><strong>et</strong></span> <span class='ocrx_word' id='word_1_765' title='bbox 928 4877 1313 4931; x_wconf 63' lang='lat' dir='ltr'><strong>misericordiae</strong></span> <span class='ocrx_word' id='word_1_766' title='bbox 1356 4877 1503 4941; x_wconf 83' lang='lat' dir='ltr'><strong>fiant,</strong></span> <span class='ocrx_word' id='word_1_767' title='bbox 1546 4888 1601 4932; x_wconf 93' lang='lat' dir='ltr'><strong>et</strong></span> <span class='ocrx_word' id='word_1_768' title='bbox 1707 4874 1845 4927; x_wconf 88' lang='lat' dir='ltr'><strong>rium</strong></span> <span class='ocrx_word' id='word_1_769' title='bbox 1877 4888 1946 4927; x_wconf 86' lang='lat' dir='ltr'><strong>ex</strong></span> <span class='ocrx_word' id='word_1_770' title='bbox 1976 4886 2109 4927; x_wconf 90' lang='lat' dir='ltr'><strong>auro</strong></span> <span class='ocrx_word' id='word_1_771' title='bbox 2143 4885 2297 4940; x_wconf 71' lang='lat' dir='ltr'><strong>puro.</strong></span> <span class='ocrx_word' id='word_1_772' title='bbox 2329 4870 2465 4926; x_wconf 76' lang='lat' dir='ltr'><strong>duos</strong></span> <span class='ocrx_word' id='word_1_773' title='bbox 2511 4870 2722 4926; x_wconf 69' lang='grc' dir='ltr'><strong>ευδίιοε</strong></span> <span class='ocrx_word' id='word_1_774' title='bbox 2746 4880 2803 4924; x_wconf 68' lang='grc' dir='ltr'>εί</span> <span class='ocrx_word' id='word_1_775' title='bbox 2831 4865 3259 4965; x_wconf 31' lang='grc' dir='ltr'><strong>ξθφί³1¹⁰¹ξβίίψ</strong></span> 
     </span>
    </p>
   </div>
   <div class='ocr_carea' id='block_1_52' title="bbox 86 4956 3259 5030">
    <p class='ocr_par' dir='ltr' id='par_1_52' title="bbox 86 4956 3259 5030">
     <span class='ocr_line' id='line_1_52' title="bbox 86 4956 3259 5030; baseline 0.001 -26"><span class='ocrx_word' id='word_1_776' title='bbox 86 4965 137 5004; x_wconf 81' lang='lat' dir='ltr'><strong>ex</strong></span> <span class='ocrx_word' id='word_1_777' title='bbox 162 4960 519 5029; x_wconf 78' lang='lat' dir='ltr'><strong>corporalibus</strong></span> <span class='ocrx_word' id='word_1_778' title='bbox 557 4963 762 5021; x_wconf 70' lang='lat' dir='ltr'><strong>divitiis</strong></span> <span class='ocrx_word' id='word_1_779' title='bbox 789 4967 855 5021; x_wconf 77' lang='lat' dir='ltr'><strong>ad</strong></span> <span class='ocrx_word' id='word_1_780' title='bbox 890 4967 1085 5021; x_wconf 61' lang='lat' dir='ltr'><strong>anima:</strong></span> <span class='ocrx_word' id='word_1_781' title='bbox 1123 4968 1339 5023; x_wconf 74' lang='lat' dir='ltr'><strong>divitias</strong></span> <span class='ocrx_word' id='word_1_782' title='bbox 1370 4966 1601 5022; x_wconf 71' lang='lat' dir='ltr'><strong>transfe-</strong></span> <span class='ocrx_word' id='word_1_783' title='bbox 1707 4964 1885 5019; x_wconf 89' lang='lat' dir='ltr'><strong>dinem</strong></span> <span class='ocrx_word' id='word_1_784' title='bbox 1911 4961 2049 5030; x_wconf 88' lang='lat' dir='ltr'><strong>ejus.</strong></span> <span class='ocrx_word' id='word_1_785' title='bbox 2079 4971 2135 5019; x_wconf 89' lang='lat' dir='ltr'><strong>et</strong></span> <span class='ocrx_word' id='word_1_786' title='bbox 2165 4978 2327 5017; x_wconf 88' lang='lat' dir='ltr'><strong>unum</strong></span> <span class='ocrx_word' id='word_1_787' title='bbox 2368 4964 2606 5018; x_wconf 84' lang='lat' dir='ltr'><strong>cubitum</strong></span> <span class='ocrx_word' id='word_1_788' title='bbox 2636 4969 2689 5015; x_wconf 90' lang='lat' dir='ltr'><strong>et</strong></span> <span class='ocrx_word' id='word_1_789' title='bbox 2730 4959 2892 5014; x_wconf 91' lang='lat' dir='ltr'><strong>semis</strong></span> <span class='ocrx_word' id='word_1_790' title='bbox 2918 4956 3259 5010; x_wconf 89' lang='lat' dir='ltr'><strong>latitudinem</strong></span> 
     </span>
    </p>
   </div>
   <div class='ocr_carea' id='block_1_53' title="bbox 89 5050 3263 5123">
    <p class='ocr_par' dir='ltr' id='par_1_53' title="bbox 89 5050 3263 5123">
     <span class='ocr_line' id='line_1_53' title="bbox 89 5050 3263 5123; baseline -0.001 -23"><span class='ocrx_word' id='word_1_791' title='bbox 89 5056 261 5104; x_wconf 78' lang='lat' dir='ltr'><strong>rantur.</strong></span> <span class='ocrx_word' id='word_1_792' title='bbox 1710 5055 1849 5123; x_wconf 87' lang='lat' dir='ltr'><strong>ejus.</strong></span> <span class='ocrx_word' id='word_1_793' title='bbox 1879 5054 1949 5110; x_wconf 84' lang='lat' dir='ltr'><strong>Et</strong></span> <span class='ocrx_word' id='word_1_794' title='bbox 1975 5054 2141 5109; x_wconf 88' lang='lat' dir='ltr'><strong>facies</strong></span> <span class='ocrx_word' id='word_1_795' title='bbox 2169 5054 2278 5109; x_wconf 88' lang='lat' dir='ltr'><strong>duo</strong></span> <span class='ocrx_word' id='word_1_796' title='bbox 2306 5055 2568 5109; x_wconf 88' lang='lat' dir='ltr'><strong>cherubin</strong></span> <span class='ocrx_word' id='word_1_797' title='bbox 2612 5050 2775 5121; x_wconf 63' lang='lat'><strong>515</strong></span> <span class='ocrx_word' id='word_1_798' title='bbox 2823 5062 2985 5102; x_wconf 88' lang='lat' dir='ltr'><strong>aurea</strong></span> <span class='ocrx_word' id='word_1_799' title='bbox 3019 5054 3263 5108; x_wconf 86' lang='lat' dir='ltr'><strong>tornata,</strong></span> 
     </span>
    </p>
   </div>
   <div class='ocr_carea' id='block_1_54' title="bbox 140 5159 3255 5237">
    <p class='ocr_par' dir='ltr' id='par_1_54' title="bbox 140 5159 3255 5237">
     <span class='ocr_line' id='line_1_54' title="bbox 140 5159 3255 5237; baseline -0.002 -19"><span class='ocrx_word' id='word_1_800' title='bbox 140 5161 180 5237; x_wconf 54' lang='grc' dir='ltr'>δέ</span> <span class='ocrx_word' id='word_1_801' title='bbox 203 5163 335 5221; x_wconf 84' lang='lat' dir='ltr'><strong>Psal.</strong></span> <span class='ocrx_word' id='word_1_802' title='bbox 368 5184 513 5230; x_wconf 69' lang='lat' dir='ltr'><strong>xux,</strong></span> <span class='ocrx_word' id='word_1_803' title='bbox 538 5169 626 5223; x_wconf 80' lang='lat' dir='ltr'><strong>l6.</strong></span> <span class='ocrx_word' id='word_1_804' title='bbox 701 5170 747 5203; x_wconf 67' lang='grc' dir='ltr'><strong>δ’</strong></span> <span class='ocrx_word' id='word_1_805' title='bbox 773 5170 935 5225; x_wconf 86' lang='lat' dir='ltr'><strong>Eccli.</strong></span> <span class='ocrx_word' id='word_1_806' title='bbox 958 5185 1050 5236; x_wconf 88' lang='lat' dir='ltr'><strong>xv,</strong></span> <span class='ocrx_word' id='word_1_807' title='bbox 1074 5173 1126 5227; x_wconf 89' lang='lat'><strong>9.</strong></span> <span class='ocrx_word' id='word_1_808' title='bbox 1201 5171 1427 5226; x_wconf 81' lang='lat' dir='ltr'><strong>“lCor.</strong></span> <span class='ocrx_word' id='word_1_809' title='bbox 1452 5173 1596 5237; x_wconf 74' lang='lat'><strong>1,30.</strong></span> <span class='ocrx_word' id='word_1_810' title='bbox 1673 5172 1716 5201; x_wconf 78' lang='lat'>“</span> <span class='ocrx_word' id='word_1_811' title='bbox 1750 5169 1936 5226; x_wconf 85' lang='lat' dir='ltr'><strong>lPetr.</strong></span> <span class='ocrx_word' id='word_1_812' title='bbox 1965 5186 2004 5232; x_wconf 88' lang='lat' dir='ltr'><strong>I,</strong></span> <span class='ocrx_word' id='word_1_813' title='bbox 2028 5170 2117 5227; x_wconf 75' lang='lat' dir='ltr'><strong>l8.</strong></span> <span class='ocrx_word' id='word_1_814' title='bbox 2263 5168 2483 5224; x_wconf 80' lang='lat' dir='ltr'><strong>&quot;Prov.</strong></span> <span class='ocrx_word' id='word_1_815' title='bbox 2518 5183 2636 5226; x_wconf 86' lang='lat' dir='ltr'><strong>xui.</strong></span> <span class='ocrx_word' id='word_1_816' title='bbox 2664 5168 2718 5221; x_wconf 90' lang='lat'><strong>8.</strong></span> <span class='ocrx_word' id='word_1_817' title='bbox 2829 5164 2874 5197; x_wconf 84' lang='grc'><strong>⁵³</strong></span> <span class='ocrx_word' id='word_1_818' title='bbox 2908 5164 2924 5217; x_wconf 97' lang='grc' dir='ltr'><strong>Ι</strong></span> <span class='ocrx_word' id='word_1_819' title='bbox 2953 5161 3079 5217; x_wconf 86' lang='lat' dir='ltr'><strong>Cor.</strong></span> <span class='ocrx_word' id='word_1_820' title='bbox 3110 5159 3255 5227; x_wconf 72' lang='lat'><strong>1,30.</strong></span> 
     </span>
    </p>
   </div>
   <div class='ocr_carea' id='block_1_55' title="bbox 89 5230 1571 5309">
    <p class='ocr_par' dir='ltr' id='par_1_55' title="bbox 89 5230 1569 5309">
     <span class='ocr_line' id='line_1_55' title="bbox 89 5230 1569 5309; baseline 0.009 -22"><span class='ocrx_word' id='word_1_821' title='bbox 89 5230 123 5259; x_wconf 79' lang='lat'>“</span> <span class='ocrx_word' id='word_1_822' title='bbox 154 5233 295 5290; x_wconf 82' lang='lat' dir='ltr'><strong>Rom.</strong></span> <span class='ocrx_word' id='word_1_823' title='bbox 327 5252 412 5305; x_wconf 87' lang='grc' dir='ltr'><strong>ιιι,</strong></span> <span class='ocrx_word' id='word_1_824' title='bbox 432 5238 525 5307; x_wconf 74' lang='lat'><strong>25,</strong></span> <span class='ocrx_word' id='word_1_825' title='bbox 548 5239 640 5295; x_wconf 75' lang='lat'><strong>26.</strong></span> <span class='ocrx_word' id='word_1_826' title='bbox 783 5240 831 5273; x_wconf 83' lang='lat'>&quot;</span> <span class='ocrx_word' id='word_1_827' title='bbox 856 5239 1013 5296; x_wconf 81' lang='lat' dir='ltr'><strong>Rom.</strong></span> <span class='ocrx_word' id='word_1_828' title='bbox 1037 5230 1132 5307; x_wconf 81' lang='grc' dir='ltr'><strong>ἰιι,</strong></span> <span class='ocrx_word' id='word_1_829' title='bbox 1152 5242 1252 5309; x_wconf 72' lang='grc'><strong>24;</strong></span> <span class='ocrx_word' id='word_1_830' title='bbox 1280 5242 1296 5294; x_wconf 95' lang='lat' dir='ltr'><strong>l</strong></span> <span class='ocrx_word' id='word_1_831' title='bbox 1335 5230 1487 5297; x_wconf 47' lang='lat' dir='ltr'><strong>Tim.</strong></span> <span class='ocrx_word' id='word_1_832' title='bbox 1514 5260 1569 5302; x_wconf 87' lang='grc' dir='ltr'><strong>ιι.</strong></span> 
     </span>
    </p>
   </div>
   <div class='ocr_carea' id='block_1_56' title="bbox 1358 5230 2840 5309">
    <p class='ocr_par' dir='ltr' id='par_1_56' title="bbox 1358 5230 2840 5308">
     <span class='ocr_line' id='line_1_56' title="bbox 1358 5230 2840 5308; baseline -0.004 -13"><span class='ocrx_word' id='word_1_833' title='bbox 1358 5230 1487 5297; x_wconf 61' lang='grc' dir='ltr'><strong>Γὶιιιξ</strong></span> <span class='ocrx_word' id='word_1_834' title='bbox 1514 5260 1569 5302; x_wconf 87' lang='grc' dir='ltr'><strong>ιι.</strong></span> <span class='ocrx_word' id='word_1_835' title='bbox 1601 5242 1653 5297; x_wconf 89' lang='lat'><strong>6.</strong></span> <span class='ocrx_word' id='word_1_836' title='bbox 1726 5242 1774 5275; x_wconf 85' lang='grc'><strong>⁸⁸</strong></span> <span class='ocrx_word' id='word_1_837' title='bbox 1799 5241 1964 5297; x_wconf 79' lang='lat' dir='ltr'><strong>Hebr.</strong></span> <span class='ocrx_word' id='word_1_838' title='bbox 1990 5230 2052 5308; x_wconf 79' lang='lat' dir='ltr'><strong>tt,</strong></span> <span class='ocrx_word' id='word_1_839' title='bbox 2079 5240 2132 5295; x_wconf 92' lang='lat'><strong>9.</strong></span> <span class='ocrx_word' id='word_1_840' title='bbox 2208 5240 2251 5272; x_wconf 82' lang='lat'><strong>&quot;</strong></span> <span class='ocrx_word' id='word_1_841' title='bbox 2275 5238 2445 5294; x_wconf 86' lang='lat' dir='ltr'><strong>Exod.</strong></span> <span class='ocrx_word' id='word_1_842' title='bbox 2473 5254 2598 5304; x_wconf 82' lang='lat' dir='ltr'><strong>xxv,</strong></span> <span class='ocrx_word' id='word_1_843' title='bbox 2632 5237 2696 5291; x_wconf 66' lang='lat'><strong>10</strong></span> <span class='ocrx_word' id='word_1_844' title='bbox 2729 5251 2840 5304; x_wconf 90' lang='lat' dir='ltr'><strong>seq.</strong></span> 
     </span>
    </p>
   </div>
   <div class='ocr_carea' id='block_1_57' title="bbox 144 5346 3257 5427">
    <p class='ocr_par' dir='ltr' id='par_1_57' title="bbox 144 5346 3257 5427">
     <span class='ocr_line' id='line_1_57' title="bbox 144 5346 3257 5427; baseline -0.003 -18"><span class='ocrx_word' id='word_1_845' title='bbox 144 5346 241 5427; x_wconf 56' lang='lat' dir='ltr'><strong>(fili)</strong></span> <span class='ocrx_word' id='word_1_846' title='bbox 272 5348 437 5427; x_wconf 64' lang='lat' dir='ltr'><strong>Editi,</strong></span> <span class='ocrx_word' id='word_1_847' title='bbox 472 5368 495 5404; x_wconf 85' lang='lat' dir='ltr'><strong>s</strong></span> <span class='ocrx_word' id='word_1_848' title='bbox 526 5352 647 5427; x_wconf 83' lang='lat' dir='ltr'><strong>quia</strong></span> <span class='ocrx_word' id='word_1_849' title='bbox 682 5353 994 5427; x_wconf 79' lang='lat' dir='ltr'><strong>manifestat</strong></span> <span class='ocrx_word' id='word_1_850' title='bbox 1027 5356 1092 5409; x_wconf 87' lang='lat' dir='ltr'><strong>de</strong></span> <span class='ocrx_word' id='word_1_851' title='bbox 1109 5356 1316 5425; x_wconf 88' lang='lat' dir='ltr'><strong>justitia</strong></span> <span class='ocrx_word' id='word_1_852' title='bbox 1342 5356 1500 5427; x_wconf 55' lang='lat' dir='ltr'><strong>Dei.)</strong></span> <span class='ocrx_word' id='word_1_853' title='bbox 1714 5371 1812 5426; x_wconf 89' lang='lat' dir='ltr'><strong>per</strong></span> <span class='ocrx_word' id='word_1_854' title='bbox 1841 5356 1997 5412; x_wconf 88' lang='lat' dir='ltr'><strong>fidem</strong></span> <span class='ocrx_word' id='word_1_855' title='bbox 2023 5355 2077 5410; x_wconf 91' lang='lat' dir='ltr'><strong>in</strong></span> <span class='ocrx_word' id='word_1_856' title='bbox 2096 5367 2409 5422; x_wconf 84' lang='lat' dir='ltr'><strong>sanguinem</strong></span> <span class='ocrx_word' id='word_1_857' title='bbox 2442 5352 2633 5422; x_wconf 84' lang='lat' dir='ltr'><strong>ipsius,</strong></span> <span class='ocrx_word' id='word_1_858' title='bbox 2671 5352 2738 5407; x_wconf 90' lang='lat' dir='ltr'><strong>ad</strong></span> <span class='ocrx_word' id='word_1_859' title='bbox 2767 5347 3134 5405; x_wconf 87' lang='lat' dir='ltr'><strong>ostensionem</strong></span> <span class='ocrx_word' id='word_1_860' title='bbox 3163 5346 3257 5418; x_wconf 64' lang='lat' dir='ltr'><strong>ju.</strong></span> 
     </span>
    </p>
   </div>
   <div class='ocr_carea' id='block_1_58' title="bbox 145 5418 2656 5506">
    <p class='ocr_par' dir='ltr' id='par_1_58' title="bbox 145 5418 2656 5506">
     <span class='ocr_line' id='line_1_58' title="bbox 145 5418 2656 5506; baseline -0.008 -24"><span class='ocrx_word' id='word_1_861' title='bbox 269 5418 432 5506; x_wconf 36' lang='grc' dir='ltr'><strong>μη]</strong></span> <span class='ocrx_word' id='word_1_862' title='bbox 589 5422 757 5506; x_wconf 57' lang='lat' dir='ltr'><strong>legem</strong></span> <span class='ocrx_word' id='word_1_863' title='bbox 781 5424 977 5506; x_wconf 60' lang='grc' dir='ltr'><strong>ροξιιίι.</strong></span> <span class='ocrx_word' id='word_1_864' title='bbox 1017 5443 1036 5476; x_wconf 75' lang='grc' dir='ltr'><strong>ι</strong></span> <span class='ocrx_word' id='word_1_865' title='bbox 1109 5418 1128 5425; x_wconf 54' lang='grc'><strong><em>-</em></strong></span> <span class='ocrx_word' id='word_1_866' title='bbox 1181 5494 1211 5506; x_wconf 60' lang='grc'>“</span> <span class='ocrx_word' id='word_1_867' title='bbox 1248 5495 1260 5506; x_wconf 50' lang='lat'><strong><em>.</em></strong></span> <span class='ocrx_word' id='word_1_868' title='bbox 1462 5418 1471 5427; x_wconf 61' lang='grc'><em>’</em></span> <span class='ocrx_word' id='word_1_869' title='bbox 1713 5418 2305 5506; x_wconf 26' lang='grc' dir='ltr'><strong>εἶξε-Ρτορτῑειῦ</strong></span> <span class='ocrx_word' id='word_1_870' title='bbox 2340 5418 2515 5506; x_wconf 55' lang='grc' dir='ltr'><strong>ιηειδ,</strong></span> <span class='ocrx_word' id='word_1_871' title='bbox 2621 5490 2656 5506; x_wconf 33' lang='grc' dir='ltr'><strong>Δ.</strong></span> 
     </span>
    </p>
   </div>
   <div class='ocr_carea' id='block_1_59' title="bbox 147 5486 3264 5567">
    <p class='ocr_par' dir='ltr' id='par_1_59' title="bbox 147 5486 3264 5567">
     <span class='ocr_line' id='line_1_59' title="bbox 147 5486 3264 5567; baseline 0.002 -26"><span class='ocrx_word' id='word_1_872' title='bbox 147 5486 243 5567; x_wconf 56' lang='grc' dir='ltr'>(ξιξ)</span> <span class='ocrx_word' id='word_1_873' title='bbox 267 5486 821 5567; x_wconf 52' lang='grc' dir='ltr'><strong>ϐμιζεηςὶὺωίοεθέι</strong></span> <span class='ocrx_word' id='word_1_874' title='bbox 856 5494 907 5546; x_wconf 91' lang='lat' dir='ltr'><strong>in</strong></span> <span class='ocrx_word' id='word_1_875' title='bbox 936 5506 1094 5567; x_wconf 78' lang='lat' dir='ltr'><strong>antea</strong></span> <span class='ocrx_word' id='word_1_876' title='bbox 1128 5494 1312 5567; x_wconf 78' lang='lat' dir='ltr'><strong>editis.</strong></span> <span class='ocrx_word' id='word_1_877' title='bbox 1362 5566 1365 5567; x_wconf 12' lang='grc' dir='ltr'><em>γ</em></span> <span class='ocrx_word' id='word_1_878' title='bbox 1449 5565 1456 5567; x_wconf 81' lang='lat'><strong><em>_</em></strong></span> <span class='ocrx_word' id='word_1_879' title='bbox 1754 5496 1896 5567; x_wconf 15' lang='lat'><strong>7(74)</strong></span> <span class='ocrx_word' id='word_1_880' title='bbox 1942 5486 2107 5567; x_wconf 82' lang='lat' dir='ltr'><strong>Editi,</strong></span> <span class='ocrx_word' id='word_1_881' title='bbox 2136 5486 2297 5547; x_wconf 61' lang='lat' dir='ltr'><strong>(Sed</strong></span> <span class='ocrx_word' id='word_1_882' title='bbox 2321 5492 2501 5548; x_wconf 88' lang='lat' dir='ltr'><strong>adhuc</strong></span> <span class='ocrx_word' id='word_1_883' title='bbox 2550 5490 2872 5562; x_wconf 89' lang='lat' dir='ltr'><strong>patiebatur,</strong></span> <span class='ocrx_word' id='word_1_884' title='bbox 2904 5499 2962 5543; x_wconf 92' lang='lat' dir='ltr'><strong>ut</strong></span> <span class='ocrx_word' id='word_1_885' title='bbox 2998 5491 3264 5560; x_wconf 81' lang='lat' dir='ltr'><strong>posthaec</strong></span> 
     </span>
    </p>
   </div>
   <div class='ocr_carea' id='block_1_60' title="bbox 147 5554 2545 5632">
    <p class='ocr_par' dir='ltr' id='par_1_60' title="bbox 147 5554 2545 5632">
     <span class='ocr_line' id='line_1_60' title="bbox 147 5554 2545 5632; baseline -0 -16"><span class='ocrx_word' id='word_1_886' title='bbox 147 5554 243 5632; x_wconf 50' lang='lat'><strong>17!)</strong></span> <span class='ocrx_word' id='word_1_887' title='bbox 284 5556 620 5615; x_wconf 76' lang='lat' dir='ltr'><strong>Detinebtuur</strong></span> <span class='ocrx_word' id='word_1_888' title='bbox 663 5578 785 5629; x_wconf 85' lang='lat' dir='ltr'><strong>ergo</strong></span> <span class='ocrx_word' id='word_1_889' title='bbox 819 5565 984 5631; x_wconf 78' lang='lat' dir='ltr'><strong>apud.</strong></span> <span class='ocrx_word' id='word_1_890' title='bbox 1029 5565 1142 5632; x_wconf 83' lang='lat' dir='ltr'><strong>AL,</strong></span> <span class='ocrx_word' id='word_1_891' title='bbox 1191 5582 1211 5615; x_wconf 72' lang='grc' dir='ltr'><strong>ι</strong></span> <span class='ocrx_word' id='word_1_892' title='bbox 1254 5564 1611 5621; x_wconf 88' lang='lat' dir='ltr'><strong>Detinebatur</strong></span> <span class='ocrx_word' id='word_1_893' title='bbox 1714 5554 1930 5620; x_wconf 73' lang='lat' dir='ltr'><strong>idemin</strong></span> <span class='ocrx_word' id='word_1_894' title='bbox 1960 5566 2059 5619; x_wconf 93' lang='lat' dir='ltr'><strong>hoc</strong></span> <span class='ocrx_word' id='word_1_895' title='bbox 2092 5554 2352 5632; x_wconf 76' lang='lat' dir='ltr'><strong>tempore,</strong></span> <span class='ocrx_word' id='word_1_896' title='bbox 2382 5579 2402 5612; x_wconf 83' lang='lat' dir='ltr'><strong>s</strong></span> <span class='ocrx_word' id='word_1_897' title='bbox 2438 5574 2545 5617; x_wconf 88' lang='lat' dir='ltr'><strong>etc.</strong></span> 
     </span>
    </p>
   </div>
   <div class='ocr_carea' id='block_1_61' title="bbox 94 5626 1576 5705">
    <p class='ocr_par' dir='ltr' id='par_1_61' title="bbox 94 5626 1137 5705">
     <span class='ocr_line' id='line_1_61' title="bbox 94 5626 1137 5705; baseline 0.004 -1"><span class='ocrx_word' id='word_1_898' title='bbox 94 5626 315 5705; x_wconf 48' lang='lat'><strong>“&quot;99”</strong></span> <span class='ocrx_word' id='word_1_899' title='bbox 416 5698 429 5705; x_wconf 86' lang='lat'><strong>-</strong></span> <span class='ocrx_word' id='word_1_900' title='bbox 520 5698 537 5705; x_wconf 91' lang='lat'><em>_</em></span> <span class='ocrx_word' id='word_1_901' title='bbox 590 5700 597 5705; x_wconf 86' lang='lat'><strong>.</strong></span> <span class='ocrx_word' id='word_1_902' title='bbox 655 5626 741 5705; x_wconf 58' lang='grc' dir='ltr'><strong>--ί</strong></span> <span class='ocrx_word' id='word_1_903' title='bbox 1127 5626 1137 5632; x_wconf 55' lang='grc'><em>’</em></span> 
     </span>
    </p>
   </div>
   <div class='ocr_carea' id='block_1_62' title="bbox 1781 5626 3263 5705">
    <p class='ocr_par' dir='ltr' id='par_1_62' title="bbox 1785 5626 3263 5705">
     <span class='ocr_line' id='line_1_62' title="bbox 1785 5626 3263 5705; baseline -0.001 -18"><span class='ocrx_word' id='word_1_904' title='bbox 1785 5635 1897 5705; x_wconf 87' lang='grc'>(75)</span> <span class='ocrx_word' id='word_1_905' title='bbox 1941 5626 2325 5703; x_wconf 62' lang='grc' dir='ltr'><strong>ΙηῙαιιοσξΜε.</strong></span> <span class='ocrx_word' id='word_1_906' title='bbox 2360 5634 2529 5689; x_wconf 88' lang='lat' dir='ltr'><strong>codex</strong></span> <span class='ocrx_word' id='word_1_907' title='bbox 2553 5629 2913 5687; x_wconf 75' lang='lat' dir='ltr'><strong>Vallis-clara:</strong></span> <span class='ocrx_word' id='word_1_908' title='bbox 2935 5630 3138 5688; x_wconf 73' lang='lat' dir='ltr'><strong>habeto</strong></span> <span class='ocrx_word' id='word_1_909' title='bbox 3162 5633 3263 5685; x_wconf 86' lang='lat' dir='ltr'><strong>nisi</strong></span> 
     </span>
    </p>
   </div>
   <div class='ocr_carea' id='block_1_63' title="bbox 152 5691 2000 5774">
    <p class='ocr_par' dir='ltr' id='par_1_63' title="bbox 152 5691 2000 5774">
     <span class='ocr_line' id='line_1_63' title="bbox 152 5691 2000 5774; baseline -0.004 -21"><span class='ocrx_word' id='word_1_910' title='bbox 274 5698 486 5774; x_wconf 63' lang='lat' dir='ltr'><strong>quinia.</strong></span> <span class='ocrx_word' id='word_1_911' title='bbox 519 5698 766 5754; x_wconf 71' lang='lat' dir='ltr'><strong>ln‘editis</strong></span> <span class='ocrx_word' id='word_1_912' title='bbox 788 5702 1077 5774; x_wconf 78' lang='lat' dir='ltr'><strong>omittitur.</strong></span> <span class='ocrx_word' id='word_1_913' title='bbox 1712 5691 1953 5774; x_wconf 61' lang='lat' dir='ltr'><strong>inj&#39;usibg,</strong></span> <span class='ocrx_word' id='word_1_914' title='bbox 1982 5724 2000 5755; x_wconf 69' lang='grc' dir='ltr'><strong>ι</strong></span> 
     </span>
    </p>
   </div>
   <div class='ocr_carea' id='block_1_64' title="bbox 150 5761 1607 5844">
    <p class='ocr_par' dir='ltr' id='par_1_64' title="bbox 150 5761 1607 5844">
     <span class='ocr_line' id='line_1_64' title="bbox 150 5761 1607 5844; baseline 0.011 -31"><span class='ocrx_word' id='word_1_915' title='bbox 150 5761 249 5837; x_wconf 72' lang='grc'>(75)</span> <span class='ocrx_word' id='word_1_916' title='bbox 283 5765 454 5835; x_wconf 79' lang='lat' dir='ltr'><strong>Alias,</strong></span> <span class='ocrx_word' id='word_1_917' title='bbox 491 5787 512 5821; x_wconf 76' lang='grc' dir='ltr'><strong>ι</strong></span> <span class='ocrx_word' id='word_1_918' title='bbox 538 5784 701 5839; x_wconf 88' lang='lat' dir='ltr'><strong>quem</strong></span> <span class='ocrx_word' id='word_1_919' title='bbox 730 5772 1010 5840; x_wconf 86' lang='lat' dir='ltr'><strong>proposuit</strong></span> <span class='ocrx_word' id='word_1_920' title='bbox 1044 5774 1180 5829; x_wconf 80' lang='lat' dir='ltr'><strong>Deus</strong></span> <span class='ocrx_word' id='word_1_921' title='bbox 1201 5774 1607 5844; x_wconf 86' lang='lat' dir='ltr'><strong>propitiaturcm</strong></span> 
     </span>
    </p>
   </div>
  </div>
