3784 6524
560 363 661 418 957
1994 359 2068 416 OF

2175 355 2310 413 ENIS
3661 367 3743 428 ωδ

558 487 614 533 et
639 490 972 547 superpones
993 491 1057 534 ea
1073 491 1171 549 per
1187 477 1394 550 singula
1412 477 1579 534 latera
1595 469 1952 550 propitiatorii
1975 475 2114 546 (76):
2146 477 2190 532 Α
2221 487 2381 542 supra
2409 473 2542 528 duos
2571 473 2781 529 cubitos
2812 472 3014 529 habere
3052 463 3255 543 anqnid
3285 476 3615 546 designatur,
3639 480 3741 538 licet

561 584 724 622 unum
754 568 1012 623 cherubin
1035 583 1100 623 ex
1130 567 1302 624 latere
1331 572 1464 634 hoc;
1497 579 1553 625 et
1580 567 1727 622 aliud
1750 567 2010 622 cherubin
2045 582 2112 621 ex
2213 567 2388 620 minus
2423 567 2614 624 tribus.
2662 565 2767 621 Sed
2811 577 2865 622 et
2896 567 3038 636 quod
3086 567 3312 623 latitudo
3350 569 3470 638 ejus
3514 588 3668 628 unum
3697 587 3743 632 et

557 660 728 714 latere
780 658 954 714 altero
989 659 1398 730 propitiatorii:
1439 669 1494 714 et
1539 658 1707 714 facies
1742 667 1803 712 ut
1847 656 2110 712 cherubin
2208 657 2490 713 dimidium
2536 667 2869 712 memoratur
2905 660 3147 714 cubitum
3187 661 3428 728 habere,
3483 674 3742 734 propterea

555 747 663 803 duo
687 748 797 802 sint
818 763 887 803 ex
916 748 1124 804 duobus
1170 748 1430 805 lateribus
1473 749 1588 816 ejus
1611 746 1958 803 extendentia
1991 748 2108 801 alas
2207 749 2425 818 quidem
2451 750 2516 804 de
2547 751 2780 804 monade
2797 765 2858 804 ac
2887 750 3146 821 singulari
3185 765 3280 805 sua
3303 752 3544 808 statione
3570 757 3742 810 descri-

554 853 706 903 suas,
727 848 779 894 et
799 839 1178 894 obumbrantia
1204 854 1367 909 super
1390 839 1918 908 propitiatoriumzet
1944 836 2108 892 iacies
2206 838 2374 904 bitur,
2404 853 2509 893 non
2548 849 2724 894 tamen
2761 855 2830 894 ex
2859 849 2972 895 toto
3010 840 3064 895 in
3094 841 3304 896 dualem
3335 857 3634 911 numerum,
3663 849 3737 916 qui

552 946 664 985 sua:
695 939 884 986 contra
914 945 972 986 se
996 947 1158 1001 super
1185 930 1621 1001 propitiatorium
1646 939 1825 986 erunt.
1849 929 1917 984 Et
1939 929 2104 984 facies
2204 929 2473 984 interdum
2497 931 2659 986 etiam
2690 947 2790 1002 pro
2813 931 3101 987 immundis
3115 934 3355 1002 ponitur,
3376 937 3736 1009 crevisse(80).

550 1022 834 1090 cherubin,
868 1032 922 1076 et
949 1023 1191 1092 impones
1217 1021 1646 1092 propitiatorium
1692 1038 1854 1091 super
1895 1037 2101 1088 arcam,
2201 1019 2460 1087 Quamvis
2491 1024 2637 1077 enim
2676 1039 2893 1078 carnem
2941 1025 3148 1079 naturae
3191 1037 3396 1082 nostrae
3435 1033 3735 1098 susceperit,

547 1122 604 1168 et
633 1114 684 1168 in
715 1128 899 1170 arcam
942 1115 1122 1170 mittes
1173 1115 1478 1171 testimonia
1525 1130 1646 1186 qua;
1689 1117 1830 1172 dabo
1871 1117 1968 1172 tibi
2000 1131 2017 1170 :
2047 1127 2102 1172 et
2200 1127 2266 1165 ex
2296 1112 2714 1166 incontaminata
2749 1124 2925 1168 tamen
2960 1113 3179 1184 Virgine
3207 1126 3516 1186 assumpta.
3540 1127 3588 1172 et
3612 1131 3735 1174 casta

546 1204 883 1261 innotescam
919 1206 1032 1277 (77)
1068 1208 1161 1261 tibi
1191 1208 1334 1274 inde,
1351 1217 1407 1262 et
1432 1208 1626 1278 loquar
1657 1210 1722 1261 ad
1747 1217 1798 1262 te
1819 1208 2096 1262 desursum

543 1311 707 1366 super
731 1298 1163 1368 pr0pitiatorium
1200 1298 1343 1353 inter
1376 1300 1612 1353 medium
1646 1299 1871 1352 duorum
1903 1299 2097 1352 cheru-

542 1390 632 1444 bin
665 1404 785 1460 quze
814 1401 940 1446 sunt
974 1407 1136 1460 super
1171 1407 1354 1446 arcam
1408 1393 1744 1456 testamenti,
1798 1394 2092 1448 secundum

541 1480 721 1534 omnia
760 1480 869 1552 (78)
897 1497 1015 1550 qua:
1057 1482 1365 1551 praecipiam
1393 1481 1488 1537 tibi
1510 1481 1575 1536 ad
1606 1481 1743 1536 ﬁlios
1771 1480 1936 1537 lsrael
1966 1482 2035 1535 ".
2069 1500 2087 1534 ι

2199 1203 2370 1256 sancti
2421 1202 2658 1271 Spiritus
2699 1206 3009 1272 operatione
3052 1205 3284 1260 formata
3325 1217 3432 1261 est.
3468 1207 3734 1277 Propterea

2195 1307 2324 1363 ergo
2354 1302 2409 1347 et
2449 1294 2736 1364 Apostolus
2778 1297 2846 1349 de
2872 1295 3180 1364 [Mediatore
3203 1297 3508 1361 disserens,
3541 1301 3734 1355 eviden-

2198 1392 2303 1437 tem
2321 1384 2717 1439 distinctionem
2749 1385 3004 1454 signavit,
3026 1386 3240 1442 dicens:
3265 1405 3285 1438 ι
3314 1387 3580 1442 Mediator
3599 1390 3676 1443 Dei
3695 1403 3737 1445 et

2195 1475 2469 1529 hominum
2485 1476 2646 1530 homo
2657 1475 2904 1531 Christus
2915 1475 3071 1533 Jesus
3086 1495 3132 1543 ς»
3157 1493 3263 1546 quo
3280 1479 3495 1533 scilicet
3512 1482 3736 1537 mediato-

543 1571 834 1627 Evidenter
858 1583 1082 1644 apparet
1116 1573 1258 1642 quod
1291 1588 1487 1630 nomen
1541 1574 1900 1642 propitiatorii
1948 1576 2094 1644 Apo-
2192 1581 2303 1621 rem
2318 1581 2423 1622 non
2442 1567 2506 1621 ad
2523 1568 2770 1622 deitatem
2784 1567 3112 1636 Cbristi,sed
3126 1572 3191 1624 ad
3206 1571 3733 1641 humanitatem,qua:

537 1659 709 1715 stolus
734 1661 791 1716 in
820 1661 907 1717 his
951 1662 1085 1717 locis
1113 1664 1409 1730 inventum,
1456 1665 1508 1718 in
1533 1663 1648 1719 suis
1693 1679 1839 1719 nunc
1866 1663 2089 1721 Litteris
2188 1663 2271 1710 εει
2294 1654 2410 1723 eius
2441 1655 2642 1717 “lima:
2672 1655 3010 1709 referendum
3037 1658 3272 1712 ἀσθενεί-
3291 1655 3598 1725 Longitudo
3620 1671 3730 1728 ετεο

532 1750 711 1818 posuit
733 1751 799 1807 de
837 1767 944 1820 quo
966 1753 1122 1808 nobis
1149 1768 1329 1809 sermo
1363 1763 1467 1811 est.
1495 1754 1563 1809 Et
1584 1754 1803 1810 videtur
1830 1756 2086 1825 propitia-

2187 1745 2529 1815 poniturejus
2540 1757 2592 1802 et
2605 1747 2849 1802 latitudo.
2867 1747 3310 1818 Longitudoillud
3323 1749 3595 1818 signiﬁcat
3608 1751 3729 1817 quod

532 1806 727 1898 iorium
760 1806 881 1911 hoe,
917 1806 981 1899 de
1011 1806 1119 1913 quin
1144 1806 1407 1914 script—um
1436 1854 1519 1900 est
1546 1846 1599 1901 in
1632 1806 1955 1913 Exodmradr
1970 1847 2086 1901 nul-
2120 1806 2162 1867 Β
2189 1806 2358 1892 ίεηάἰι
2381 1839 2448 1892 ad
2468 1839 2632 1894 Deum
2653 1806 3012 1908 Trinitatique
3036 1841 3309 1904 sociatur;
3347 1806 3730 1909 latitudo,thd

535 1933 644 1989 lum
683 1936 787 1992 nisi
835 1937 901 1990 ad
959 1938 1296 1994 Salvatorem
1345 1940 1628 1994 Dominum
1678 1941 1926 1997 retulisse
1961 1957 2082 1997 cum

529 2019 682 2088 dicit,
731 2022 855 2090 quia
889 2025 1030 2079 hunc
1063 2028 1243 2094 posuit
1277 2045 1296 2078 ‹
1327 2027 1470 2082 Deus
1509 2029 1942 2097 propitiatorium
1985 2046 2084 2100 per

525 2110 684 2168 ﬁdem
715 2113 784 2167 ⁸⁸.
822 2133 840 2166 ι
875 2115 1152 2182 Quomodo
1188 2133 1318 2172 sane
1377 2120 1532 2190 hujus
1565 2121 1679 2174 veri
1724 2121 2080 2191 propitiatorii

523 2197 695 2256 forma
727 2212 782 2257 et
804 2203 971 2272 ﬁgura
997 2203 1156 2258 fuerit
1189 2207 1315 2260 illud
1339 2209 1482 2277 quod
1512 2209 1564 2263 in
1593 2209 1782 2264 Exodo
1810 2211 2078 2266 describi-

523 2299 612 2344 tur
641 2293 687 2324 “
709 2307 774 2348 ex
801 2308 934 2348 auro
958 2297 1247 2364 purissimo
1287 2299 1507 2366 factum,
1537 2316 1710 2369 opera:
1732 2303 1960 2372 pretium
1997 2313 2081 2360 est

523 2382 868 2455 investigare.
908 2387 975 2441 Et
1024 2389 1197 2455 primo
1227 2390 1440 2459 quidem
1479 2393 1924 2447 considerandum
1971 2405 2076 2460 est,

519 2475 716 2543 quibus
765 2477 815 2530 in
851 2475 984 2532 locis
1024 2494 1214 2533 aurum
1246 2483 1386 2549 quod
1444 2481 1496 2535 in
1549 2497 1712 2551 opere
1763 2487 2074 2553 assumitur,

520 2578 711 2620 aurum
736 2583 930 2637 purum
962 2569 1173 2624 dicatur
1200 2589 1214 2626 :
1252 2572 1450 2639 quibus
1481 2587 1611 2626 vero
1638 2573 1691 2627 in
1726 2573 1858 2630 locis
1881 2591 2072 2632 aurum

515 2659 892 2713 tantummodo
914 2659 1032 2714 sine
1050 2659 1154 2714 ulla
1177 2661 1478 2732 adiectione
1495 2672 1744 2732 ponatur.
1765 2642 1917 2732 Quod
1973 2683 2074 2739 ego

517 2746 571 2801 in
601 2747 846 2816 pluribus
880 2750 1199 2820 observans,
1241 2753 1659 2822 deprehendisse
1699 2757 1830 2812 mihi
1863 2758 2070 2824 videor,

517 2840 663 2908 quod
693 2840 864 2897 sicubi
892 2857 1011 2896 cum
1043 2843 1351 2914 adiectione
1382 2861 1572 2901 aurum
1613 2861 1807 2916 purum
1839 2849 2069 2916 dicitur,

513 2929 721 2986 indicet
741 2942 983 2987 sanctam
1025 2933 1174 2989 illam
1203 2942 1260 2989 et
1281 2950 1473 3005 puram
1497 2933 1623 2992 Jesu
1657 2939 1916 3004 animam,
1949 2955 2070 3010 qua:

519 3035 543 3072 σ
577 3032 855 3090 peccatum
883 3039 991 3079 non
1025 3023 1173 3092 fecit,
1207 3039 1305 3081 nec
1327 3026 1576 3082 inventus
1596 3035 1680 3083 est
1706 3028 1859 3085 dolus
1889 3030 1941 3084 in
1967 3045 2068 3086 ore

2186 1931 2327 1986 inter
2345 1931 2588 1986 homines
2608 1933 2699 2002 qui
2725 1933 2887 1986 latam
2904 1931 3302 2001 spatiosamque
3325 1931 3474 1984 viam
3505 1931 3734 1993 incedere

2188 2023 2387 2090 solent,
2405 2035 2758 2080 conversatur
2780 2045 2792 2080 :
2817 2034 2870 2079 et
2893 2025 3013 2079 ideo
3035 2022 3350 2079 Mediatoris
3369 2032 3519 2078 recte
3535 2024 3731 2102 nomine

2183 2124 2552 2185 nuncupatur,
2595 2116 2743 2184 quia,
2795 2123 2855 2170 ut
2885 2117 3150 2181 diximus,
3201 2115 3382 2170 anima
3417 2116 3534 2169 haec
3563 2125 3729 2167 sancta

2186 2203 2362 2259 media
2397 2206 2616 2276 quidem
2647 2207 2746 2260 fuit
2777 2208 2915 2262 inter
2952 2207 3292 2262 divinitatem
3333 2205 3645 2269 Trinitatis,
3678 2215 3730 2260 et

2179 2295 2528 2367 fragilitatem
2578 2298 2948 2353 humanitatis.
2983 2296 3111 2352 Haec
3142 2312 3274 2366 ergo
3301 2297 3536 2366 intelligi
3571 2305 3728 2364 potest

2177 2386 2630 2456 propitiatorium,
2677 2389 2974 2443 secundum
3019 2403 3080 2443 ea
3123 2403 3244 2458 quae
3286 2403 3456 2457 supra
3486 2385 3724 2453 diximus,

2175 2477 2262 2532 cui
2283 2477 2571 2545 superponi
2595 2478 2846 2532 dicuntur
2867 2479 2969 2533 duo
2988 2476 3273 2543 cherubin,
3295 2492 3466 2531 unum
3489 2491 3554 2532 ex
3574 2477 3728 2531 latere

2175 2568 2280 2623 hoc
2319 2564 2458 2639 (81),
2493 2577 2550 2622 et
2588 2581 2752 2622 unum
2793 2582 2858 2623 ex
2887 2567 3054 2622 latere
3100 2567 3276 2622 altero
3301 2566 3372 2622 “.
3407 2567 3575 2638 Cujus
3606 2580 3726 2636 ergo

2175 2661 2400 2714 formam
2415 2660 2520 2715 duo
2542 2659 2643 2715 ista
2671 2660 2930 2714 cherubin
2953 2659 3154 2715 habere
3177 2661 3548 2716 existimanda
3570 2656 3723 2713 sunt?

2171 2751 2442 2807 Cherubin
2481 2753 2623 2806 enim
2660 2751 2714 2805 in
2749 2760 2986 2806 nostram
3026 2751 3267 2821 linguam
3314 2752 3719 2821 interpretatum

2169 2844 2549 2912 plenitudinem
2577 2843 2914 2898 scientiarum
2961 2843 3253 2914 signiﬁcat.
3300 2843 3404 2899 Ubi
3444 2855 3577 2912 ergo
3597 2841 3718 2894 dici-

2170 2950 2288 2990 mus
2317 2933 2702 3004 plenitudinem
2743 2934 3122 2999 scientiarum,
3161 2935 3262 2988 nisi
3300 2934 3354 2988 in
3401 2949 3468 2988 eo
3508 2935 3574 2988 de
3615 2947 3716 3000 quo

2169 3026 2300 3081 dicit
2333 3025 2663 3096 Apostolus:
2696 3042 2716 3077 ι
2754 3025 2811 3079 1η
2855 3040 2964 3095 quo
2993 3034 3118 3080 sunt
3146 3039 3341 3080 omnes
3373 3024 3607 3079 thesauri
3641 3038 3716 3075 sa-

510 3111 626 3180 ejus
653 3115 698 3146 ”
731 3132 746 3168 :
787 3135 807 3168 ι
838 3125 892 3171 et
925 3117 1027 3185 ipsi
1073 3117 1398 3173 conveniant
1429 3134 1695 3174 mensurae
1727 3121 1848 3175 ista:
1887 3122 2064 3193 lungi-
2091 3140 2135 3199 α
2169 3115 2384 3183 pientis:
2405 3127 2457 3170 et
2473 3115 2714 3170 scientiae
2733 3115 3130 3171 absconditi“?
3167 3133 3186 3167 ι
3225 3115 3303 3169 De
3327 3115 3513 3170 Verbo
3538 3115 3714 3183 utique

512 3205 717 3261 tudinis
748 3221 811 3261 ac
858 3207 1163 3264 latitudinis
1218 3209 1579 3279 propitiatorii
1609 3229 1624 3265 :
1655 3214 1899 3279 quamvis
1951 3216 2064 3269 haec

511 3293 802 3363 explanare
830 3297 902 3351 sit
927 3297 1176 3364 arduum,
1227 3307 1282 3352 et
1315 3307 1500 3366 aptare
1539 3301 1734 3355 anima:
1763 3301 1835 3355 illi
1862 3315 2062 3363 sancta:

511 3383 723 3451 singula
767 3399 993 3454 quaeque
1035 3401 1155 3456 quae
1185 3387 1254 3441 de
1299 3389 1678 3458 propitiatorio
1725 3393 2057 3448 referuntur.

511 3472 695 3528 Primo
726 3490 857 3545 ergo
882 3477 1162 3536 videamus
1190 3482 1334 3548 quod
1349 3482 1499 3548 dicit,
1527 3482 1910 3554 longitudinem
1935 3503 2059 3558 pro-

508 3567 770 3634 pitiatorii
820 3583 994 3638 neque
1027 3570 1163 3626 duos
1196 3575 1369 3627 solum
1407 3575 1616 3629 cubitos
1647 3576 1917 3646 habuisse,
1965 3581 2055 3649 qui

509 3672 765 3715 numerus
794 3661 1065 3716 sociandis
1087 3664 1512 3734 generandisque
1537 3668 1713 3736 aptari
1741 3671 2057 3738 corporibus

507 3748 643 3805 solet
679 3768 693 3804 :
723 3765 896 3820 neque
929 3760 1042 3808 tres
1081 3754 1342 3825 integros,
1377 3757 1468 3825 qui
1498 3772 1754 3813 numerus
1792 3763 2059 3816 excedere

505 3839 918 3909 appellationem
967 3852 1234 3898 creatura:
1272 3847 1574 3913 consuevit,
1613 3855 1668 3902 et
1721 3858 1930 3904 naturae
1973 3851 2057 3906 in-

501 3944 778 4000 corporeae
802 3934 1132 3990 consecrari.
1150 3935 1290 3990 Duos
1311 3951 1442 4008 ergo
1459 3937 1672 3993 cubitos
1697 3947 1752 3994 et
1774 3941 2054 3995 dimidium

502 4021 895 4094 longitudinem
923 4025 1055 4081 dicit
1093 4028 1481 4097 propitiatorii,
1509 4038 1567 4084 et
1606 4045 1772 4084 unum
1806 4046 1870 4086 ac
1898 4033 2057 4088 dimi-

501 4114 648 4168 dium
679 4115 1042 4171 latitudinem.
1073 4118 1224 4184 Quod
1256 4119 1518 4174 siaudere
1550 4120 1602 4174 in
1632 4120 1830 4178 talibus
1850 4121 1933 4180 fas
1950 4132 2052 4185 est,

501 4208 756 4277 quoniam
791 4207 925 4262 dicit
974 4208 1114 4264 idem
1160 4210 1449 4279 Apostolus
1493 4212 1561 4266 de
1617 4212 1869 4278 Christo,
1910 4215 2052 4284 quod

2174 3207 2266 3262 Dei
2293 3207 2407 3263 haec
2435 3207 2564 3261 dicit
2592 3205 2902 3276 Apostolus.
2939 3206 3046 3262 Sed
3086 3214 3139 3259 et
3180 3207 3247 3260 de
3296 3206 3506 3277 Spiritu
3537 3215 3714 3262 sancto

2168 3297 2366 3352 similia
2400 3297 2589 3352 scribit
2625 3313 2748 3353 cum
2791 3298 2958 3352 dicit:
3001 3314 3020 3348 ι
3050 3296 3215 3351 Nobis
3246 3308 3430 3351 autem
3472 3297 3713 3352 revelavit

2169 3389 2308 3444 Deus
2323 3404 2418 3460 per
2434 3389 2694 3460 Spiritum
2725 3404 2880 3444 suum
2907 3405 2922 3442 :
2949 3389 3178 3458 Spiritus
3198 3389 3344 3442 enim
3370 3389 3555 3442 omnia
3570 3401 3713 3444 scru-

2167 3493 2333 3548 tatur,
2383 3482 2545 3537 etiam
2587 3482 2692 3535 alta
2734 3481 2829 3536 Dei
2857 3482 2923 3535 ⁸⁸.
2964 3499 2984 3533 ι
3020 3481 3376 3550 Signiﬁcatur
3431 3479 3614 3549 igitur,
3656 3488 3714 3530 ut

2163 3586 2266 3642 ego
2299 3572 2553 3636 arbitror,
2581 3573 2632 3625 in
2663 3571 3180 3642 istupropitialorio,
3209 3571 3310 3625 hoc
3340 3581 3426 3625 est
3464 3569 3710 3623 inanima

2160 3663 2308 3728 Jesu,
2337 3664 2566 3718 Verbum
2599 3663 2712 3724 Dei.
2738 3664 2827 3732 qui
2858 3663 3266 3733 estunigenitus
3295 3662 3489 3727 Filius,
3510 3671 3564 3716 et
3588 3660 3709 3729 Spi-

2162 3756 2324 3808 ritum
2361 3755 2478 3824 ejus
2522 3765 2766 3808 sanctum
2807 3769 3018 3824 semper
3067 3755 3313 3808 habitare
3346 3771 3361 3807 :
3400 3763 3456 3808 et
3491 3755 3588 3807 hoc
3623 3763 3710 3805 est

2158 3846 2303 3914 quod
2329 3845 2573 3900 indicant
2603 3847 2711 3900 duo
2743 3845 3006 3900 cherubin
3038 3845 3420 3915 propitiatorio
3451 3859 3707 3915 superpo-

2157 3938 2284 3990 sita.
2320 3936 2425 3990 Sed
2455 3945 2511 3991 et
2551 3937 2680 3990 illud
2715 3937 2974 4000 observa,
3023 3937 3164 4004 quod
3203 3952 3308 3992 non
3351 3938 3488 3990 dixit
3519 3953 3534 3991 :
3571 3937 3708 3990 Che-

2157 4027 2312 4081 rubin
2346 4043 2510 4081 unum
2539 4042 2604 4082 ex
2639 4027 2807 4081 latere
2832 4029 3046 4090 dextro,
3077 4038 3132 4081 ct
3162 4027 3432 4082 cherubin
3462 4027 3598 4081 aliud
3636 4040 3706 4080 ex

2155 4116 2332 4172 latere
2365 4119 2624 4183 sinistro;
2659 4122 2752 4173 sed
2790 4120 2866 4171 ait
2897 4136 2910 4172 :
2949 4138 2966 4169 ι
2997 4118 3270 4179 Cheruhin
3317 4134 3481 4172 unum
3509 4133 3575 4172 ex
3621 4117 3703 4171 la-

2156 4216 2271 4263 tere
2318 4209 2449 4269 hoc.
2488 4218 2542 4262 et
2579 4210 2842 4264 cherubin
2894 4209 3037 4263 aliud
3079 4225 3144 4264 ex
3193 4210 3363 4264 latere
3409 4209 3713 4264 alterOuut

505 4315 525 4347 ι
570 4298 660 4352 Dei
690 4307 744 4353 et
780 4299 1061 4353 hominum
1112 4300 1381 4356 mediator
1412 4311 1496 4357 est
1522 4303 1588 4367 “,
1621 4321 1639 4356 ι
1671 4304 1888 4359 videtur
1920 4308 2050 4360 mihi
2151 4299 2466 4356 ostenderet
2496 4299 2551 4354 in
2591 4301 2681 4354 illo
2712 4301 3121 4370 propitiatorio,
3177 4303 3280 4355 hoc
3311 4311 3396 4356 est
3435 4303 3486 4356 in
3527 4301 3704 4354 anima

498 4389 647 4443 inter
683 4391 849 4445 Deum
887 4399 942 4446 et
984 4391 1257 4445 hominem
1297 4395 1473 4448 media
1523 4394 1637 4449 haec
1671 4409 1794 4451 esse
1835 4397 2047 4460 anima,
2151 4391 2374 4459 Christi,
2404 4392 2684 4447 sinistrum
2725 4393 2856 4447 nihil
2893 4391 3078 4448 fuisse.
3107 4392 3452 4448 Suntautem
3481 4403 3535 4448 et
3572 4407 3706 4462 pen-

496 4493 617 4549 quze
640 4478 864 4534 inferior
908 4480 1122 4549 quidem
1147 4482 1277 4536 sita
1303 4483 1584 4539 Trinitatis
1612 4493 1801 4539 natura
1826 4524 1842 4551 ,
1873 4487 2051 4542 minus
2083 4471 2125 4526 ι)
2159 4493 2286 4538 nata
2326 4485 2432 4538 duo
2480 4484 2594 4537 haec
2632 4484 2924 4546 cherubin;
2966 4493 3021 4536 et
3065 4498 3170 4535 non
3212 4483 3391 4535 solum
3431 4491 3653 4551 pennata
3685 4518 3702 4543 ,

496 4571 698 4640 aliquid
721 4571 944 4637 habens,
975 4587 1074 4629 nec
1105 4583 1279 4628 tamen
1313 4590 1432 4629 cum
1461 4576 1584 4630 inde
1609 4577 1751 4630 infra
1784 4578 1876 4645 sit,
1908 4581 2048 4633 duali
2156 4575 2250 4630 sed
2273 4583 2329 4628 et
2351 4575 2462 4628 alas
2483 4589 2607 4629 suas
2630 4575 2939 4643 pandentia.
2979 4573 3036 4627 Si
3069 4573 3189 4640 quis
3219 4583 3525 4627 sanctorum
3550 4587 3700 4625 sum-

493 4678 718 4720 numero
734 4664 893 4734 quiin
918 4680 1146 4736 corpore
1168 4665 1354 4732 positis
1379 4666 1669 4736 deputatur
1692 4670 1829 4742 (79),
1849 4671 2050 4741 absque
2152 4681 2295 4720 mum
2329 4663 2489 4734 515
2523 4665 2719 4719 habere
2745 4680 2774 4718 a
2807 4665 2914 4718 Deo
2947 4664 3312 4717 testimonium
3367 4668 3584 4727 meruit,
3617 4666 3705 4718 di-

491 4757 689 4813 eximia
727 4767 780 4812 et
811 4759 1136 4828 praecellenti
1191 4761 1446 4816 virtutum
1487 4777 1710 4817 suarum
1749 4765 2045 4822 eminentia
2149 4768 2293 4811 clm"
2327 4769 2409 4812 est
2437 4759 2578 4825 quod
2612 4756 2753 4812 Deus
2781 4767 2926 4811 esset
2967 4771 3088 4810 cum
3133 4773 3233 4821 εον
3279 4760 3420 4812 δίευῑ
3463 4759 3524 4811 de
3567 4754 3702 4809 λεδιι

491 4849 800 4905 misceatur.
825 4850 936 4905 Hoc
964 4851 1108 4906 enim
1145 4853 1451 4908 ostenditur
1484 4854 1626 4922 quod
1652 4868 1900 4909 mensura
1929 4856 2045 4924 ejus
2148 4850 2294 4906 Nave
2316 4852 2515 4907 dicitur
2543 4851 2588 4884 °‘
2619 4868 2634 4905 :
2669 4867 2689 4902 ι
2727 4849 2793 4905 Et
2812 4851 2951 4908 Deus
2974 4861 3238 4907 eratcum
3269 4855 3407 4924 ipso,
3437 4855 3569 4909 sicut
3593 4853 3706 4906 fuit

559 5016 605 5050 ⁸⁸
621 5013 790 5070 Exod.
814 5031 945 5080 xxv,
976 5015 1043 5070 17
1069 5030 1183 5085 seq.
1258 5017 1303 5052 ⁸⁸
1334 5016 1488 5072 Rom.
1524 5033 1608 5081 ιιι,
1638 5019 1729 5073 25.
1806 5021 1851 5052 ⁶⁰
1879 5020 2044 5075 Exod.

2175 5019 2317 5084 517.
2397 5018 2440 5049 ⁸⁸
2464 5016 2480 5070 l
2506 5016 2649 5070 Petr.
2678 5029 2740 5077 tt,
2765 5011 2856 5066 22.
2931 5012 3020 5067 “l
3051 5012 3190 5068 Tim.
3229 5028 3290 5077 ιι,
3328 5012 3383 5067 5.
3457 5014 3497 5047 ⁵³
3526 5015 3700 5066 Exmt.

487 5101 614 5154 xxv,
649 5088 736 5152 i8,
766 5087 850 5142 l9.
927 5085 971 5118 ⁸⁸
999 5086 1205 5142 Coloss.
1234 5103 1294 5154 ιι,
1319 5089 1372 5142 3.
1447 5088 1533 5141 ⁸⁵1
1559 5087 1686 5147 Cor.
1723 5089 1883 5156 11,10.
1993 5091 2037 5122 “
2062 5089 2222 5146 Josue
2250 5107 2289 5158 l,
2321 5090 2372 5144 5.

2145 5269 2165 5302 ι
2195 5265 2293 5320 pro
2321 5249 2543 5312 eximia,
2577 5254 2746 5320 retr.

557 5247 672 5318 (76)
710 5247 827 5318 Al.._
855 5265 873 5297 ι
916 5247 1090 5301 Unum
1127 5249 1332 5303 chcrub
1362 5265 1425 5303 ex
1456 5249 1626 5304 latere
1646 5250 1772 5315 hoc,
1806 5261 1860 5306 ct
1890 5251 2032 5306 aliud

2208 5321 2319 5387 (80)
2358 5320 2466 5383 AL,
2495 5336 2514 5368 ο
2544 5317 2782 5371 cubitum
2808 5312 3006 5369 habere
3029 5329 3060 5367 a
3083 5313 3368 5382 propheta,
3402 5319 3691 5380 propterea

487 5316 692 5372 cherub
718 5333 782 5388 ex
818 5316 986 5371 latere
1015 5321 1186 5374 altero
1214 5320 1598 5388 propitiatorii.
1633 5339 1651 5371 ι
1680 5321 1784 5376 Sed
1802 5322 1916 5376 hac
1941 5326 2032 5375 de-

485 5389 694 5459 sun_t_in
721 5387 874 5459 libris
908 5399 1063 5442 antea
1087 5389 1268 5444 editis.
1320 5387 1327 5388 7
1515 5458 1520 5459 ί
2118 5388 2331 5459 quidem
2364 5387 2475 5459 (aL,
2513 5407 2531 5438 ι
2561 5389 2802 5459 cubitum
2826 5389 3051 5459 (habere,
3075 5390 3358 5459 prophetia
3389 5388 3603 5459 quidem
3639 5389 3691 5459 ι]

553 5457 668 5529 (77)
705 5457 870 5529 Alias,
913 5475 932 5507 ι
975 5459 1334 5522 innotescunt,
1366 5475 1386 5510 ι
1423 5458 1580 5512 male.
2118 5455 2473 5529 de_monade,_
2495 5472 2558 5511 ac
2586 5457 2840 5529 singulari
2886 5473 2984 5529 sua
3027 5455 3260 5529 statione
3295 5457 3408 5529 [al.,
3445 5478 3461 5507 ι
3493 5455 3695 5529 βίηειιξ

553 5527 666 5599 (78)
704 5527 873 5599 Alias,
911 5543 930 5576 ‹
962 5542 1127 5596 Opera
1157 5547 1175 5578 ι
1213 5543 1310 5599 pro
1334 5529 1595 5599 «omnia.
1631 5548 1651 5582 ι
2118 5527 2244 5599 laris
2278 5527 2617 5599 vastatione,
2660 5526 2818 5599 fab,
2851 5548 2871 5599 ᾳ
2917 5527 3171 5598 singulari
3212 5526 3340 5597 quid
3380 5526 3579 5580 vastius
3639 5527 3694 5599 ι]

553 5596 686 5668 (79)
710 5596 799 5649 Sic
830 5599 1090 5668 Erasmus
1109 5606 1163 5668 et
1209 5597 1614 5663 Geuebrardus,
1647 5610 1701 5654 et
1731 5609 1881 5657 recte
1909 5601 2034 5668 qui-
2117 5597 2473 5663 describitur,
2510 5617 2528 5649 ι
2560 5609 2665 5652 etc.
2696 5598 2898 5652 Deinde
2946 5596 3086 5668 mss.
3120 5596 3293 5652 nostri
3338 5613 3520 5651 omnes
3546 5596 3694 5666 per;

484 5667 627 5737 dem.
660 5667 850 5721 Caneri
884 5682 1010 5720 vero
1034 5667 1159 5719 editi
1183 5677 1238 5721 et
1275 5680 1405 5720 mss.
1439 5670 1610 5720 nostri
1637 5685 1846 5732 omnes,
1883 5689 1902 5722 ι
1929 5667 2029 5737 qui
2119 5683 2321 5737 peram.
2343 5669 2688 5737 rc-corruisse.
2716 5690 2732 5717 ι
2767 5684 2863 5737 pro
2897 5687 2915 5718 σ
2948 5667 3205 5721 crevisse.
3241 5687 3259 5717 ο

485 5736 537 5786 in
568 5750 790 5805 corpore
822 5739 1027 5807 positus
1058 5739 1361 5792 deputatur.
1403 5755 1421 5783 ι
1464 5737 1666 5794 Deinde
1708 5757 1802 5792 ms.
1856 5736 1990 5794 unus
2016 5782 2029 5806 ,
2123 5736 2134 5737 ί
2191 5738 2297 5806 (81)
2328 5736 2485 5802 Alias,
2524 5759 2542 5790 ε
2577 5755 2715 5792 unus
2741 5736 2802 5793 ex
2833 5739 2996 5793 latere
3026 5739 3148 5802 hoc,
3177 5749 3231 5791 et
3259 5754 3411 5793 unus.
3451 5756 3469 5787 ι
