3754 6540
61 375 166 432 949

1008 364 1363 423 COMMENT.
1400 342 1464 420 IN
1496 363 1714 420 EPIST.
1752 365 1842 419 an
1881 362 2047 417 non.
2085 359 2212 416 LIB.
2241 361 2328 415 lll.

3182 357 3285 413 950

62 506 188 545 cum
219 487 403 560 Moyse
433 484 633 542 famulo
665 484 801 553 cj-us.
840 503 860 536 ι
900 483 1086 540 Sicubi
1146 500 1271 541 vero
1311 484 1630 554 pollicitatio
1657 498 1702 554 Α
1732 491 1813 538 est
1840 498 1854 536 :
1886 480 1982 535 sed
2007 480 2072 534 de
2101 479 2278 533 anima
2309 476 2457 547 ejus,
2484 491 2602 546 quae
2628 476 2755 530 licet
2804 475 3178 545 inseparabilis
3216 476 3288 528 sit

63 583 291 652 majoris
333 596 364 634 a
411 581 523 634 Deo
560 580 802 646 muneris
843 579 1032 646 datur,
1077 580 1206 633 dicit
1257 579 1446 632 Dcus:
1503 594 1522 628 ι
1561 576 1626 630 Et

64 691 156 729 cro
193 675 250 728 in
281 675 380 739 eis,
412 681 468 727 et
489 672 775 726 ambulabo
807 671 947 726 inter
975 686 1068 726 eos
1095 671 1160 724 ⁸⁷.
1197 689 1215 722 ι
1249 669 1462 724 Nullam
1496 683 1624 723 vero

63 767 205 822 inter
245 764 489 821 homines
529 762 606 817 ita
636 763 849 818 beatam
887 771 943 818 et
987 762 1062 816 ita
1089 761 1356 816 excelsam
1389 759 1625 828 reperies

65 857 327 918 animam,
355 853 460 908 nisi
491 853 630 909 hanc
656 853 845 919 solam,
875 853 926 906 in
947 867 1052 922 qua
1080 859 1283 907 tantum
1306 849 1622 915 latitudinis,

68 956 280 1001 tantum
317 944 634 1016 capacitatis
665 944 868 998 invenit
897 942 1131 999 Verbum
1157 943 1284 1008 Dei,
1314 951 1369 998 et
1391 940 1627 1011 Spiritus

68 1047 311 1102 sanctus,
332 1045 392 1091 ut
416 1052 522 1092 non
545 1035 716 1092 solum
741 1035 1006 1100 habitare,
1030 1036 1124 1090 sed
1148 1044 1202 1090 et
1229 1034 1342 1090 alas
1366 1033 1624 1105 pandere,

69 1142 120 1186 et
145 1143 288 1184 novo
315 1124 641 1184 sacramenti
707 1125 814 1181 ritu
845 1125 1138 1195 aliquando
1187 1126 1351 1179 etiam
1401 1124 1628 1180 volitare

71 1222 304 1276 dicatur.
365 1218 583 1274 Faciem
633 1231 848 1287 quoque
893 1225 1084 1272 contra
1119 1231 1182 1272 se
1207 1218 1436 1272 invicem
1467 1232 1627 1286 super

72 1316 210 1370 hanc
238 1316 454 1368 beatam
485 1311 718 1365 animam
747 1310 1008 1364 cherubin
1043 1317 1270 1379 utraque
1314 1311 1513 1366 habere
1547 1310 1628 1363 di-

72 1419 295 1472 cuntur,
323 1419 419 1475 per
448 1405 589 1474 quod
611 1417 837 1457 concors
868 1402 916 1456 ei
945 1411 1281 1458 etconsonus
1310 1401 1488 1456 aFilio
1510 1402 1625 1468 Dei,

75 1510 126 1552 et
152 1512 182 1550 a
215 1496 426 1564 Spiritu
465 1503 656 1550 sancto
700 1492 995 1548 divinitatis
1024 1507 1215 1548 sensus
1244 1492 1355 1564 (89.)
1392 1492 1629 1547 infundi-

75 1598 177 1644 tur.
224 1585 328 1642 Ubi
366 1593 544 1638 autem
572 1581 950 1652 superponitur
973 1581 1086 1636 haec
1114 1579 1291 1635 anima
1309 1580 1417 1634 Deo
1451 1579 1628 1650 plena,

79 1680 130 1732 in
177 1691 286 1745 qua
316 1673 644 1744 complacuit
683 1672 932 1728 habitare
975 1685 1189 1726 omnem
1241 1671 1627 1740 plenitudinem

78 1767 300 1822 Deitatis
314 1766 402 1819 ‘3?
434 1784 453 1818 ι
476 1765 649 1834 Super
690 1779 895 1830 arcam,
930 1763 1140 1831 inquit,
1182 1762 1490 1818 testamenti
1509 1762 1574 1818 ⁸⁸.
1605 1781 1622 1814 ι

1729 587 1759 626 a
1789 570 1966 625 Verbo
1997 569 2114 638 Dei,
2157 577 2335 625 creata
2373 579 2550 622 tamen
2573 577 2680 632 est,
2702 575 2756 620 et
2790 567 3061 636 Unigeniti
3088 567 3288 628 deitate

2131 677 2229 716 nec
2280 661 2722 717 inconvenienter
2775 659 3046 713 videbitur
3106 658 3172 712 de
3222 671 3287 712 ea

1730 756 1956 819 dictum,
1986 755 2131 824 quod
2163 763 2454 822 antequam
2482 759 2632 806 esset
2663 751 2939 821 proposita
2963 759 3047 804 est
3074 758 3128 805 ct
3154 765 3291 820 prte-

1729 847 1977 901 ordinata
2006 853 2065 900 ut
2089 852 2232 900 esset
2256 842 2710 914 propitiatorium.
2743 840 2880 909 Quia
2909 854 3058 912 ergo,
3100 855 3294 894 secun-

1731 941 1857 994 dum
1909 952 1972 993 ea
2027 953 2145 1006 qua:
2183 951 2343 1006 supra
2372 934 2750 1006 exposuimus,
2791 932 2976 989 Jesum
3016 931 3291 987 Christum

1737 1046 1757 1078 ι
1801 1027 2082 1098 praposuit
2113 1027 2252 1080 Deus
2285 1023 2718 1094 propitiatorium
2746 1037 2843 1094 per
2874 1023 3031 1078 ﬁdem
3065 1023 3118 1077 in
3168 1034 3294 1076 san-

1731 1118 1891 1188 guine
1921 1115 2132 1185 ejus",
2176 1135 2194 1168 ι
2234 1115 2599 1170 necessarium
2643 1113 2856 1168 videtur
2900 1113 3181 1183 requirere
3227 1110 3295 1164 de

1733 1207 1932 1262 divinis
1982 1206 2192 1277 legibus
2239 1221 2358 1276 qua:
2413 1204 2485 1259 sit
2539 1203 2849 1274 propitiatio
2879 1219 2999 1274 quae
3043 1216 3138 1272 per
3173 1215 3295 1255 san-

1734 1297 1948 1369 guinem
1981 1296 2105 1364 ﬁat,
2138 1307 2197 1350 ut
2225 1312 2292 1352 ex
2329 1297 2412 1351 his
2441 1297 2694 1366 colligere
2735 1295 3000 1366 possimus
3027 1292 3296 1362 quomodo

1733 1387 1896 1442 etiam
1940 1401 2036 1457 per
2097 1388 2411 1456 sanguinem
2467 1386 2594 1442 Jesu
2644 1385 2954 1456 prOpiIiatio
3000 1382 3140 1437 facta
3202 1380 3292 1436 sit.

1735 1475 2008 1545 Scriptum
2039 1485 2125 1530 est
2153 1477 2206 1530 in
2242 1475 2486 1529 Levitico
2529 1485 2648 1542 post
2688 1472 2956 1542 pontiﬁcis
3005 1471 3242 1526 hostiam
3278 1483 3295 1523 :

1741 1586 1758 1620 ‹
1798 1566 1952 1632 Quod
1981 1566 2023 1621 si
2049 1567 2225 1622 omnis
2253 1566 2532 1636 Synagoga
2566 1564 2727 1620 lsrael
2759 1562 3121 1632 ignoraverit,
3147 1571 3200 1615 et
3228 1561 3302 1614 la-

1739 1660 1903 1714 tuerit
1923 1675 2100 1714 sermo
2121 1661 2188 1716 ab
2211 1661 2384 1715 oculis
2408 1660 2548 1731 ejus,
2576 1669 2628 1714 et
2651 1658 2842 1714 fecerit
2870 1671 3032 1712 unum
3057 1657 3124 1712 de
3146 1671 3300 1709 man-

1738 1751 1880 1806 datis
1910 1751 2121 1806 Domini
2151 1751 2296 1821 quod
2330 1767 2434 1806 non
2472 1751 2594 1816 ﬁet,
2624 1759 2680 1806 et
2708 1749 3028 1818 deliquerit,
3061 1756 3116 1802 et
3143 1747 3302 1802 inno-

1730 663 1999 736 posterior
2049 680 2064 715 :

81 1859 257 1914 Potest
316 1872 443 1913 arca
491 1856 802 1912 testamenti
847 1865 1034 1910 sancta
1087 1853 1201 1924 ejus
1249 1869 1414 1918 caro,
1445 1853 1498 1907 in
1527 1868 1631 1923 qua

1741 1841 1901 1895 tuerit
1924 1840 2004 1895 eis
2031 1850 2310 1911 peccatum
2338 1842 2480 1909 quod
2510 1847 2904 1908 peccaverunt,
2940 1838 3171 1892 adducet
3202 1835 3300 1905 Sy-

80 1954 227 2008 beata
277 1952 394 2006 haec
440 1951 620 2003 anima
661 1947 991 2010 collocatur,
1021 1945 1273 2016 intelligi,
1311 1945 1517 2000 habens
1573 1943 1628 1998 in

76 2055 126 2095 se
153 2040 463 2095 testimonia
491 2038 607 2105 Dei,
636 2054 756 2110 quae
799 2040 1169 2112 intelliguntur
1192 2039 1394 2097 Christi
1421 2057 1555 2112 quas
1583 2043 1639 2096 in

76 2148 227 2186 carne
257 2134 484 2204 pertulit
512 2135 792 2203 passiones
824 2134 1019 2189 divinis
1052 2133 1178 2188 olim
1211 2134 1480 2204 praedicta:
1525 2133 1636 2206 (85)

78 2223 418 2278 testimoniis.
447 2223 680 2278 Possunt
718 2224 881 2279 etiam
922 2225 1151 2280 virtutes
1194 2225 1442 2280 caelestes
1479 2225 1642 2279 intel-

82 2304 163 2373 ligi
201 2319 334 2359 arca
371 2302 504 2372 Dei,
539 2319 659 2372 quae
709 2313 765 2358 et
812 2303 941 2374 ipsae
982 2316 1213 2370 capaces
1244 2300 1459 2369 quidem
1507 2310 1633 2356 sunt

84 2395 231 2450 Verbi
265 2395 387 2458 Dei,
414 2404 468 2449 et
502 2393 736 2464 Spiritus
779 2393 986 2457 sancti,
1034 2392 1126 2448 sed
1171 2393 1506 2462 praaponitur
1555 2392 1634 2447 eis

89 2488 254 2542 anima
296 2485 460 2552 Jesu,
502 2496 556 2542 et
603 2487 716 2557 ipsa
745 2485 1138 2556 quodammodo
1165 2485 1479 2539 mediatrice
1510 2498 1634 2554 gra-

87 2581 204 2634 tiam
227 2581 428 2634 divina:
461 2578 763 2649 largitionis
793 2576 1083 2645 accipiunt.
1133 2575 1262 2630 Post
1302 2576 1417 2630 hzec
1454 2592 1468 2628 :
1507 2593 1526 2627 σ
1569 2575 1635 2630 Et

85 2665 410 2720 innotescam
467 2665 595 2730 tibi,
644 2665 854 2734 inquit,
905 2664 1065 2730 inde,
1123 2672 1179 2718 et
1224 2663 1414 2733 loquar
1465 2665 1531 2719 ad
1582 2673 1635 2719 te

87 2755 308 2825 desuper
360 2755 828 2824 prepitiatorio".
871 2773 891 2806 ι
939 2753 1056 2809 Non
1101 2755 1271 2810 solum
1303 2755 1507 2828 Moysi,
1539 2759 1634 2812 sed

89 2856 133 2898 et
163 2847 456 2915 unicuique
496 2855 808 2901 sanctorum
860 2847 950 2916 qui
982 2845 1213 2902 famulus
1239 2848 1331 2902 Dei
1379 2860 1494 2914 est,
1529 2863 1634 2903 non

87 2937 287 2992 aliunde
315 2939 607 2992 innotescit
656 2939 831 3004 Deus,
889 2955 986 2996 nec
1024 2939 1237 2994 aliunde
1266 2941 1634 3008 cognoscitur,

91 3028 178 3082 nisi
213 3028 276 3082 de
308 3027 681 3097 propitiatorio
728 3029 829 3082 isto
875 3031 1019 3098 quod
1059 3044 1222 3099 supra
1264 3031 1634 3099 exposuimus,

89 3117 220 3172 etde
259 3117 446 3172 medio
486 3118 768 3173 cherubin.
814 3118 928 3173 lloc
972 3127 1028 3172 et
1067 3117 1319 3174 Habacuc
1376 3120 1634 3189 propheta

90 3208 350 3278 signiﬁcat
380 3209 469 3263 ubi
503 3208 631 3263 dicit
663 3224 677 3261 :
717 3227 736 3260 ι
766 3207 822 3262 In
857 3207 1036 3263 medio
1072 3209 1296 3263 duorum
1326 3208 1636 3262 animalium
1663 3201 1706 3260 C

91 3301 426 3369 cognosceris
449 3317 461 3353 :
492 3299 616 3352 dum
642 3299 1184 3370 appropinquaverint
1206 3300 1330 3354 anni
1350 3315 1639 3370 cognosce-

94 3393 186 3457 ris,
232 3403 286 3448 et
332 3408 454 3448 cum
495 3392 728 3447 adfuerit
768 3401 978 3468 tempus
1026 3392 1419 3448 ostenderis".
1471 3391 1638 3447 Nemo

91 3483 218 3536 enim
268 3482 377 3537 scit
412 3481 623 3536 Patrem
665 3479 768 3535 nisi
811 3480 1016 3546 Filius,
1043 3491 1098 3536 et
1140 3481 1225 3535 cui
1270 3481 1504 3536 voluerit
1545 3481 1638 3534 Fi-

91 3573 180 3627 lius
209 3573 462 3628 revelare
477 3573 544 3625 ⁷².
581 3591 600 3623 ι
639 3570 744 3625 Sed
773 3580 826 3626 et
852 3570 1051 3626 Paulus
1081 3572 1231 3636 dicit,
1267 3573 1393 3642 quia
1426 3591 1445 3624 ‹
1485 3575 1638 3628 nobis

93 3665 337 3720 revelavit
369 3665 514 3720 Deus
557 3680 656 3735 per
690 3664 954 3735 Spiritum
996 3679 1152 3720 suum
1177 3666 1242 3718 ⁷³.
1292 3685 1312 3718 ι
1349 3665 1636 3736 Propterea

94 3774 202 3828 ergo
225 3759 358 3813 dicit
389 3757 533 3827 quod
567 3775 587 3808 ι
621 3759 954 3813 innotescam
1001 3758 1100 3812 tibi
1137 3759 1292 3821 inde,
1339 3768 1394 3812 et
1446 3759 1639 3828 loquar

94 3854 176 3907 tibi
222 3855 453 3922 desuper
476 3851 849 3922 propitiatorio
890 3851 1034 3906 inter
1067 3850 1174 3906 duo
1217 3851 1479 3912 cherubin
1521 3865 1640 3921 qua:

95 3951 205 3997 sunt
234 3957 399 4012 super
426 3955 610 3996 arcam
634 3942 941 3997 testamenti
966 3943 1031 3998 ⁷⁵.
1071 3959 1089 3994 ι
1123 3941 1258 3997 Puto
1288 3949 1467 3996 autem
1495 3941 1637 4011 quod

93 4047 186 4086 non
222 4031 528 4101 importune
553 4045 614 4085 ea
643 4044 765 4100 quas
797 4031 862 4085 de
904 4031 1087 4085 Exodo
1124 4030 1515 4100 assumpsimus
1542 4045 1638 4084 ex-

94 4119 292 4187 planata
322 4121 458 4186 sint,
484 4127 544 4172 ut
563 4118 784 4174 evidens
814 4118 966 4174 ﬁeret
989 4133 1181 4174 sensus
1205 4122 1474 4189 quomodo
1498 4120 1638 4188 Apoc

95 4209 244 4265 stolas
263 4210 315 4264 in
339 4208 590 4279 prmsenti
609 4207 728 4263 loco
749 4208 1109 4276 propitiatorii
1124 4222 1314 4263 nomen
1333 4222 1639 4277 assumpse-

96 4301 155 4355 rit
171 4316 286 4356 cum
308 4301 484 4356 dicit:
514 4316 533 4350 ι
560 4297 728 4365 Quem
752 4298 1182 4368 proposuitDeus
1205 4297 1637 4368 propitiatorium

96 4410 177 4464 per
199 4396 378 4453 ﬁdem.
410 4417 430 4451 ι
470 4396 576 4454 Sed
600 4407 654 4453 et
677 4399 777 4454 hoc
799 4398 974 4469 ipsum
998 4397 1142 4467 quod
1172 4397 1309 4451 dixit
1336 4436 1350 4462 ,
1391 4413 1410 4447 ι
1441 4411 1635 4466 propo-

97 4488 222 4554 suit,
255 4508 276 4543 ι
312 4490 486 4560 magis
537 4490 603 4545 de
658 4490 835 4544 anima
896 4488 1061 4555 Jesu,
1112 4503 1274 4558 quam
1329 4488 1396 4542 de
1437 4487 1636 4542 deitate

98 4578 196 4645 ejus
229 4579 437 4635 dictum
478 4581 706 4635 sentitur
735 4579 870 4652 (84).
923 4597 944 4630 ‹
979 4579 1270 4647 Proposuit
1312 4596 1332 4630 ι
1366 4576 1509 4632 enim
1545 4579 1632 4630 in-

101 4670 333 4740 telligitur
367 4672 520 4740 quasi
568 4672 721 4740 prius
753 4672 975 4741 posuit,
1029 4672 1130 4725 hoc
1171 4678 1255 4724 est
1325 4669 1634 4740 priusquam

97 4769 242 4814 esset.
281 4759 438 4827 Quod
483 4763 626 4815 enim
657 4771 738 4816 est
771 4762 989 4830 ponitur
1014 4801 1029 4825 ,
1079 4760 1216 4828 quod
1263 4761 1497 4814 nondum
1555 4769 1638 4814 est

102 4853 420 4918 proponitur.
462 4850 577 4906 Non
628 4865 756 4921 ergo
803 4852 1055 4906 convenit
1091 4851 1156 4904 de
1188 4864 1252 4904 eo
1298 4850 1387 4918 qui
1426 4863 1639 4917 semper

103 4951 232 5008 erat,
261 4942 314 4997 id
366 4951 452 4999 est
497 4943 564 4998 de
605 4941 781 4998 Verbo
814 4942 954 5008 Dei,
1007 4943 1110 4996 dici
1161 4942 1283 5010 quia
1330 4943 1636 5011 prepositus

153 5079 383 5160 f’Levit.
417 5083 682 5148 xxv1,12.
757 5084 802 5114 ⁸⁸
821 5082 1027 5137 Coloss.
1071 5097 1111 5146 ι,
1149 5081 1237 5134 19.
1316 5081 1358 5111 δί’
1389 5077 1560 5134 Exod.
1606 5099 1732 5144 xxv,
1765 5083 1854 5135 2t.

159 5187 173 5201 .
240 5151 284 5182 ⁷³
315 5152 486 5205 lCor.
520 5167 582 5205 ιι.
613 5153 699 5205 10.
780 5153 827 5184 ⁷⁵
861 5153 1027 5205 Exod.
1057 5166 1184 5205 xxv.
1215 5149 1302 5202 2‘2.
1403 5151 1447 5180 ⁷³
1485 5150 1638 5205 Rom.
1681 5170 1760 5205 Ill.
1788 5152 1854 5205 25

1532 5166 1638 5205 om.
1681 5170 1760 5215 Ill,
1788 5166 1876 5207 20.

100 5147 173 5201 27.
240 5151 284 5182 ⁷³
315 5152 486 5206 lCOl'.
520 5147 582 5214 tl,
613 5153 699 5206 10.
780 5153 827 5184 ⁷⁵
861 5153 1027 5207 Exod.
1057 5166 1184 5214 xxv,
1215 5149 1302 5202 29..

1738 1947 1944 2004 nagOga
1985 1935 2213 1990 vitulum
2267 1949 2333 1990 ex
2381 1935 2553 1990 bobus
2597 1933 2855 2004 (85),pro
2892 1941 3156 2002 peccato;
3193 1948 3212 1980 ι
3246 1937 3301 1984 et

1738 2033 1860 2092 post
1893 2040 2063 2093 pauca
2098 2044 2112 2080 :
2145 2043 2164 2078 ι
2205 2027 2271 2080 Et
2303 2027 2499 2081 inferet
2544 2027 2797 2081 sacerdos
2826 2026 2918 2094 qui
2962 2033 3158 2079 unctus
3195 2033 3300 2088 est,

1737 2131 1804 2171 ex
1834 2118 2095 2188 sanguine
2137 2118 2288 2173 vituli
2344 2121 2397 2174 in
2446 2118 2845 2173 tabernaculum
2902 2115 3234 2179 testimonii;
3274 2133 3293 2165 ο

1739 2216 1793 2262 et
1843 2217 1965 2278 post
2016 2224 2188 2278 pauca
2234 2210 2474 2264 iterum:
2517 2229 2535 2261 ι
2575 2210 2640 2264 Et
2690 2209 2883 2274 faciet,
2939 2207 3148 2277 inquit,
3222 2206 3303 2258 vi-

1740 2299 1908 2354 tulum
1929 2341 1945 2367 ,
1977 2303 2427 2370 quemadmodum
2487 2303 2615 2358 fecit
2657 2303 2894 2358 vitulum
2922 2317 3021 2371 pro
3049 2310 3298 2372 peccato,

1740 2400 1793 2445 et
1814 2393 2188 2461 repropitiabit
2204 2410 2300 2464 pro
2316 2396 2400 2450 his
2417 2393 2690 2459 sacerdos,
2706 2403 2760 2450 et
2778 2394 3083 2449 remittetur
3100 2392 3180 2447 eis
3197 2393 3265 2447 ⁷⁸.
3277 2410 3296 2445 ι

1742 2478 1848 2534 Per
1894 2483 2214 2551 sanguinem
2264 2499 2393 2554 ergo
2425 2485 2537 2558 (86)
2568 2486 2883 2555 repropitiat
2930 2485 3179 2541 sacerdos
3206 2499 3304 2554 pro

1739 2573 1884 2624 omni
1913 2572 2199 2644 Synagoga
2227 2585 2288 2628 ut
2319 2578 2627 2632 remittatur
2653 2577 2751 2631 eis.
2775 2576 3134 2645 Requiramus
3162 2587 3304 2632 nunc

1741 2661 1951 2730 singula
1990 2679 2218 2734 quaeque
2244 2668 2461 2721 nomina
2504 2682 2624 2737 quae
2673 2667 2738 2722 de
2779 2667 3065 2722 Salvatore
3101 2655 3304 2735 scripta

1743 2765 1912 2820 sunt,
1945 2767 2000 2811 et
2028 2757 2082 2811 in
2111 2758 2336 2826 singulis
2366 2759 2815 2830 appellationibus
2865 2772 2984 2826 quae
3031 2757 3136 2812 sint
3185 2771 3305 2825 qua:

1742 2844 2088 2913 designentur
2111 2847 2417 2917 diligentius
2447 2847 2892 2917 contemplemur.
2923 2846 3170 2901 invenies
3201 2846 3304 2916 igi-

1744 2943 1866 3002 tur,
1906 2938 2160 3005 quoniam
2207 2942 2422 3008 quidem
2471 2942 2522 2994 in
2570 2941 2683 3008 ipso
2712 2936 3302 3006 complacuithabitare

1743 3040 1954 3081 omnem
1985 3028 2374 3096 plenitudinem
2425 3031 2720 3086 divinitatis
2747 3028 3127 3099 corporaliter,
3180 3041 3306 3083 esse

1746 3119 1918 3188 ipsum
1955 3123 2505 3200 etprupitiatorium,
2534 3132 2590 3179 et
2617 3119 2954 3193 pontiﬁcem,
2985 3129 3040 3174 et
3067 3120 3303 3175 hostiam

1741 3237 1858 3291 qua:
1885 3216 2106 3274 oﬁertur
2132 3233 2228 3288 pro
2256 3217 2450 3286 populo
2482 3217 2547 3267 ".
2583 3216 2648 3269 Et
2681 3217 2898 3286 quidem
2934 3215 2999 3270 de
3037 3211 3302 3284 propitia-

1742 3315 1881 3369 torio
1907 3313 2018 3382 jam
2053 3311 2186 3366 satis
2213 3318 2296 3365 est
2326 3310 2554 3366 dictum.
2596 3309 2702 3364 Sed
2736 3319 2791 3364 et
2819 3309 2884 3364 de
2906 3307 3160 3378 pontiﬁce
3189 3305 3304 3358 evi-

1740 3409 1928 3462 denter
1955 3404 2121 3460 David
2154 3404 2208 3458 in
2235 3401 2450 3458 Psalmo
2479 3402 2546 3467 ⁷⁸,
2597 3411 2652 3457 et
2699 3401 2977 3472 apostolus
3011 3399 3209 3455 Paulus
3236 3399 3302 3451 ad

1742 3497 1997 3553 Hebraeos
2025 3496 2073 3528 ⁷⁹
2102 3493 2312 3550 scribit.
2351 3491 2502 3558 Quod
2533 3500 2712 3546 autem
2740 3494 2808 3547 sit
2834 3502 2888 3546 et
2912 3490 3114 3557 hostia,
3141 3498 3306 3545 testa-

1741 3599 1830 3644 tur
1853 3587 2112 3653 Joannes,
2147 3585 2370 3639 dicens:
2408 3601 2426 3634 ι
2461 3582 2562 3638 llic
2590 3593 2673 3638 est
2702 3583 2884 3652 Agnus
2906 3581 2996 3637 Dei
3037 3581 3128 3650 qui
3163 3578 3304 3633 tollit

1741 3689 1964 3750 peccata
1993 3677 2175 3731 mundi
2206 3677 2272 3729 ⁸⁸.
2327 3693 2344 3726 ι
2381 3674 2692 3729 Secundum
2727 3673 2830 3729 hoc
2859 3688 2987 3744 ergo
3025 3672 3167 3742 quod
3206 3671 3305 3726 ho-

1740 3770 1841 3824 stia
1869 3775 1976 3831 est,
2003 3764 2318 3835 profusione
2345 3763 2622 3832 sanguinis
2636 3761 3048 3832 suipr0pitiatio
3074 3758 3302 3814 eﬁicitur
3367 3797 3375 3805 .

1740 3859 1792 3912 in
1823 3872 1887 3912 co
1935 3855 2078 3925 quod
2117 3855 2210 3909 dat
2239 3853 2613 3908 remissionem
2635 3850 3053 3922 praecedentium
3077 3849 3302 3904 delicto-

1742 3963 1904 4001 rum:
1961 3959 2082 4015 quaa
2130 3953 2307 3998 tamen
2361 3941 2673 4012 prepitiatio
2732 3942 2801 3996 ad
2861 3954 3299 4009 unumquemque

1740 4041 2072 4094 credentium
2107 4050 2203 4104 per
2251 4035 2391 4087 viam
2429 4033 2551 4087 ﬁdei
2591 4033 2758 4087 venit.
2799 4032 2913 4086 Nisi
2961 4035 3103 4088 enim
3143 4034 3299 4086 daret

1743 4129 2119 4184 remissionem
2156 4124 2575 4195 praecedentium
2603 4123 2950 4191 delictorum,
2985 4124 3299 4192 propitiatio

1740 4238 1843 4276 non
1881 4220 2202 4288 probaretur
2240 4217 2448 4271 effecta.
2477 4215 2610 4270 Cum
2645 4230 2776 4269 vero
2823 4224 3166 4284 peccatorum
3212 4231 3299 4270 re-

1741 4313 1924 4367 missio
1955 4312 2261 4376 tribuatur,
2298 4318 2502 4362 certum
2557 4315 2641 4363 est
2673 4307 3110 4376 propitiationem
3166 4304 3302 4361 eﬁ‘u-

1737 4407 1889 4459 sione
1917 4402 2058 4458 sacri
2083 4402 2361 4471 sanguinis
2390 4400 2731 4469 adimplctam
2764 4400 2806 4431 ⁸¹
2843 4415 2856 4451 :
2893 4417 2913 4450 ι
2937 4399 3154 4468 Absque
3177 4413 3302 4453 san-

1739 4494 1916 4564 guinis
1949 4512 1968 4544 ι
1999 4493 2142 4546 enim
2176 4508 2194 4541 σ
2227 4489 2521 4556 effusione,
2585 4510 2604 4542 ι
2639 4491 2780 4545 sicut
2820 4489 3108 4558 Apostolus
3147 4489 3297 4554 dicit,

1743 4604 1762 4637 ι
1804 4601 1906 4640 non
1934 4583 1991 4637 fit
2029 4582 2274 4637 remissio
2307 4600 2326 4634 ι
2368 4590 2736 4650 peccatorum.
2767 4579 2965 4637 Verum
3001 4595 3067 4635 ne
3095 4579 3296 4635 Paulus

1740 4678 1833 4731 tibi
1863 4680 2008 4732 solus
2061 4675 2472 4744 prassumpsisse
2521 4675 2632 4745 (87)
2685 4673 2847 4743 516
2898 4673 3298 4743 pr0pitiationis

1741 4784 1932 4823 nomen
1969 4768 2216 4822 videatur
2250 4767 2301 4820 in
2327 4765 2566 4832 Christo,
2595 4768 2718 4819 audi
2745 4765 3014 4834 quomodo
3052 4774 3104 4819 et
3133 4763 3301 4817 Joano

1740 4877 1834 4914 nes
1859 4874 2093 4914 consone
2121 4857 2232 4928 (88)
2267 4859 2331 4912 de
2361 4859 2462 4912 hoc
2493 4873 2655 4912 sensu
2695 4857 2946 4925 loquatur
2978 4871 3097 4908 cum
3133 4855 3297 4908 dicit:

1744 4972 1762 5002 ι
1808 4952 1981 5006 Filioli
2017 4951 2158 5015 mei,
2210 4952 2321 5004 haec
2350 4951 2529 5005 scribo
2557 4949 2739 5014 vobis,
2778 4959 2834 5000 ut
2884 4965 2986 5001 non
3040 4947 3298 5016 peccetis.

1930 5083 1974 5112 ⁷⁰
2013 5082 2141 5133 ibid.
2182 5081 2275 5133 22.
2348 5080 2390 5109 ⁷⁸
2436 5078 2635 5132 llabac.
2668 5093 2746 5139 Ill,
2780 5075 2834 5127 2.
2909 5077 2952 5106 ⁷³
2990 5075 3177 5129 Matth.
3220 5089 3300 5138 at,

2008 5152 2055 5182 ⁷⁶
2088 5150 2254 5206 Levit.
2294 5163 2369 5211 ιν,
2401 5148 2487 5208 15,
2531 5149 2620 5208 14,
2661 5148 2746 5210 lli,
2779 5146 2868 5200 20.
3013 5145 3056 5175 ⁷⁷
3089 5143 3297 5199 Coloss.

101 5232 135 5282 ι,
170 5220 258 5286 19;
300 5237 362 5287 ιι,
395 5221 449 5278 9.
523 5222 568 5253 ’⁷⁸
605 5222 746 5277 Psal.
778 5238 884 5290 CIX,
913 5224 966 5274 4.
1040 5222 1084 5254 ⁷ο
1118 5221 1278 5274 llebr.
1320 5235 1354 5272 ιι
1393 5231 1448 5274 et
1485 5236 1596 5290 seq.

1757 5222 1912 5278 Joan.
1942 5238 1979 5286 ι,
2020 5220 2107 5274 29.
2184 5220 2224 5251 ⁸¹
2265 5217 2426 5272 Hebr.
2471 5233 2548 5282 lli,
2579 5216 2670 5272 22.

161 5336 266 5408 (8‘2)
302 5339 483 5402 Alias,
520 5357 540 5390 ο
575 5355 794 5406 pensus,
837 5357 855 5390 ι
892 5338 1051 5392 male.

134 5407 261 5483 .(85)
298 5409 456 5483 Al.,_¢
495 5411 801 5476 prmdicata,
840 5428 867 5483 ξ
893 5409 1131 5483 Deinde,
1160 5428 1178 5459 ‹
1205 5409 1437 5483 Possunt
1469 5409 1630 5483 etiam

104 5477 306 5531 virtutes
337 5481 604 5542 cwlestes,
640 5498 657 5529 ι
695 5483 800 5532 et'c.
836 5480 1069 5532 Sanctus
1102 5479 1346 5540 Basilius,
1384 5479 1474 5530 lib.
1508 5497 1526 5527 ι
1559 5477 1631 5530 De

106 5543 281 5611 Spiritu
311 5557 522 5612 sancto,
553 5568 570 5598 ι
611 5564 728 5614 cap.
763 5549 854 5610 29,
888 5549 1059 5600 locant
1094 5549 1234 5601 hunc
1268 5548 1348 5601 sic
1393 5563 1635 5601 cnmmc-~

105 5618 360 5687 ινφ-ειμιὶὶ
385 5619 522 5687 ἱεραὶ
545 5619 795 5686 δυνάμεις
825 5620 1123 5687 χωρητικαὶ
1150 5618 1245 5669 τοῦ
1274 5617 1624 5683 Μονογενοῦς,

105 5685 290 5754 καὶτῆς
317 5686 408 5738 τοῦ
437 5685 591 5752 ἀγίῡυ
623 5685 758 5739 Iluau'
771 5685 932 5755 μάὲος
955 5685 1224 5755 θεότητος.
1264 5706 1280 5736 ε
1314 5689 1494 5741 Sacrae
1525 5689 1630 5739 viro

106 5758 225 5808 tates
248 5772 470 5826 capaces
503 5771 619 5812 sunt
654 5758 944 5828 Unigeuili,
977 5770 1026 5813 ct
1055 5759 1230 5813 sancti
1253 5756 1489 5821 Spiritus
1519 5757 1627 5812 dei-

1751 5340 1896 5392 tatis.
1949 5358 1967 5390 ι

1814 5410 1926 5482 (8i)
1962 5409 2131 5482 Alias,
2179 5425 2197 5456 ε
2233 5405 2513 5482 sentietur.
2561 5422 2579 5454 ι

1812 5472 1924 5550 (ὅῦ)
1961 5479 2192 5550 ᾼ-Ιίίιδης
2218 5475 2463 5550 duobus,
2499 5492 2516 5524 ι
2555 5472 2711 5525 male.

1833 5544 1921 5616 8U)
1961 5547 2119 5614 Ergo.
2155 5544 2314 5605 Editi,
2350 5561 2367 5593 ι
2411 5558 2557 5595 vero.
2594 5563 2611 5592 ι

1809 5555 1921 5676 ἓδϋ)
1961 5555 2119 5614 Ergo.
2155 5555 2314 5605 b‘dttt,
2350 5561 2367 5593 ι
2411 5558 2557 5595 vero.
2594 5563 2611 5592 ι

1819 5622 1921 5685 ,87)
1960 5619 2127 5679 Alias,
2173 5633 2188 5665 ι
2235 5615 2660 5685 proposuisse._t

1810 5681 1916 5759 (88)
1958 5687 2139 5761 Alias,
2177 5703 2200 5761 r
2230 5697 2484 5760 consona,
2527 5702 2547 5759 ῃ
2583 5681 2677 5761 ai,
2722 5702 2735 5734 ‹
2769 5697 3025 5752 consono.
3064 5697 3084 5731 ι
