3754 6530
523 383 628 443 955

1986 359 2303 421 ORIGENIS
3600 341 3672 398 956

525 503 751 565 tionem,
798 509 854 554 et
899 497 1032 554 dicit
1082 497 1254 565 legem
1301 507 1524 564 operum
1553 500 1607 546 ct
1631 491 1800 561 legem
1834 487 1956 543 ﬁdei
1985 485 2084 558 (5),
2115 488 2163 544 A
2188 478 2486 551 sapientiae,
2540 473 2632 529 alii
2667 481 2851 565 sermo
2881 461 3451 565 scicntimnsecnndum
3481 461 3672 565 eumdem

523 592 808 647 considera
855 591 1020 644 etiam
1068 588 1201 656 ipse,
1239 586 1329 655 qui
1381 586 1539 655 legis,
1589 593 1767 638 utrum
1815 580 1882 635 ail
1912 580 2084 648 legem

526 677 696 748 Moysi
732 688 787 733 et
836 678 1004 746 legem
1055 675 1352 730 naturalem
1383 687 1562 730 sermo
1584 673 1673 726 hic
1703 672 1895 726 debeat
1924 668 2085 724 incli-

527 769 645 823 nari
668 785 684 831 ;
711 783 779 822 an
817 769 884 823 ad
927 769 1095 838 legem
1119 766 1331 832 {litterae
1360 775 1416 820 et
1460 765 1632 834 legem
1665 762 1886 832 spiritus
1918 776 1932 812 :
1959 759 2087 828 quia

518 857 613 912 .lex
648 859 842 913 litterae
863 857 1085 922 occidit,
1110 866 1166 911 et
1189 863 1415 910 mortem
1428 915 1435 922 ν,
1458 862 1749 923 operatur;
1795 851 1882 906 lex
1908 856 2088 902 autem

529 947 754 1016 spiritus
778 948 901 1002 vita:
925 947 1120 1002 liberat
1145 963 1176 1001 a
1200 946 1319 1016 lege
1351 944 1560 1014 peccati
1596 951 1652 998 et
1678 939 1890 996 mortis.

601 1039 690 1094 10.
717 1039 869 1095 Unde
905 1048 959 1093 et
985 1039 1370 1094 convenienter
1412 1037 1468 1091 in
1501 1033 1958 1103 consequentibus
1995 1044 2090 1100 po-

529 1131 613 1186 nit
647 1145 660 1183 :
692 1148 711 1181 (
751 1131 831 1184 An
853 1129 1158 1186 Judmorum
1187 1130 1328 1184 Deus
1355 1126 1606 1182 tantum?
1656 1125 1843 1181 Nonne
1873 1135 1928 1180 et
1955 1140 2088 1193 gen-

532 1221 700 1275 tium?
730 1220 840 1275 imo
869 1228 924 1275 et
948 1222 1206 1291 gentium.
1237 1220 1502 1286 Quoniam
1530 1218 1747 1288 quidem
1777 1231 1914 1270 unus
1949 1217 2094 1270 Deus

531 1312 622 1378 qui
641 1309 907 1376 justiﬁcat
931 1311 1399 1365 circumcisionem
1430 1324 1493 1364 ex
1523 1309 1627 1362 ﬁde
1648 1347 1665 1370 ,
1692 1315 1750 1362 et
1777 1307 2092 1376 praeputium

531 1415 629 1468 per
659 1400 816 1454 ﬁdem
870 1399 934 1452 ¹⁶.
975 1417 994 1450 ι
1035 1398 1129 1453 His
1175 1399 1389 1467 quidem
1432 1399 1526 1466 qui
1568 1397 1731 1451 alium
1763 1396 1954 1450 volunt
1974 1408 2096 1450 esse

533 1489 839 1544 Jndaeorum
879 1489 1068 1552 Deum,
1111 1497 1166 1542 et
1197 1489 1357 1542 alium
1383 1489 1646 1559 gentium,
1697 1488 1749 1542 id
1787 1495 1873 1542 est
1925 1486 2090 1539 alium

537 1579 716 1645 Legis,
747 1591 802 1636 et
844 1581 1009 1635 alium
1063 1581 1501 1650 Evangeliorum,
1552 1579 1800 1635 satisvde
1848 1580 1951 1635 hoc
1990 1577 2099 1634 erit

538 1681 764 1738 angusta
808 1681 864 1726 et
902 1684 1051 1728 arcta
1101 1674 1402 1742 responsio,
1441 1673 1688 1742 apostolo
1717 1671 1882 1727 Paulo
1926 1671 2098 1726 abun-

539 1763 753 1815 dantius
801 1765 933 1819 satis
986 1766 1146 1819 dante
1179 1766 1503 1819 sententiam
1539 1779 1691 1820 suam
1719 1764 1795 1834 (6)
1825 1779 1947 1819 cum
1986 1778 2094 1817 non

2191 549 2476 642 spiritum,
2517 567 2605 621 alii
2652 564 2786 618 ﬁdes
2818 561 2871 614 in
2905 559 3091 614 eodem
3135 554 3428 642 Spiritui".
3471 568 3489 602 ι
3517 549 3583 642 si
3601 566 3673 603 non

2189 639 2338 718 solus
2370 656 2569 713 Paulus
2599 651 2878 725 apostolus
2900 649 3089 703 barum
3117 641 3511 699 distinctionum
3545 639 3676 694 obser-
3724 639 3725 690 ἡ

2189 751 2402 806 vantias
2450 754 2617 813 tenet,
2661 744 2759 800 sed
2800 750 2856 798 et
2899 739 3154 798 Joannes,
3189 734 3276 804 qui
3322 746 3440 786 cum
3464 731 3522 785 de
3550 729 3676 782 Verbo
3724 759 3725 766 η

2192 841 2290 896 Dei
2332 837 2476 894 dicat
2501 835 2626 906 quia
2665 850 2688 885 ε
2737 828 2919 887 omnia
2944 841 3041 897 per
3067 824 3238 893 ipsum
3287 819 3428 873 facta
3458 825 3568 876 sunt
3588 816 3671 881 ",i
3724 853 3725 856 η

2192 933 2357 986 vitam
2385 942 2494 983 non
2524 940 2618 997 per
2647 923 2848 994 ipsum,
2875 917 3045 974 sed-in
3071 915 3188 984 ipso
3218 912 3413 966 factam
3443 922 3548 963 esse
3565 917 3676 961 tesu-

2196 1033 2303 1087 tur,
2324 1019 2510 1075 dicens
2539 1034 2556 1072 :
2585 1033 2605 1068 ‹
2631 1012 2782 1081 Quod
2807 1012 3006 1066 faetum
3032 1016 3136 1072 est,
3158 1007 3212 1061 in
3241 1005 3358 1074 ipso
3377 1001 3478 1055 vita
3500 1008 3593 1055 erat
3607 1000 3673 1054 “.i

2195 1113 2264 1168 Et
2299 1110 2555 1181 quoniam
2608 1106 2835 1161 multum
2883 1110 2968 1157 est
3013 1109 3160 1154 utea
3189 1111 3308 1167 qua:
3340 1105 3477 1148 nunc
3509 1091 3677 1157 exempli

2197 1218 2362 1258 causa
2416 1199 2737 1272 protulimus
2766 1201 3128 1263 exponentur,
3181 1201 3395 1244 sensum
3427 1199 3586 1238 eorum
3616 1197 3678 1250 pro

2199 1303 2358 1364 captu
2391 1301 2580 1348 nostro
2607 1288 2847 1344 breviter
2873 1283 3208 1354 colligamus.
3241 1278 3377 1333 Cum
3407 1275 3679 1335 dicitur,¢ex

2199 1389 2338 1459 ipso,
2373 1405 2394 1439 ι
2427 1381 2723 1454 principale
2755 1377 2958 1448 aliquid
3001 1374 3159 1442 hujus
3189 1367 3565 1440 praepositionis
3586 1365 3679 1459 indi-

2199 1456 2285 1534 cio
2335 1476 2544 1530 videtur
2577 1470 2808 1528 ostendi.
2847 1466 2982 1523 Cum
3014 1478 3142 1519 vero
3179 1479 3198 1513 ι
3227 1475 3326 1530 per
3375 1459 3531 1528 ipsum
3559 1473 3575 1508 ι
3599 1456 3680 1508 dici-

2200 1579 2310 1632 tur,
2335 1564 2609 1636 sequentis
2637 1573 2835 1623 causa,
2864 1556 2917 1611 id
2955 1563 3039 1610 est
3093 1552 3212 1622 ejus
3245 1565 3368 1619 quae
3395 1555 3507 1617 post
3541 1543 3681 1613 princi-
3724 1593 3725 1608 1

2202 1658 2375 1730 palem
2419 1635 2535 1719 est,
2591 1649 2945 1721 intelligentia
2999 1646 3314 1714 designatur
3342 1639 3470 1709 (ll).
3497 1636 3552 1692 Ut
3578 1635 3679 1686 verbi

2203 1765 2369 1806 causa
2397 1749 2641 1802 dicamus
2669 1744 2812 1814 quod
2850 1741 2944 1804 ait,
2979 1758 2998 1791 ι
3028 1737 3106 1792 Ex
3131 1738 3270 1805 ipso,
3293 1741 3347 1786 et
3371 1746 3461 1800 per
3485 1731 3682 1792 ipsum,et

540 1853 714 1906 solum
745 1869 906 1908 unum
954 1855 1097 1910 dicat
1143 1871 1264 1911 esse
1311 1855 1477 1911 Deum
1533 1819 1840 1910 Judmorum
1879 1865 1935 1910 et
1964 1870 2095 1923 gen-
2126 1837 2169 1893 Β
2198 1842 2250 1895 in
2281 1841 2397 1908 ἱρεο
2420 1845 2543 1892 sunt
2580 1834 2759 1890 omnia
2780 1833 2823 1865 ²¹
2844 1850 2858 1885 :
2882 1844 3005 1883 t—t
3028 1841 3093 1881 ex
3113 1827 3251 1894 ipso,
3273 1841 3292 1875 ι
3317 1822 3495 1892 prima:
3519 1819 3683 1923 creatio-

543 1941 700 2009 tium,
744 1945 838 1998 sed
866 1953 922 1999 et
967 1946 1127 2000 addat
1167 1948 1309 2014 quod
1355 1946 1495 2001 idem
1539 1955 1700 2015 atque
1746 1947 1859 2015 ipse
1899 1945 1971 2000 sit
2008 1944 2101 2012 qui

537 2028 797 2099 jnstiﬁcat
825 2033 1290 2090 circumcisionem
1330 2049 1397 2090 ex
1423 2035 1548 2103 ﬁde,
1579 2044 1633 2090 et
1659 2035 1981 2105 praeputium
2007 2049 2103 2104 per

543 2122 730 2176 ﬁdem.
777 2124 928 2189 Quod
959 2136 1014 2180 et
1045 2127 1090 2180 si
1136 2127 1605 2181 circumcisionem
1653 2142 1753 2196 per
1787 2125 2102 2196 allegoriam

545 2214 825 2284 suscipere
875 2216 1164 2284 voluerint,
1223 2219 1296 2272 ita
1350 2228 1410 2271 ut
1467 2227 1686 2272 sanctos
1734 2227 1788 2272 et
1831 2218 2105 2286 spiritales

547 2319 789 2374 quosque
822 2307 888 2362 ab
918 2322 982 2361 eo
1005 2308 1467 2363 circumcisionem
1493 2309 1674 2363 dicant
1703 2322 1823 2363 esse
1865 2307 2101 2376 appella-

548 2404 654 2460 tos,
685 2400 863 2452 statim
911 2401 962 2454 in
996 2399 1443 2469 consequentibus
1475 2399 1750 2455 invenient
1774 2399 1982 2454 obicem
2007 2398 2106 2468 (7).

551 2488 608 2542 Si
635 2489 777 2543 enim
810 2491 1275 2547 circumcisionem
1325 2503 1565 2558 sanctos,
1603 2492 1711 2560 vel,
1739 2502 1799 2546 ut
1828 2490 1901 2546 illi
1934 2491 2099 2545 nomio

551 2587 701 2644 nant,
729 2581 998 2650 spiritales
1045 2584 1346 2654 appellavit,
1380 2599 1715 2655 consequens
1763 2593 1844 2639 est
1877 2593 1934 2636 ut
1967 2597 2107 2652 prte-

550 2671 760 2739 pntium
811 2682 1124 2742 peccatores
1158 2676 1375 2740 dixerit,
1426 2691 1560 2743 quos
1607 2674 1685 2730 illi
1715 2674 1982 2730 animales
2009 2688 2107 2728 vo-

550 2773 675 2816 eant
703 2763 799 2834 (8).
833 2764 895 2818 Et
923 2769 1190 2833 quomodo
1220 2769 1523 2833 conveniet,
1553 2778 1610 2821 ut
1636 2769 1808 2822 bonus
1835 2768 1978 2822 Deus
2012 2781 2105 2836 pa-

553 2852 687 2905 riter
731 2855 1002 2920 spiritales
1043 2856 1414 2927 aninmlesque
1465 2859 1766 2928 justiﬁcet?
1818 2857 1926 2912 Illis
1980 2871 2110 2926 ergo

551 2939 607 2994 in
657 2943 738 2996 bis
787 2946 1025 3013 Apostoli
1084 2949 1429 3001 sermonibus
1474 2949 1648 3003 nodus
1713 2947 2111 3003 inextricabilis

553 3033 678 3086 erit.
728 3035 1030 3089 Secundum
1059 3053 1154 3092 nos
1183 3053 1332 3103 vero,
1365 3040 1456 3108 qui
1499 3040 1966 3095 circumcisionem
2019 3055 2112 3096 eos

554 3125 645 3192 qui
685 3139 748 3179 ex
777 3123 976 3182 Judaris
998 3131 1366 3197 crediderunt,
1397 3143 1449 3186 et
1496 3135 1814 3202 praeputium
1846 3133 2113 3188 nihilomi-

560 3229 660 3266 nus
687 3231 780 3269 eos
801 3217 890 3285 qui
924 3217 989 3270 ad
1028 3219 1185 3273 ﬁdem
1221 3235 1286 3274 ex
1320 3195 1572 3287 gentibus
1609 3195 1790 3276 vocati
1827 3232 1953 3276 sunt
1990 3222 2116 3277 dici-
2140 3195 2182 3254 θ

563 3319 706 3371 mus,
735 3306 889 3373 plana
915 3309 1018 3363 erit
1039 3320 1091 3363 et
1128 3309 1301 3364 facilis
1321 3312 1608 3380 expositio.
1654 3311 1798 3366 Idem
1827 3313 1975 3368 enim
2001 3313 2116 3382 ipse

558 3395 700 3450 Deus
727 3411 790 3449 ex
819 3406 1041 3467 utroque
1071 3401 1263 3470 popqu
1286 3403 1568 3457 credentes
1596 3416 1703 3457 non
1738 3403 2114 3459 circumcisio-

561 3485 644 3540 ais
678 3497 770 3539 aut
798 3491 1043 3558 prtnptttii
1073 3491 1377 3562 privilegio,
1399 3495 1490 3548 sed
1522 3493 1692 3548 solius
1720 3494 1840 3548 ﬁdei
1868 3503 2114 3549 contem-

559 3573 1094 3646 plationejustiﬁcat.
1131 3581 1390 3650 Superest
1423 3593 1476 3636 et
1509 3583 1668 3637 unius
1705 3583 1928 3654 syllabae
1963 3583 2118 3638 diﬁc-

559 3666 754 3730 rentia,
780 3667 835 3721 in
868 3684 970 3738 qua
997 3672 1234 3727 variasse
1263 3675 1476 3728 videtur
1507 3675 1817 3744 Apostolus.
1871 3675 1987 3731 Non
2017 3690 2118 3732 nos

558 3756 730 3812 otiose
755 3769 1039 3828 praetereat
1063 3764 1203 3831 quod
1231 3764 1359 3819 dicit
1381 3766 1479 3838 (9),
1500 3768 1623 3837 quia
1651 3767 2117 3823 circumcisionem

560 3862 624 3901 ex
653 3850 1032 3918 ﬁdejustiﬁcct
1061 3855 1220 3919 Deus,
1255 3867 1310 3912 et
1344 3873 1449 3912 non
1482 3875 1577 3927 per
1605 3860 1764 3915 ﬁdem
1797 3861 1873 3924 ¹⁶;
1907 3876 2121 3931 pratpu-

561 3939 693 3992 tium
721 3955 850 3997 vero
869 3959 966 4012 per
994 3945 1172 4011 fidem,
1207 3955 1260 4001 et
1283 3963 1385 4002 non
1419 3963 1481 4002 ex
1515 3951 1636 4003 fide.
1665 3948 1780 4004 Non
1811 3951 1954 4003 enim
1989 3949 2119 4003 mihi

562 4031 774 4084 videtur
806 4035 1073 4102 superﬂua
1111 4037 1249 4104 apud
1275 4052 1397 4089 eum
1428 4039 1614 4092 haberi
1649 4038 1755 4092 ista
1788 4039 2122 4108 prtepositio-

563 4139 689 4176 num
717 4128 1065 4179 commutatio
1097 4127 1228 4197 (l0),
1259 4128 1382 4195 quia
1429 4128 1731 4184 invenimus
1769 4132 1834 4183 ab
1875 4145 1938 4184 eo
1983 4139 2034 4182 et
2065 4129 2119 4182 in

563 4213 682 4266 aliis
705 4213 860 4278 locis,
884 4232 989 4270 non
1019 4227 1073 4269 ut
1101 4218 1246 4281 libet,
1275 4219 1369 4272 sed
1399 4219 1750 4273 observanter
1778 4221 1895 4274 haec
1929 4220 2119 4289 posita,

564 4314 621 4358 et
652 4308 956 4362 necessario
1003 4307 1362 4363 diﬁerentiam
1410 4309 1775 4364 distinctionis
1816 4309 1977 4378 hujus
2003 4325 2123 4365 esse

565 4406 861 4464 servatam,
898 4400 1037 4453 sicut
1063 4415 1182 4454 cum
1214 4399 1280 4454 de
1305 4398 1416 4453 Deo
1449 4397 1674 4468 loquens
1706 4400 1838 4454 dicit
1872 4417 1885 4453 :
1922 4419 1941 4452 ‹
1980 4399 2124 4467 Quo-

565 4487 710 4542 niam
761 4504 829 4543 ex
882 4490 1018 4559 ipso,
1082 4499 1139 4546 et
1194 4508 1292 4562 per
1338 4495 1599 4564 seipsum,
1632 4501 1688 4547 et
1735 4492 1788 4545 in
1845 4491 1961 4560 ipso
1996 4500 2122 4544 sunt

565 4581 748 4634 omnia
774 4582 838 4631 ".
887 4599 906 4632 ι
948 4583 1012 4636 Ει
1058 4584 1253 4638 iterum
1309 4587 1435 4640 alibi
1497 4587 1668 4639 dicit:
1709 4602 1727 4635 ‹
1771 4583 1924 4638 Sicut
1974 4583 2118 4638 enim

567 4671 760 4728 mulier
803 4689 869 4729 ex
925 4672 1066 4738 viro,
1102 4677 1182 4730 sic
1223 4685 1277 4731 et
1311 4677 1392 4729 vir
1448 4693 1542 4746 per
1585 4675 1864 4730 mulierem
1899 4693 1913 4730 :
1943 4675 2124 4729 omnia

567 4775 746 4820 autem
772 4783 835 4822 ex
869 4769 973 4822 Deo
1001 4770 1063 4824 ‘3.
1095 4787 1114 4820 ο
1150 4767 1278 4822 Tale
1309 4777 1388 4821 est
1439 4777 1492 4820 et
1546 4767 1688 4835 quod
1717 4767 1783 4820 ad
1817 4765 2126 4821 Corinthios

566 4851 756 4906 scribit
785 4869 798 4906 :
835 4874 853 4906 ι
885 4856 991 4910 Alii
1044 4856 1258 4926 quidem
1317 4869 1411 4923 per
1465 4853 1723 4923 Spiritum
1753 4854 1912 4907 datur
1944 4867 2124 4908 sermo

642 4992 686 5024 ³⁸
717 4993 870 5048 Rom.
905 5009 983 5059 ιιι,
1005 4993 1094 5048 50.
1159 4994 1200 5024 ¹⁷
1224 4993 1377 5049 Rom.
1410 5007 1484 5055 χι,
1513 4993 1600 5045 56.

571 5075 648 5128 xt,
677 5063 767 5118 56.
842 5064 887 5095 ’³
914 5065 936 5118 ι
970 5064 1093 5119 Cor.
1124 5078 1202 5129 xt,
1233 5065 1320 5118 l2.

639 5183 716 5255 (5)
741 5185 900 5252 Editi,
936 5203 956 5236 ι
993 5185 1108 5240 Dei.
1149 5202 1169 5236 ι

641 5251 718 5324 (6)
745 5255 833 5309 Sic
856 5251 1043 5310 omnes
1076 5270 1205 5309 mss.
1243 5255 1432 5310 nostri.
1482 5253 1621 5308 Editi
1653 5267 1800 5318 vero,
1837 5251 2025 5324 «satis
2056 5251 2125 5324 de

574 5321 677 5378 hoc
699 5321 939 5394 angusta
987 5333 1041 5378 et
1082 5335 1231 5378 arcta
1263 5325 1540 5393 responsio
1581 5325 1647 5378 ab
1686 5323 1929 5391 apostolo
1959 5321 2124 5376 Paulo

573 5404 859 5462 praestatur
886 5407 902 5446 :
932 5395 1070 5450 satis
1100 5395 1336 5448 ostendit
1362 5395 1685 5448 sententiam
1715 5406 1889 5447 suam.
1925 5408 1944 5442 ι

643 5462 719 5532 (7)
745 5464 850 5526 ΑΙ.,
886 5481 905 5514 t
940 5464 1175 5531 objicere
1196 5503 1211 5527 ,
1249 5483 1268 5517 ›
1300 5465 1460 5518 male.

645 5533 722 5601 (8)
749 5534 920 5600 Alias,
951 5550 970 5583 ι
1007 5549 1143 5601 quos
1166 5535 1255 5588 ille
1281 5533 1539 5587 animales
1563 5540 1739 5586 vocat.
1771 5547 1791 5581 ι

648 5598 724 5671 (9)
752 5604 860 5668 AL,
907 5598 934 5654 ἰ
986 5598 1245 5671 Siiperest
1305 5612 1363 5657 ut
1411 5604 1637 5656 unius...
1696 5615 1802 5654 non
1852 5613 1949 5654 nos
1995 5598 2123 5670 [al.,

582 5689 601 5723 ι
633 5671 851 5745 nec‘nos
883 5671 931 5745 ι]
962 5672 1133 5727 otiose
1155 5681 1443 5745 praetereat
1472 5673 1598 5740 quid
1627 5673 1775 5726 dicit.
1813 5689 1832 5722 ι

646 5743 757 5816 (10)
780 5740 941 5814 Α1.,’«
977 5740 1369 5814 praepositionis
1401 5761 1419 5795 ι
1449 5758 1590 5796 nunc
1635 5759 1653 5792 ι
1689 5740 2055 5796 commutatio.
2102 5757 2123 5789 ι

1415 5062 1462 5095 ⁸⁵
1490 5063 1663 5118 Galat.
1700 5078 1775 5128 IV,
1803 5061 1859 5117 4.

1093 6519 1193 6528 .————
1247 6519 1358 6530 ...—-—‘
1369 6519 1384 6524 -
1768 6519 1794 6523 _

1682 4993 1723 5024 ¹⁸
1752 4991 1913 5046 lCor.
1941 5007 2018 5056 ιι,
2048 4990 2135 5054 12.

2204 1933 2289 1986 nis
2314 1930 2578 1994 omnium,
2605 1935 2662 1982 et
2693 1927 2795 1980 hoc
2822 1924 2998 1993 ipsum
3023 1919 3168 1989 quod
3197 1930 3320 1984 quae
3355 1919 3491 1975 sunt,
3522 1926 3573 1964 ex
3610 1908 3682 1960 Deo

2203 2039 2326 2080 esse
2353 2029 2660 2091 coeperunt,
2687 2013 3106 2086 signiﬁcantiam
3137 2007 3324 2064 dedit:
3354 2024 3372 2056 ι
3400 2018 3490 2072 per
3507 2002 3682 2070 ipsum,»

2204 2115 2344 2185 quod
2371 2090 2583 2180 eaquae
2625 2109 2775 2179 prius
2820 2103 2966 2160 facta
3010 2099 3244 2161 fuerant,
3284 2104 3530 2166 reguntur
3554 2090 3686 2145 cidis-

2205 2184 2497 2276 pensantur
2535 2217 2632 2272 per
2656 2215 2778 2256 eum
2829 2213 2859 2252 a
2891 2208 2998 2264 quo
3049 2189 3383 2248 subsistendi
3416 2184 3684 2240 initiumtn—

2205 2272 2373 2365 bunt;
2415 2315 2432 2349 ι
2467 2295 2521 2350 in
2577 2295 2713 2364 ipso,
2752 2310 2772 2344 ι
2812 2289 2952 2359 quod
3005 2285 3060 2339 lii
3121 2282 3212 2352 qui
3257 2279 3372 2349 jam
3430 2272 3688 2365 correctiet

2205 2363 2474 2447 emendati
2503 2363 2647 2452 sunt,
2676 2385 2730 2438 in
2761 2381 2928 2452 ipsius
2958 2375 3293 2450 perfectione
3327 2369 3610 2427 consistunt.
3629 2363 3688 2416 Sic

2204 2495 2334 2551 ergo
2371 2480 2485 2534 haec
2532 2475 2856 2546 plenissimae
2913 2471 3139 2527 rationis
3189 2477 3378 2523 tenere
3433 2455 3689 2516 differentias

2206 2547 2496 2626 educentur
2523 2568 2657 2640 (12),
2716 2574 2774 2622 ut
2824 2565 2970 2635 quod
3023 2560 3390 2622 subsistimus,
3421 2571 3439 2605 ι
3469 2564 3529 2604 ex
3575 2547 3685 2640 Deo!

2208 2661 2409 2717 habere
2460 2639 2708 2714 dicamur
2755 2671 2767 2704 :
2804 2654 2949 2726 quod
2997 2654 3378 2721 dispensamur
3422 2639 3688 2705 etregimut.

2215 2775 2234 2809 ι
2274 2768 2374 2826 per
2403 2754 2574 2825 ipsum
2599 2771 2618 2804 ι
2649 2749 2764 2804 ﬁeri
2794 2748 3137 2818 designetur:
3164 2742 3311 2811 quod
3340 2749 3462 2826 vero
3482 2733 3688 2826 insomnia

2211 2822 2560 2917 perfectionis
2582 2841 2950 2904 consistimus,
2975 2857 2993 2889 ‹
3031 2836 3084 2890 in
3111 2834 3229 2903 ipso
3254 2849 3276 2882 ι
3299 2841 3418 2884 esse
3437 2822 3690 2914 declaretur.

2212 2938 2398 2996 Potest
2426 2947 2482 2992 et
2511 2937 2562 2990 in
2605 2932 2860 3006 praesenti
2896 2930 3013 2985 loco
3054 2926 3176 2981 talis
3220 2921 3464 2993 quaedam
3489 2917 3692 2970 observan

2215 3029 2535 3094 differentia,
2552 3037 2609 3082 ut
2629 3023 2972 3081 circumcisio
2989 3034 3110 3090 quae
3124 3016 3271 3073 velut
3287 3013 3457 3085 primo
3472 3008 3568 3062 loco
3585 3013 3692 3094 etot-

2217 3123 2338 3179 dine
2350 3090 2778 3189 justiﬁeatur,ex
2797 3115 2920 3179 ﬁde,
2937 3121 2989 3167 et
3011 3125 3114 3166 non
3135 3123 3230 3179 per
3255 3105 3413 3160 ﬁdem
3429 3090 3691 3189 iustiﬁcaml:

2216 3220 2546 3268 memoretur
2585 3225 2600 3262 :
2649 3206 2970 3278 praeputium
3016 3216 3144 3256 vero
3191 3198 3340 3268 quod
3375 3189 3582 3250 secundo
3615 3186 3693 3278 loco

2216 3305 2282 3359 ad
2333 3273 2780 3371 iustiﬁcationem
2842 3295 3110 3359 trahitur,
3161 3305 3270 3344 non
3329 3303 3391 3342 ex
3458 3283 3572 3345 ﬁde,
3631 3273 3691 3329 sed

2217 3393 2379 3464 519
2404 3407 2500 3462 per
2525 3391 2682 3446 ﬁdem
2708 3385 3112 3460 justiﬁcandum
3139 3382 3379 3437 dicatur.
3416 3377 3534 3432 Puto
3571 3378 3693 3424 autem

2215 3485 2362 3556 quod
2396 3492 2452 3539 et
2494 3483 2550 3537 in
2592 3495 2655 3536 ea
2709 3478 3037 3542 differentia,
3075 3489 3237 3545 quam
3291 3487 3447 3542 supra
3493 3466 3692 3556 diximus:

2224 3551 2250 3628 ί
2273 3576 2428 3632 Sicut
2453 3574 2597 3629 enim
2643 3571 2836 3626 mulier
2869 3585 2935 3625 ex
2967 3568 3104 3631 viro,
3139 3565 3214 3620 ita
3244 3573 3303 3620 et
3348 3563 3431 3616 vir
3460 3574 3542 3629 per
3563 3551 3696 3608 mulie-

2219 3682 2331 3721 rem
2349 3666 2461 3730 ’³,ι
2507 3663 2717 3734 plenius
2754 3662 2859 3716 ista
2905 3658 3275 3727 designentur.
3341 3652 3510 3707 Primo
3557 3641 3696 3700 etenim

2219 3758 2336 3813 loco
2379 3756 2464 3811 vir
2495 3763 2599 3822 est,
2625 3770 2694 3810 ex
2741 3766 2850 3822 quo
2895 3748 3229 3806 descendere
3253 3744 3448 3800 mulier
3469 3737 3641 3795 dicitur,
3663 3737 3696 3781 el

2221 3863 2326 3903 non
2355 3862 2452 3917 per
2479 3847 2674 3900 virum.
2701 3841 2950 3899 Secundo
2972 3853 3100 3894 vero
3132 3838 3184 3892 in
3217 3835 3341 3890 loco
3378 3847 3467 3903 per
3493 3824 3696 3882 mulierem

2219 3914 2495 4008 Vin—quia
2543 3935 2740 3992 mulier
2793 3932 3103 3988 ministrare
3140 3921 3526 3998 quodammodo
3550 3914 3698 3968 videtur

2222 4031 2430 4087 auctori
2461 4029 2598 4094 viro,
2629 4035 2685 4082 et
2733 4025 2856 4081 ideo
2895 4037 2992 4094 per
3025 4020 3310 4076 mulierem
3340 4017 3423 4070 vir
3458 4011 3620 4066 dicitur
3637 4015 3699 4094 οξ·

2222 4125 2320 4192 sci,
2339 4131 2393 4178 et
2422 4135 2527 4176 non
2548 4133 2614 4174 ex
2640 4089 3014 4172 muliere-Sed
3041 4109 3290 4166 fortassis
3313 4109 3545 4161 occurrat
3566 4089 3700 4192 aliqth

2224 4215 2347 4268 huic
2382 4213 2449 4267 de
2485 4209 2710 4264 muliere
2743 4214 2798 4260 et
2844 4204 2964 4258 viro
2993 4197 3325 4270 expositioni
3361 4203 3556 4251 nostra,
3576 4193 3616 4239 et
3637 4178 3700 4270 9b-

2217 4306 2374 4374 jiciat
2401 4301 2553 4364 illud,
2584 4298 2727 4369 quod
2760 4296 2898 4352 dixit
2925 4291 3214 4365 Apostolus
3237 4289 3308 4342 de
3340 4284 3566 4341 Christo:
3595 4269 3697 4374 rig-

2223 4365 2370 4451 ctum
2401 4408 2466 4448 ex
2501 4365 2746 4455 muliere,
2778 4387 2979 4441 factum
3007 4381 3107 4438 sub
3133 4381 3248 4450 lege
3264 4378 3348 4442 “;
3377 4395 3396 4428 ι
3419 4383 3571 4430 etnon
3592 4365 3697 4455 dixit,

2225 4486 2429 4538 factum
2450 4497 2546 4552 per
2573 4479 2874 4536 mulierem.
2903 4473 3003 4530 Cui
3031 4475 3132 4528 hoc
3162 4470 3327 4526 modo
3352 4453 3698 4552 respondendutt

2227 4585 2373 4648 puto.
2400 4540 2476 4630 De
2515 4571 2660 4628 omni
2699 4570 2913 4641 quidem
2945 4565 3164 4622 homine
3190 4559 3471 4618 conveniet
3499 4549 3582 4648 dici
3603 4540 3699 4612 (μιοά

2226 4645 2321 4739 per
2348 4666 2625 4721 mulierem
2647 4664 2826 4718 factus
2847 4660 2938 4726 sit,
2955 4657 3210 4727 quoniam
3233 4652 3447 4723 quidem
3467 4645 3698 4739 priuigni”

2226 4771 2324 4826 per
2350 4755 2629 4810 mulierem
2651 4760 2990 4814 nasceretur,
3012 4763 3076 4802 ex
3099 4747 3212 4800 viro
3238 4741 3441 4810 accepit
3456 4731 3698 4793 exordium;

2229 4851 2480 4905 Christus
2512 4862 2660 4913 vero,
2697 4848 2787 4916 qui
2822 4861 2927 4900 non
2961 4859 3027 4900 ex
3057 4842 3264 4897 semine
3313 4835 3412 4891 viri
3453 4827 3601 4888 carnis
3628 4829 3702 4874 $033

2210 4991 2252 5022 ¹⁹
2279 4989 2300 5044 ι
2329 4989 2453 5044 Cor.
2476 5003 2574 5053 xu,
2597 4989 2653 5047 8.
2726 4987 2772 5018 ²⁰
2797 4985 2955 5041 Joan.
2987 4997 3027 5048 ι,
3061 4984 3116 5038 3.
3189 4979 3233 5013 “
3267 4977 3393 5035 ibid.
3415 4973 3466 5028 4.
3531 4968 3566 4998 υ
3593 4963 3700 5015 Rom.

2231 5175 2508 5236 Rabanns,
2539 5189 2557 5221 ι
2591 5167 2986 5238 praepositionis
3025 5186 3044 5218 ι
3073 5179 3214 5238 pe_r_t
3248 5154 3626 5238 commutatiolt

2299 5217 2991 5313 '(ii'i'iiédei'ﬁiifdiégaﬁsi's
3030 5217 3089 5313 et.
3137 5231 3411 5313 Merlinus,
3445 5243 3463 5277 σ
3498 5217 3702 5313 αᾼυξξξῗξξ

2231 5286 3090 5382 priiéi’pSié'ZsC'i.iiéin'geiuia
3140 5286 3478 5382 designatur,
3511 5286 3702 5382 lt“

2230 5362 2708 5443 iii-ardiisﬂverbfs
2760 5391 2879 5446 quae
2911 5362 3042 5444 Ῑωει
3081 5362 3372 5446 ρι’ίηείῦειὲο
3413 5362 3701 5446 ίηιβηίεθξῖίὲῗξ

2233 5431 2792 5522 design—atﬁrectius
2842 5431 2933 5499 alii
2980 5431 3114 5498 mss.
3161 5431 3332 5495 nostri
3388 5446 3444 5490 ut
3483 5433 3530 5486 in
3571 5431 3704 5480 nosun

2230 5533 2397 5577 textu.

2444 5589 2537 5644 Sic
2578 5587 2818 5656 potiores
2860 5599 2988 5640 mss.
3035 5581 3206 5638 nostri
3245 5588 3299 5636 et
3341 5575 3584 5633 Rabanus.
3629 5559 3703 5618 Al.

2235 5681 2253 5712 ι
2291 5662 2596 5716 cdocemur.
2644 5677 2662 5708 ι
