3784 6544
527 381 634 439 959

1986 375 2076 432 Oli

2188 375 2306 432 iNlS
3642 375 3727 431 960

520 503 633 574 jam
655 514 791 570 opus
811 500 943 571 legis
974 518 995 548 σ
1020 499 1109 556 ubi
1137 469 1359 556 advenit
1384 499 1666 570 plenitudo
1703 497 1960 567 temporis
1977 497 2043 560 ³⁸,
2065 512 2086 546 ι
2121 505 2167 560 Α
2194 501 2336 570 quod
2377 497 2504 554 alibi
2543 496 2745 552 dicitur
2789 515 2804 552 :
2854 495 3045 551 «illum
3088 502 3304 565 oportet
3349 509 3616 558 crescere,
3658 513 3724 552 uie

522 604 582 650 et
615 593 757 649 ﬁlius
780 593 872 664 qui
901 592 1188 663 aliquando
1223 592 1356 647 nihil
1398 592 1682 647 differebat
1709 607 1736 644 a
1765 605 1944 656 servo,
1979 590 2090 644 bae-

525 702 617 742 res
644 685 821 741 factus
841 694 925 740 est
953 694 1190 756 paterna:
1216 685 1553 739 substantiae.
1584 683 1735 749 Quod
1767 692 1948 739 autem
1972 681 2088 736 haec

524 780 603 835 ita
626 780 740 851 (ει)
770 780 1004 834 debeant
1039 777 1266 846 intelligi
1295 789 1417 846 qua:
1469 775 1797 830 destruenda
1853 772 2091 842 appellat

525 870 838 940 Apostolus,
864 867 1308 923 consuetudinem
1339 866 1458 935 ejus
1498 881 1664 934 super
1696 865 1799 918 hoc
1829 863 2089 919 vocabulo

525 963 688 1016 etiam
723 962 775 1015 in
815 961 938 1014 aliis
971 961 1140 1022 disce,
1169 960 1256 1012 tibi
1305 959 1470 1012 dicit:
1509 975 1528 1009 ι
1556 958 1633 1010 Ex
1676 965 1828 1026 parte
1859 958 2086 1021 scimus,

527 1063 578 1108 et
605 1068 671 1106 ex
707 1062 859 1121 parte
888 1052 1297 1120 prophetamus.
1324 1048 1457 1104 Cum
1489 1060 1672 1104 autem
1701 1048 1909 1103 venerit
1941 1051 2086 1118 quod

525 1145 819 1212 perfectum
837 1151 939 1208 est,
959 1144 1304 1196 destruentur
1328 1157 1393 1196 ea
1422 1155 1542 1211 qua
1568 1156 1633 1195 ex
1664 1151 1818 1208 parte
1834 1150 1962 1195 sunt
1982 1141 2045 1194 "’.
2061 1158 2081 1192 ι

523 1235 591 1288 Ει
613 1235 667 1288 in
703 1235 803 1289 hoc
830 1234 947 1289 loco
976 1234 1204 1290 scientia
1236 1233 1387 1288 Pauli
1429 1233 1514 1286 vel
1545 1233 1828 1303 prophetia
1880 1233 2084 1287 destrui

521 1325 723 1379 dicitur
745 1327 955 1395 absque
1007 1326 1203 1393 injuria
1237 1325 1548 1393 apostolicae
1574 1326 1764 1395 gratia:
1792 1340 1805 1376 :
1839 1340 1946 1394 quo
1976 1325 2086 1380 sci-

519 1414 650 1471 licet
703 1415 1068 1486 intelli’gamus
1119 1417 1183 1470 ad
1236 1416 1695 1485 comparationem
1722 1415 2085 1486 perfectorum

518 1520 720 1562 vacare
747 1517 803 1561 et
833 1509 1004 1562 otiosa
1037 1522 1156 1562 esse
1194 1522 1256 1562 ea
1295 1523 1416 1576 qua:
1461 1506 1777 1577 imperfecta
1820 1517 1963 1562 sunt.
2006 1506 2085 1564 lta

518 1611 648 1667 ergo
681 1607 737 1652 et
763 1598 818 1652 in
849 1599 1104 1666 praesenti
1146 1614 1404 1655 sermone
1433 1598 1632 1654 Paulus
1661 1599 1880 1668 quidem
1913 1598 2083 1670 legem

520 1703 629 1743 non
664 1687 924 1752 destruit,
976 1689 1070 1745 sed
1122 1691 1426 1744 conﬁrmat.
1458 1689 1642 1745 Gloria
1673 1702 1852 1745 autem
1882 1688 2086 1744 Christi

517 1797 639 1836 cum
662 1781 903 1836 revelata
938 1781 1125 1845 fuerit,
1149 1798 1270 1837 eam
1299 1782 1530 1851 gloriam
1565 1797 1688 1852 quae
1729 1782 1988 1852 apparuit
2028 1782 2083 1837 in

2195 605 2374 648 autem
2401 591 2567 646 minui
2589 591 2667 656 ³³;
2701 607 2720 642 ι
2752 598 2809 644 et
2833 589 2976 659 quod
3004 589 3123 657 ipse
3152 587 3351 641 Paulus
3375 588 3510 642 dicit
3538 606 3592 641 ει
3611 587 3721 643 Cum

2195 693 2372 738 autem
2406 680 2584 734 factus
2616 696 2737 736 sum
2781 681 2884 742 vir,
2917 680 3157 736 destruxi
3199 696 3320 749 qua:
3362 691 3522 733 erant
3561 695 3725 748 parvu-

2194 773 2231 828 li
2249 773 2354 827 “.i
2393 770 2508 826 Hoc
2550 773 2789 826 ostendit
2829 782 2885 827 et
2925 771 3226 826 similitudo
3271 773 3572 843 pmdagogi,
3598 772 3724 844 cujus

2193 881 2329 936 opus
2363 865 2660 920 destruitur
2681 875 2734 919 et
2762 874 2940 919 cessat
2969 879 3089 920 cum
3118 863 3186 918 ad
3208 864 3510 934 perfectam
3547 873 3725 916 atatem

2193 957 2410 1012 venerit
2439 956 2721 1026 parvulus.
2769 955 3062 1026 Propterea
3097 971 3229 1025 ergo
3260 955 3574 1010 cautissime
3620 956 3727 1009 dixit

2192 1048 2531 1119 Apostolus:
2589 1065 2609 1099 ι
2657 1047 2828 1117 legem
2868 1063 2996 1117 ergo
3043 1047 3378 1102 destruimus
3421 1060 3522 1114 per
3568 1044 3727 1100 ﬁdeml

2191 1140 2445 1196 Absit“!
2482 1158 2502 1192 ι
2535 1148 2610 1206 et,
2645 1155 2749 1193 non
2793 1139 2967 1194 dixit:
3019 1138 3106 1192 lex
3161 1153 3292 1208 ergo
3335 1137 3634 1190 destruitur
3656 1153 3727 1200 per

2194 1232 2380 1296 ﬁdem,
2411 1235 2503 1288 sed
2539 1251 2552 1287 :
2621 1252 2639 1284 ι
2665 1233 2836 1302 legem
2862 1247 2993 1301 ergo
3024 1229 3398 1286 destruimus?
3428 1247 3448 1280 ι
3484 1227 3552 1282 Ει
3576 1243 3726 1283 rursus

2194 1325 2246 1380 in
2275 1325 2633 1394 sequentibus
2663 1342 2677 1378 :
2710 1342 2728 1374 ι
2755 1321 2904 1389 Νοιι;
2939 1323 3033 1378 sed
3063 1321 3232 1392 legem
3257 1320 3603 1377 statuimus.»
3623 1319 3726 1373 Nam

2191 1427 2247 1470 et
2277 1417 2322 1470 si
2363 1416 2661 1470 destruitur
2694 1415 2803 1480 lex,
2837 1429 2943 1468 non
2985 1428 3082 1483 per
3112 1411 3274 1468 ﬁdem
3315 1411 3633 1476 destruitur,
3658 1413 3727 1466 sed

2193 1523 2290 1576 per
2320 1507 2816 1576 supereminentem
2844 1505 3091 1575 gloriam.
3117 1503 3224 1560 Per
3255 1502 3421 1558 ﬁdem
3451 1513 3624 1558 autem
3645 1519 3727 1557 non

2193 1599 2369 1654 solum
2403 1615 2508 1654 non
2537 1600 2836 1656 destruitur
2865 1598 2971 1662 lex,
3000 1598 3094 1653 sed
3137 1595 3400 1652 statuitur
3422 1611 3519 1666 per
3550 1606 3731 1663 aposto-

2191 1689 2274 1746 los
2313 1701 2370 1746 et
2417 1691 2810 1746 conﬁrmatur:
2839 1689 2966 1759 quia
3017 1687 3300 1744 Christum
3351 1700 3514 1756 quem
3569 1685 3644 1739 lex
3691 1695 3731 1739 et

2193 1783 2476 1854 prophetae
2527 1795 2818 1838 venturum
2882 1781 3277 1852 praedixerunt,
3317 1778 3408 1834 isti
3470 1779 3730 1847 pradicant

519 1871 724 1941 Moyse,
748 1881 806 1926 et
830 1887 894 1926 ex
924 1888 1028 1941 qua
1059 1873 1393 1943 gloriﬁcatus
1422 1872 1622 1937 fuerat,
1653 1874 1768 1941 ipsa
1795 1888 2085 1943 compara-
2117 1864 2160 1920 Β
2184 1874 2296 1944 jam
2323 1875 2543 1932 venisse
2575 1893 2590 1930 :
2622 1886 2676 1932 et
2698 1873 3042 1929 conﬁrmatio
3075 1871 3264 1942 utique
3317 1869 3620 1941 prophetia:
3662 1869 3729 1922 vel

521 1964 668 2017 tione
694 1963 777 2018 sui
813 1978 918 2033 qua
948 1965 1340 2029 supereminet,
1375 1974 1430 2019 et
1471 1965 1746 2030 confutat,
1782 1977 1839 2019 et
1881 1965 2082 2035 arguit,

519 2061 572 2106 et
597 2054 836 2109 ostendit
862 2069 962 2110 nec
985 2055 1214 2126 gloriam
1257 2059 1699 2126 computandam.
1751 2056 1882 2112 Tale
1914 2067 1998 2112 est
2028 2065 2086 2112 et

2191 1965 2328 2037 legis
2375 1978 2480 2032 est,
2510 1983 2632 2022 cum
2657 1981 2776 2037 qua:
2799 1964 3060 2036 praedicta
3109 1962 3351 2029 fuerant,
3392 1969 3731 2017 monstrantur

2187 2055 2430 2125 impleta.

1635 2398 1988 2486 LIBER
2060 2391 2652 2498 QUARTUS.

588 2774 644 2830 1.
675 2791 695 2827 ι
724 2773 865 2842 Quid
895 2791 1027 2847 ergo
1055 2776 1299 2831 dicemus
1338 2775 1616 2830 invenisse
1661 2775 1934 2829 Abraham
1987 2792 2087 2844 pa-

517 2873 654 2919 trem
705 2877 951 2920 nostrum
1003 2870 1299 2921 secundum
1349 2867 1608 2922 carnem?
1655 2865 1711 2921 Si
1743 2869 1888 2920 enim
1921 2869 2090 2921 Abra-

514 2954 640 3011 ham
687 2973 754 3012 ex
811 2959 1071 3028 operibus
1107 2958 1438 3027 justiﬁcatus
1482 2969 1593 3023 est,
1638 2959 1802 3014 habet
1831 2959 2081 3030 gloriam,

513 3048 610 3102 sed
656 3062 762 3102 non
803 3049 944 3117 apud
983 3053 1175 3106 Deum.
1208 3051 1351 3118 Quid
1393 3050 1538 3105 enim
1571 3049 1855 3122 Scriptura
1895 3051 2077 3106 dicit?

513 3136 755 3192 Credidit
787 3139 1062 3194 Abraham
1115 3141 1262 3208 Deo,
1319 3153 1374 3209 et
1425 3151 1731 3212 reputatum
1781 3151 1865 3198 est
1911 3143 1986 3198 illi
2015 3141 2081 3197 ad

2189 2773 2327 2840 Quia
2357 2792 2375 2824 ‹
2417 2772 2653 2828 credidit
2679 2771 2956 2826 Abraham
2988 2772 3117 2835 Deo,
3148 2778 3205 2825 et
3233 2776 3542 2838 reputatum
3567 2776 3641 2823 est
3670 2765 3736 2820 ili

2189 2867 2255 2918 ad
2277 2867 2547 2934 justitiam
2577 2865 2646 2920 “.
2676 2885 2694 2918 ι
2725 2864 2877 2932 Quod
2907 2867 2950 2920 si
2989 2864 3130 2918 Deus
3165 2861 3439 2932 reputavit
3469 2859 3542 2914 illi
3568 2859 3628 2914 ad
3661 2859 3740 2928 ju-

2188 2957 2420 3023 stitiam,
2451 2958 2572 3013 sine
2597 2958 2762 3012 dubio
2811 2967 2868 3012 et
2909 2957 3078 3028 gloria
3107 2952 3230 3023 ejus
3268 2953 3413 3023 apud
3452 2952 3610 3006 Deum
3641 2961 3736 3006 est.

2185 3047 2480 3120 Propterea
2507 3064 2640 3120 ergo
2675 3050 2969 3119 Apostolus
2999 3047 3313 3103 testimonio
3351 3047 3482 3100 huic
3502 3045 3636 3115 quod
3659 3059 3740 3098 as-

2187 3143 2418 3213 sumpsit
2445 3159 2511 3198 ex
2539 3142 2676 3197 libro
2697 3141 2926 3198 Genesis
2945 3141 3188 3211 adjungit
3217 3149 3271 3195 et
3298 3154 3605 3194 sermonem
3622 3151 3736 3207 pro-

507 3222 800 3293 justitiam.
831 3228 892 3282 Ei
929 3241 1108 3285 autem
1138 3232 1230 3300 qui
1257 3242 1536 3301 Operatur,
1565 3249 1774 3289 merces
1819 3249 1926 3289 non
1981 3235 2084 3289 im-
2110 3221 2151 3278 C
2187 3234 2384 3303 prium,
2403 3243 2456 3286 et
2478 3233 2610 3287 dicit
2635 3233 2760 3301 quia
2783 3250 2802 3284 ι
2826 3233 2875 3286 ei
2898 3232 2988 3302 qui
3007 3243 3284 3300 operatur.
3301 3243 3512 3284 merces
3529 3243 3626 3282 nou
3647 3227 3738 3280 im-

512 3328 736 3387 putatur
763 3323 1060 3375 secundum
1093 3326 1347 3394 gratiam,
1373 3325 1468 3380 sed
1497 3326 1796 3380 secundum
1817 3327 2084 3381 debitum.

517 3409 576 3463 Ei
605 3425 732 3467 vero
759 3415 853 3481 qui
886 3431 990 3469 non
1021 3427 1301 3485 operatur,
1326 3419 1499 3472 credit
1525 3429 1708 3472 autem
1743 3417 1796 3470 in
1831 3433 1957 3472 eum
1987 3419 2082 3490 qui

510 3499 775 3569 justiﬁcat
803 3504 1048 3574 impium,
1082 3516 1360 3576 reputatur
1390 3509 1525 3564 ﬁdes
1539 3510 1660 3579 ejus
1693 3511 1760 3563 ad
1789 3509 2080 3580 justitiam.

516 3590 669 3646 Sicut
689 3602 743 3648 et
772 3594 937 3651 David
960 3597 1095 3653 dicit
1119 3599 1507 3656 beatitudinem
1532 3603 1796 3667 hominis,
1827 3603 1916 3657 cui
1943 3602 2085 3658 Deus

514 3694 736 3753 accepto
758 3683 863 3740 fert
918 3687 1184 3758 justitiam
1230 3692 1349 3747 sine
1375 3694 1647 3762 operibus.
1670 3693 1822 3746 Beati
1853 3707 2082 3762 quorum

514 3773 752 3828 remissa:
779 3785 908 3830 sunt
955 3777 1292 3847 iniquitates,
1316 3788 1372 3834 et
1387 3796 1616 3850 quorum
1641 3791 1780 3838 tecta
1815 3793 2084 3851 suutpec-

511 3873 658 3921 cata.
680 3865 883 3922 Beatus
917 3868 1000 3920 vir
1026 3870 1114 3922 cui
1139 3885 1246 3924 non
1272 3871 1561 3942 imputavit
1585 3872 1853 3929 Dominus
1885 3890 2083 3940 pecca-

512 3963 624 4009 tum
642 3957 707 4010 ⁸¹.
722 3976 740 4008 ι
761 3956 891 4013 Cum
911 3962 1220 4030 superius“
1240 3963 1380 4017 duas
1393 3968 1736 4035 proposuerit
1754 3966 1924 4036 leges,
1947 3981 2082 4034 qua-

513 4063 631 4103 rum
656 4066 820 4104 unam
837 4067 1086 4122 operum,
1104 4055 1267 4109 aliam
1299 4057 1420 4114 ﬁdei
1451 4058 1774 4124 nominavit,
1797 4073 1891 4128 per
1919 4073 2081 4127 quam

514 4141 687 4209 legem
720 4141 842 4196 ﬁdei
869 4145 1081 4198 excludi
1120 4135 1496 4213 glori‘atiouem
1531 4146 1668 4204 dicit
1689 4163 1876 4203 eorum
1904 4149 1996 4219 qui
2030 4150 2082 4204 in

513 4231 650 4300 legis
703 4235 963 4303 operibus
1018 4239 1352 4304 gloriantur;
1385 4249 1441 4294 et
1488 4241 1925 4309 pronuntiaverit
1977 4241 2083 4296 ﬁde

515 4322 670 4392 52],
693 4325 977 4393 justiﬁcari
1017 4329 1286 4385 hominem
1309 4333 1427 4386 sine
1451 4333 1704 4400 operibus
1730 4331 1866 4400 legis
1894 4352 1908 4388 :
1935 4348 2073 4388 con-

515 4427 804 4484 sequenter
853 4435 996 4474 nunc
1028 4431 1088 4475 ut
1121 4423 1233 4477 haec
1269 4424 1333 4477 de
1382 4423 1686 4492 Scripturis
1733 4435 2080 4488 asserantur,

513 4510 747 4564 Abrahae
779 4511 1028 4578 producit
1061 4516 1402 4584 exemplum,
1433 4526 1489 4570 et
1518 4517 1650 4570 dicit
1683 4517 1810 4586 quia
1851 4535 1870 4569 ι
1903 4517 2081 4571 Abra-

514 4604 657 4667 ham,
689 4605 732 4658 si
787 4622 851 4658 ex
897 4607 1156 4674 operibus
1197 4605 1526 4677 justiﬁcatus
1573 4619 1658 4663 est
1686 4649 1701 4673 ,
1753 4609 1918 4664 habet
1965 4607 2081 4676 glo-

2185 3333 2409 3394 putatur
2437 3323 2732 3377 secundum
2757 3323 3014 3392 gratiam,
3039 3322 3131 3377 sed
3151 3323 3454 3376 secundum
3473 3321 3731 3381 debitum;

2185 3419 2234 3472 ei
2259 3433 2390 3473 vero
2425 3418 2515 3487 qui
2548 3433 2655 3474 non
2679 3426 2960 3486 operatur,
2993 3417 3171 3472 credit
3200 3426 3384 3470 autem
3431 3415 3486 3468 in
3514 3429 3628 3469 eum
3655 3411 3740 3481 qui

2179 3507 2449 3578 justiﬁcat
2499 3509 2750 3579 impium,
2811 3518 3095 3578 reputatur
3138 3507 3273 3562 ﬁdes
3317 3507 3438 3578 ejus
3485 3507 3552 3559 ad
3593 3504 3740 3572 justi-

2191 3602 2317 3655 tiam
2345 3601 2412 3655 ".
2445 3620 2465 3653 ι
2495 3599 2598 3656 Per
2624 3615 2841 3655 omnem
2869 3599 3054 3670 itaque
3086 3600 3233 3655 hunc
3265 3599 3445 3653 locum
3475 3595 3743 3668 Apostolus

2187 3694 2288 3748 hoc
2323 3693 2537 3747 videtur
2564 3693 2877 3757 ostendere,
2903 3693 3046 3763 quod
3089 3692 3210 3745 dua:
3243 3692 3493 3762 quaedam
3525 3690 3627 3744 sint
3655 3686 3741 3754 ju-

2185 3785 2568 3848 stiﬁcationes,
2614 3801 2842 3853 quarum
2880 3799 3041 3838 unam
3069 3798 3134 3837 ex
3178 3784 3445 3852 operibus
3477 3781 3735 3841 nominat,

2184 3876 2346 3930 aliam
2371 3892 2501 3930 vero
2533 3891 2600 3930 ex
2643 3876 2769 3930 ﬁde.
2805 3875 2871 3929 Et
2900 3876 3044 3929 illam
3079 3875 3301 3944 quidem
3328 3889 3450 3944 quae
3471 3889 3537 3927 ex
3577 3871 3742 3942 operi-

2186 3969 2287 4021 bus
2314 3977 2416 4030 est,
2447 3967 2578 4021 dicit
2607 3966 2805 4021 habere
2828 3967 3042 4034 quidem
3066 3966 3322 4034 gloriam,
3349 3965 3442 4022 sed
3474 3965 3526 4019 in
3557 3971 3740 4018 semet-

2184 4058 2300 4126 ipsa
2327 4098 2343 4123 ,
2377 4068 2430 4112 et
2465 4074 2569 4111 non
2604 4063 2742 4128 apud
2788 4058 2957 4112 Deum
2997 4074 3013 4122 ;
3053 4059 3197 4112 illaut
3230 4072 3361 4112 vero
3402 4071 3521 4125 qua:
3547 4069 3609 4108 ex
3639 4051 3744 4105 ﬁde

2184 4162 2291 4217 est,
2319 4151 2522 4205 habere
2552 4151 2780 4220 gloriam
2805 4151 2944 4220 apud
2979 4153 3166 4215 Deum,
3199 4160 3389 4218 utpote
3414 4149 3550 4219 apud
3577 4145 3742 4214 inspi-

2185 4243 2420 4296 cientem
2451 4243 2614 4296 corda
2651 4243 2957 4306 hominum,
2997 4252 3052 4298 et
3095 4243 3362 4297 scientem
3389 4241 3506 4312 quis
3538 4246 3614 4294 est
3649 4234 3743 4304 qui

2189 4333 2365 4387 credit
2401 4333 2455 4387 in
2490 4333 2707 4389 occulto
2735 4375 2751 4400 ,
2786 4343 2842 4389 et
2873 4335 2995 4404 quis
3046 4343 3132 4389 est
3165 4334 3259 4404 qui
3293 4348 3403 4387 non
3448 4330 3627 4387 credit.
3677 4327 3742 4380 Et

2185 4423 2306 4478 ideo
2367 4427 2564 4479 merito
2630 4427 2769 4494 apud
2819 4426 2990 4479 solum
3040 4427 3206 4481 Deum
3263 4425 3429 4480 habet
3479 4421 3739 4493 gloriam.

2184 4517 2275 4584 qui
2307 4515 2558 4570 aﬁ‘ectum
2604 4517 2726 4570 ﬁdei
2777 4517 2894 4586 ejus
2947 4517 3194 4588 pervidet
3243 4517 3358 4587 (24)
3393 4517 3446 4570 iu
3479 4513 3690 4570 occultis
3723 4526 3736 4561 :

2184 4607 2276 4675 qui
2305 4622 2430 4662 vero
2458 4609 2906 4677 justiﬁcationem
2935 4625 3002 4663 ex
3031 4607 3291 4678 operibus
3336 4617 3536 4680 sperat,
3566 4615 3744 4674 potest

513 4695 650 4747 riam
688 4695 822 4766 (εἰ),
859 4699 952 4751 sed
995 4713 1098 4751 non
1135 4700 1274 4768 apud
1307 4699 1475 4754 Deum
1502 4700 1570 4753 ".
1601 4720 1620 4753 ι
1661 4701 1812 4764 Quod
1858 4699 2078 4770 quidem
2178 4701 2294 4755 ﬁeri
2320 4713 2378 4755 ut
2416 4717 2578 4773 opera
2610 4703 2727 4773 ejus
2759 4704 2923 4758 etiam
2951 4705 3020 4758 ab
3052 4703 3365 4758 hominibus
3397 4699 3744 4769 comproben.

513 4799 619 4839 non
653 4788 770 4842 sine
803 4798 919 4842 arte
942 4789 1230 4846 dialectica
1263 4784 1506 4845 disserit.
1533 4786 1668 4846 Nam
1702 4791 1748 4846 si
1789 4793 1859 4847 .is
1893 4792 1984 4861 qui
2013 4805 2080 4844 ex

2182 4805 2289 4848 tur.
2341 4793 2525 4848 Palam
2580 4809 2813 4864 namque
2863 4807 2979 4863 est,
3031 4805 3086 4850 et
3138 4795 3311 4848 videri
3368 4793 3530 4850 oculis
3560 4795 3745 4860 potest

509 4879 765 4945 operibus
785 4879 1134 4950 justiﬁcatur,
1162 4899 1267 4937 nou
1311 4884 1473 4938 habet
1522 4883 1752 4953 gloriam
1781 4883 1902 4957 (25)
1937 4884 2081 4954 apud
2179 4887 2440 4955 quidquid
2467 4901 2632 4955 opere
2676 4886 3023 4942 manifestum
3054 4895 3180 4952 est;
3226 4896 3280 4939 et
3312 4885 3356 4940 si
3409 4884 3533 4938 ﬁdes
3561 4885 3612 4933 in
3647 4894 3746 4932 oc-

511 4965 681 5024 Deum
713 5009 730 5035 ,
781 4973 1054 5028 Abraham
1109 4986 1293 5030 autem
1342 4985 1555 5030 constat
1591 4975 1793 5032 habere
1845 4976 2074 5048 gloriam

514 5063 652 5130 apud
678 5062 864 5128 Deum,
892 5082 1023 5137 ergo
1047 5085 1152 5123 non
1187 5086 1253 5124 ex
1290 5073 1566 5142 operibus,
1604 5073 1700 5127 sed
1729 5085 1794 5125 ex
1844 5069 1948 5124 ﬁde
1981 5067 2075 5135 ju-

513 5152 773 5210 stiﬁcatus
817 5169 900 5211 est
929 5162 1202 5215 Abraham
1231 5203 1246 5228 ,
1278 5174 1337 5218 ut
1369 5163 1681 5219 necessario
1734 5162 1932 5216 habeat
1959 5161 2075 5231 gl0~

514 5243 648 5296 riam
683 5249 822 5314 apud
857 5249 1045 5308 Deum.
1089 5253 1184 5309 Sic
1207 5255 1350 5311 enim
1390 5255 1671 5326 Scriptura
1703 5251 2020 5324 pronuntiat
2056 5270 2070 5307 :

589 5407 931 5488 ",Gijlalzm
961 5418 1014 5472 4.
1104 5420 1147 5452 ⁸⁷
1174 5421 1194 5476 l
1230 5420 1358 5477 Cor.
1393 5437 1510 5488 xm,
1541 5422 1596 5486 9,
1627 5422 1715 5478 10.

2183 4979 2329 5034 culto
2357 4988 2483 5045 est,
2513 4993 2677 5047 opera
2723 4989 2905 5032 autent
2948 4977 3122 5046 palam
3157 4987 3329 5041 sunt,
3375 4973 3648 5029 conveniet
3682 4970 3742 5021 in

2188 5069 2288 5123 hoc
2320 5069 2522 5123 assumi
2551 5069 2677 5123 illud
2704 5069 2845 5137 quod
2875 5069 3133 5137 scriptum
3165 5077 3250 5121 est
3281 5084 3296 5121 :
3336 5086 3355 5119 ι
3389 5067 3509 5132 Quae
3531 5063 3740 5117 occulta

2183 5171 2308 5214 sunt
2337 5160 2568 5214 Domino
2620 5161 2728 5214 Deo
2762 5169 2873 5223 tuo,
2899 5173 3020 5227 quae
3052 5169 3236 5212 autem
3287 5157 3559 5210 manifesta
3601 5162 3745 5205 sunt

2183 5253 2337 5306 vobis
2367 5261 2422 5306 et
2467 5253 2592 5306 ﬁliis
2622 5253 2814 5306 vestris
2850 5251 2917 5304 ⁸⁸.
2964 5249 3126 5304 »δθιι
3178 5259 3236 5303 et
3269 5249 3397 5302 illud
3427 5247 3506 5301 his
3545 5253 3744 5311 aptare

1815 5421 1862 5454 ³⁸
1890 5419 2048 5476 Joan.

2209 5417 2300 5470 30.
2378 5413 2424 5446 ⁸⁸
2456 5413 2473 5468 I
2509 5411 2634 5467 Cor.
2665 5428 2786 5474 xm,
2815 5411 2902 5464 ll.
2977 5409 3022 5442 ⁸⁸
3049 5408 3210 5462 Rom.
3244 5423 3328 5471 ιιι,
3358 5409 3442 5463 3i.
3479 5401 3744 5479 _f‘Bom.

513 5491 596 5543 tv,
623 5478 674 5543 l,
703 5480 756 5534 8.
831 5482 876 5515 “
901 5475 1061 5544 Rom.
1090 5475 1297 5556 1152?,
1314 5475 1524 5548 728:7";
1548 5475 1709 5549 ἦοιιι,
1728 5507 1804 5558 tv,
1831 5475 1904 5546 9..
1932 5475 1941 5476 ί
1974 5491 2019 5522 ⁸⁵
2050 5489 2081 5544 G

2212 5502 2298 5548 xv,
2337 5483 2390 5539 6.
2459 5484 2505 5515 ⁸⁸
2531 5483 2688 5536 Rom.
2715 5498 2790 5546 tv,
2819 5481 2872 5544 4,
2909 5479 2962 5535 5.
3039 5480 3085 5511 “
3111 5481 3268 5533 Deut.
3296 5494 3441 5543 xxix,
3470 5475 3550 5530 29.

591 5631 707 5783 (ειζ
735 5638 890 5721 vita)
918 5642 1066 5696 deest
1089 5644 1142 5698 in
1174 5645 1325 5703 libris
1351 5659 1509 5704 antea
1535 5650 1717 5705 editis.

731 5706 1170 5783 Editiperperam
1208 5716 1411 5772 habent
1449 5739 1467 5771 ι
1507 5721 1717 5775 merced

595 5705 707 5780 (ἓξ)
731 5706 867 5780 ξιιίιί
891 5725 1170 5780 perperam
1208 5716 1411 5772 habent
1449 5739 1467 5771 ι
1507 5721 1838 5776 mercedem.
1871 5737 1893 5772 ι

594 5774 708 5846 (‘33)
736 5774 908 5846 Editi;
937 5799 954 5832 ι
991 5774 1124 5837 Nam
1155 5786 1199 5840 si
1247 5774 1584 5856 justitlcatus
1609 5807 1714 5845 nou
1767 5774 1929 5846 habet
1959 5789 2070 5857 glo-

2185 5651 2342 5713 riam,
2391 5669 2410 5702 ι
2432 5659 2537 5704 etc.

2188 5762 2194 5767 .
2254 5719 2368 5792 (ει)
2405 5721 2574 5785 Alias,
2609 5735 2629 5770 ι
2659 5715 2940 5786 praevidet.
2975 5729 3003 5769 ι
