3784 6578
96 480 172 534 961
1019 485 1374 544 COMMENT.
1412 489 1477 544 IN
1512 487 1730 544 EPRST.
1771 493 1862 548 AD
1896 493 2064 551 ROM.
2095 495 2223 553 LIB.
2265 496 2352 551 iV.

3188 505 3297 562 962

95 593 355 689 conveniet
384 597 536 689 quod
565 597 828 689 scriptum
859 607 943 655 est
971 641 987 667 ,
1018 603 1144 671 quia
1178 621 1197 655 ι
1233 600 1411 671 justus
1444 618 1509 658 ex
1539 603 1642 658 ﬁde
1671 608 1716 664 A
1741 605 1908 661 etiam
1964 610 2264 664 secundum
2323 623 2545 665 carnem
2596 619 2804 678 patrem
2852 612 3132 670 nominare
3181 616 3294 689 (29)

96 701 192 742 mea
216 687 361 742 vivet
386 687 458 743 ".
499 707 519 740 ι
556 687 936 760 Competenter
983 692 1148 763 igitur
1171 693 1404 750 dicimus
1429 695 1554 765 quia
1581 695 1637 750 hi

95 780 172 848 qui
214 781 516 836 secundum
555 781 870 838 interiorem
906 783 1179 840 hominem
1235 786 1640 841 circumcidun-

94 880 184 936 tur,
214 879 267 925 et
310 870 366 924 in
402 873 627 928 occulto
669 873 838 929 Judaei
870 883 1018 940 sunt,
1046 877 1264 946 spiritu,
1298 893 1402 932 non
1436 878 1635 944 littera,

92 965 262 1018 horum
285 963 414 1020 laus
435 975 495 1020 et
526 967 698 1037 gloria
735 983 842 1022 non
885 969 1025 1038 apud
1069 969 1336 1036 homines,
1369 971 1462 1025 sed
1495 973 1636 1040 apud

93 1057 238 1111 Deum
263 1067 372 1113 est.
399 1059 507 1125 Qui
537 1075 667 1114 vero
698 1074 767 1116 ex
797 1061 1054 1130 operibus
1083 1060 1473 1130 justilicantur,
1505 1078 1638 1132 quo-

89 1149 215 1204 niam
237 1150 417 1218 palam
451 1161 580 1206 sunt
608 1161 664 1208 et
701 1151 987 1207 manifesta
1028 1168 1188 1222 opera
1221 1169 1430 1219 eorum,
1462 1165 1637 1225 potest

89 1254 192 1294 esse
216 1240 389 1310 gloria
414 1255 608 1294 eorum
639 1241 722 1298 vel
752 1241 892 1311 apud
939 1253 1161 1298 sanctos
1185 1257 1432 1313 quosque
1470 1255 1521 1298 et
1548 1243 1639 1312 ju—

88 1339 187 1387 stos
222 1332 312 1401 qui
357 1335 640 1402 accipiunt
677 1349 709 1389 a
745 1333 857 1389 Deo
905 1342 1230 1406 potestatem
1263 1336 1331 1390 de
1385 1337 1639 1393 humanis

86 1423 324 1488 operibus
352 1423 668 1480 visibilibus
713 1424 990 1494 judicandi
1011 1463 1028 1488 ,
1062 1425 1146 1478 vel
1178 1425 1340 1480 etiam
1369 1426 1511 1496 apud
1541 1439 1639 1478 an-

88 1513 245 1582 gelos,
294 1524 649 1585 ceterasque
675 1519 932 1570 virtutum
979 1516 1278 1572 caelestium
1319 1526 1635 1588 potestates.

84 1607 163 1672 qni
192 1607 380 1676 utique
404 1609 714 1677 gloriﬁcare
745 1623 868 1663 eum
901 1609 1056 1679 cujus
1083 1622 1247 1678 opera
1272 1610 1638 1679 probaverunt

85 1707 313 1766 possunt.
351 1697 584 1754 Occulta
605 1715 736 1756 vero
758 1700 940 1755 cordis
972 1700 1222 1769 quoniam
1248 1699 1414 1754 solius
1437 1699 1527 1754 Dei
1554 1709 1638 1755 est

83 1805 316 1855 noscere,
339 1791 463 1859 ipse
495 1791 742 1860 pervidet
768 1791 811 1845 si
842 1791 894 1845 in
929 1806 1257 1861 unoquoque
1279 1790 1399 1844 ﬁdei
1429 1790 1638 1845 habitat

83 1881 266 1949 aliquis
292 1880 534 1936 aﬁ'ectus
567 1883 680 1952 (25)
717 1900 730 1936 :
764 1893 819 1936 et
847 1882 970 1936 ideo
997 1883 1086 1950 qui
1127 1897 1194 1938 ex
1233 1883 1336 1938 ﬁde
1365 1881 1632 1950 iustiﬁca-

1737 698 1914 770 potuit
1964 699 2283 766 Abraham;
2330 710 2542 757 caetera;
2583 718 2710 759 vero
2762 715 2949 774 gentes
2999 705 3053 760 in
3103 709 3294 778 spiritu

1734 804 1860 844 eum
1885 804 2114 860 patrem,
2146 805 2253 846 non
2286 791 2339 845 in
2369 807 2533 847 carne
2551 793 2906 848 nominabunt
2935 813 2949 848 :
2985 793 3084 849 nisi
3112 806 3298 865 utpote

1737 880 1792 936 in
1822 879 1955 936 locis
1981 880 2056 934 ita
2091 881 2336 952 angustis
2361 882 2428 936 ad
2479 882 2782 951 allegoricae
2809 883 3176 955 intelligentiae
3219 886 3300 939 la-

1739 972 2023 1027 titudinem
2068 982 2480 1039 convertamur,
2516 975 2606 1028 ubi
2653 984 2810 1044 pater
2853 977 3144 1030 secundum
3172 991 3300 1030 car-

1737 1077 1860 1117 nem
1885 1063 2054 1133 accipi
2093 1072 2270 1132 potest
2298 1064 2346 1120 is
2389 1065 2479 1134 qui
2515 1067 2775 1120 doctrinte
2833 1066 3094 1131 carnalis,
3132 1067 3183 1120 id
3216 1077 3300 1122 est

1735 1153 1870 1224 legis
1901 1157 2194 1210 secundum
2227 1157 2467 1211 litteram
2493 1157 2662 1225 prima
2685 1158 2952 1213 elementa
2988 1159 3295 1226 trsdidait,

1735 1256 1792 1300 et
1823 1247 2082 1316 magister
2124 1246 2180 1300 in
2224 1247 2406 1300 divina
2459 1247 2578 1316 lege
2609 1247 2796 1318 prima:
2825 1248 3178 1304 institutionis
3200 1263 3299 1302 ex-

1735 1335 1954 1391 stiterit.
1992 1335 2145 1403 Quod
2192 1346 2372 1393 autem
2407 1339 2652 1408 magistri
2698 1339 2862 1393 etiam
2910 1350 3091 1410 patres
3133 1338 3294 1410 522

1735 1425 2075 1494 appellentur
2121 1437 2176 1480 et
2226 1427 2504 1494 apostolus
2549 1428 2746 1483 Paulus
2800 1431 2968 1495 dicit,
3017 1431 3146 1499 quia
3178 1447 3198 1480 ι
3243 1433 3296 1484 in

1735 1514 1951 1568 Christo
2002 1513 2130 1570 Jesu
2173 1530 2270 1584 per
2302 1517 2648 1586 Evangeliuni
2680 1532 2783 1588 ego
2832 1534 2924 1573 vos
2957 1521 3116 1589 genui
3165 1519 3233 1574 ⁸¹.
3269 1539 3290 1573 ι

1737 1605 1844 1660 Sed
1867 1616 1922 1660 et
1952 1615 2006 1659 tu
2034 1608 2122 1676 qui
2157 1607 2310 1677 legis,
2342 1623 2407 1662 ex
2435 1609 2631 1663 divinis
2659 1607 3030 1664 Voluminibus
3057 1611 3171 1678 ipse
3198 1610 3297 1666 tibi

1739 1698 2046 1752 testimonia
2076 1698 2128 1752 in
2176 1699 2276 1753 hoc
2339 1699 2657 1768 aspicientia
2685 1709 3030 1771 congregato.
3060 1701 3296 1757 Additur

1738 1789 1792 1843 in
1822 1789 2278 1857 consequentibus
2316 1807 2330 1843 :
2371 1807 2391 1840 «
2431 1789 2674 1846 Credidit
2727 1793 3004 1847 Abraham
3055 1791 3166 1849 Deo
3191 1832 3206 1858 ,
3241 1801 3300 1848 et

1741 1885 2046 1948 reputatum
2090 1886 2174 1932 est
2204 1878 2279 1932 illi
2321 1880 2390 1934 ad
2412 1879 2674 1949 justitiam
2711 1882 2778 1935 ".
2815 1899 2836 1933 ι
2869 1881 2969 1937 Hic
3009 1897 3189 1938 sermo
3233 1898 3304 1938 ex

84 1982 181 2038 tur,
209 1972 353 2042 apud
387 1971 566 2027 solum
603 1972 773 2026 Deum
802 1972 966 2027 habet
995 1972 1220 2043 gloriam
1256 1973 1348 2042 qui
1390 1973 1637 2028 occulto-
1666 1969 1710 2026 Β
1741 1969 1879 2024 libro
1913 1968 2136 2024 Genesis
2181 1970 2439 2037 sumitur,
2479 1987 2545 2028 eo
2579 1987 2648 2027 ex
2688 1972 2808 2028 loco
2845 1973 2936 2028 ubi
2975 1989 3085 2029 non
3134 1973 3306 2029 Abra-

81 2079 187 2117 rum
233 2065 495 2120 notitiam
542 2067 704 2120 habet
746 2064 857 2135 (26)
881 2104 896 2129 ,
930 2075 990 2134 ει,
1031 2064 1152 2120 ﬁdei
1183 2065 1330 2120 solus
1364 2065 1638 2133 inspector

80 2166 169 2209 est.
202 2154 370 2224 igitur
413 2164 474 2210 et
510 2173 531 2207 ι
565 2155 838 2210 Abraham
879 2156 923 2210 si
975 2171 1040 2209 ex
1078 2155 1333 2224 operibus
1358 2195 1374 2222 ,
1427 2155 1636 2224 inquit,

75 2247 391 2315 justiﬁestus
419 2257 526 2308 est,
561 2247 723 2300 habet
755 2265 774 2297 ι
807 2247 1025 2316 quidem
1060 2265 1079 2298 ι
1114 2246 1342 2315 gloriam
1375 2264 1394 2297 ι
1418 2261 1484 2300 ex
1506 2261 1638 2314 ope-

81 2336 210 2388 ribus
242 2335 586 2399 venientem,
625 2352 645 2386 ι
677 2337 770 2389 sed
815 2350 924 2389 non
973 2353 993 2388 ι
1026 2335 1170 2389 illam
1209 2350 1330 2405 qua:
1373 2353 1394 2387 ι
1437 2337 1575 2404 apud
1612 2354 1632 2390 ι

77 2426 233 2479 solum
265 2425 384 2497 (27)
413 2445 434 2476 ι
477 2424 647 2480 Deum
691 2445 708 2476 ι
743 2437 825 2480 εει
850 2442 866 2491 ;
890 2437 942 2480 at
982 2437 1191 2482 certum
1233 2436 1318 2482 εει
1347 2427 1626 2482 Abraham

77 2525 200 2590 apud
224 2523 402 2577 solum
433 2523 606 2577 Deum
639 2523 837 2578 habere
853 2523 1080 2593 gloriam
1111 2543 1126 2579 :
1157 2539 1493 2595 consequens
1511 2541 1638 2596 ergo

81 2624 153 2666 est
182 2624 240 2666 ut
265 2629 376 2669 non
406 2630 480 2668 ex
529 2615 805 2684 operibus,
831 2617 926 2670 sed
955 2631 1019 2670 ex
1053 2615 1158 2670 ﬁde
1183 2617 1511 2687 jnstilicatus
1545 2621 1637 2672 sit.

76 2703 177 2759 Non
225 2717 412 2760 autem
442 2715 602 2774 putes
649 2707 791 2775 quod
821 2707 864 2762 si
899 2709 1022 2776 quis
1057 2710 1250 2764 habeat
1282 2711 1440 2763 talem
1479 2712 1636 2765 ﬁdem

78 2813 136 2851 ει
161 2815 261 2867 qua
288 2801 630 2869 justilicatus
659 2800 853 2855 habeat
883 2801 1107 2869 gloriam
1131 2803 1274 2870 apud
1305 2801 1497 2866 Deum,
1521 2817 1641 2872 pos-

74 2891 139 2946 sit
165 2893 322 2946 simul
356 2907 490 2945 cum
529 2907 593 2945 ea
626 2891 828 2946 habere
856 2901 912 2945 et
949 2892 1286 2961 injuslitiam.
1317 2889 1473 2946 Nulla
1494 2893 1638 2948 enim

75 2998 189 3049 pars
214 2993 301 3038 est
347 2983 478 3037 ﬁdei
512 2982 676 3036 simul
715 2997 838 3037 cum
869 2982 1209 3047 inﬁdelitate,
1238 2983 1384 3037 nulla
1409 2983 1639 3053 justitia:

71 3089 183 3128 cum
213 3077 512 3145 iniquitate
540 3075 868 3140 communio,
897 3077 1040 3130 sicut
1074 3089 1174 3130 nec
1205 3074 1312 3129 luci
1341 3090 1463 3129 cum
1497 3085 1640 3130 lene-

76 3166 177 3221 bris
219 3178 402 3237 potest
453 3181 580 3221 esse
627 3168 859 3222 societas
898 3167 963 3220 ⁸⁸.
999 3167 1056 3221 Si
1091 3167 1235 3220 enim
1290 3183 1310 3218 ι
1346 3167 1439 3236 qui
1465 3168 1640 3223 credit

70 3262 204 3328 quod
233 3261 402 3316 Jesus
449 3269 537 3316 est
570 3259 817 3315 Christus
844 3299 860 3323 ,
907 3275 975 3314 ex
1019 3260 1128 3314 Deo
1161 3269 1321 3315 natus
1357 3269 1478 3326 est,
1509 3277 1528 3311 ι
1559 3269 1636 3322 et,

72 3367 89 3399 ι
124 3351 212 3418 qui
241 3367 308 3405 ex
347 3353 462 3405 Deo
495 3359 654 3404 natus
686 3357 807 3413 est,
841 3366 944 3402 non
979 3358 1188 3418 peccat,
1235 3366 1256 3401 ι
1290 3348 1632 3404 manifestum

68 3455 142 3495 est
170 3445 296 3512 quia
328 3446 424 3512 qui
455 3442 630 3497 credit
659 3440 784 3496 Jesu
825 3440 1063 3505 Christo,
1097 3455 1202 3495 non
1235 3450 1424 3512 peccat
1453 3440 1636 3509 :quod

66 3533 107 3586 si
131 3543 345 3602 peccat,
379 3543 594 3589 certum
623 3543 708 3588 est
733 3534 862 3603 quia
890 3548 995 3587 non
1048 3533 1220 3588 credit
1246 3533 1323 3589 ei.
1370 3531 1636 3588 Indicium

65 3623 227 3694 igitur
260 3639 409 3679 verae
461 3623 593 3680 ﬁdei
644 3632 730 3680 est
792 3624 881 3679 ubi
917 3639 1024 3679 non
1076 3624 1431 3694 delinquitur,
1497 3625 1638 3680 sicut

64 3727 288 3772 econtra
305 3717 400 3772 ubi
417 3715 756 3785 delinquitur
772 3715 1107 3771 inﬁdelitatis
1120 3716 1377 3772 indicium
1399 3727 1482 3772 est
1500 3715 1636 3788 (28).

59 3805 355 3880 Propterea
387 3824 523 3880 ergo
552 3818 609 3863 et
639 3809 693 3862 in
725 3807 832 3863 alio
870 3809 1168 3876 Scriptura:
1215 3808 1337 3863 loco
1364 3807 1410 3840 δν
1440 3808 1642 3864 dicitur

62 3901 125 3953 de
163 3903 450 3956 Abraham
481 3939 498 3965 ,
533 3900 676 3970 quod
721 3914 791 3955 ex
848 3901 1104 3970 operibus
1149 3899 1272 3954 ﬁdei
1303 3899 1639 3968 justiﬁcatus

59 3993 127 4046 sit
159 4007 178 4047 :
211 3995 340 4064 quia
393 4002 609 4050 certum
642 4001 726 4048 est
755 4007 881 4048 eum
933 3993 1024 4062 qui
1059 4006 1188 4048 vere
1235 3993 1454 4060 credit,
1501 4007 1640 4065 Opus

59 4086 210 4153 ﬁdei,
239 4097 298 4142 et
317 4087 575 4156 justitia,
604 4094 660 4140 et
693 4087 863 4142 totius
901 4085 1160 4140 bonitatis
1188 4087 1430 4154 operari,
1464 4097 1520 4142 et
1548 4102 1641 4142 ca-

59 4195 254 4248 pacem
293 4180 412 4236 ﬁeri
461 4179 752 4248 utriusque
793 4179 996 4248 gloriae,
1035 4189 1141 4232 tam
1192 4179 1308 4247 ejus
1331 4196 1452 4250 qua:
1497 4187 1640 4250 apud

60 4272 235 4327 Deum
274 4274 326 4327 in
351 4272 576 4327 occulto
616 4286 724 4338 est,
755 4287 916 4342 quam
947 4273 1111 4327 etiam
1152 4273 1269 4339 ejus
1313 4288 1432 4342 quae
1463 4273 1638 4342 palam

57 4372 163 4428 est,
193 4375 256 4417 et
289 4375 400 4417 non
426 4363 603 4417 solum
639 4366 777 4430 apud
811 4361 979 4414 Deum
1004 4370 1106 4415 est.
1147 4360 1248 4418 His
1275 4363 1349 4417 ita
1381 4378 1479 4432 pro
1509 4363 1640 4417 viri-

51 4457 155 4510 bus
192 4456 539 4527 explanatis,
578 4456 742 4510 etiam
786 4457 915 4510 illud
947 4457 1386 4524 praetereundum
1419 4457 1642 4511 minime

51 4549 286 4603 videtur
327 4549 478 4618 quod
528 4556 734 4616 patrem
785 4559 1032 4602 nostrum
1084 4549 1380 4604 secundum
1421 4563 1639 4602 carnem

1742 2061 1888 2125 ham,
1912 2060 2006 2114 sed
2026 2059 2227 2115 Abram
2248 2061 2376 2116 dicit
2401 2063 2470 2118 ad
2494 2062 2777 2117 Dominum
2803 2063 2912 2135 (50)
2943 2079 2956 2116 :
2989 2085 3008 2116 ‹
3037 2066 3300 2131 Quoniam

1737 2170 1846 2212 non
1873 2153 2070 2212 dedisti
2115 2155 2247 2210 mihi
2280 2169 2490 2219 semen,
2523 2155 2610 2209 hic
2635 2153 2958 2208 vernaculus
2990 2167 3141 2207 meus
3189 2153 3302 2207 hrc-

1737 2247 1994 2302 reditabit
2026 2261 2130 2301 me.
2182 2247 2246 2300 Et
2274 2247 2416 2301 dixit
2447 2247 2706 2301 Dominus
2738 2247 2805 2298 ad
2848 2259 2969 2298 eum
3002 2243 3159 2300 :Non
3195 2244 3304 2299 erit

1736 2340 1914 2397 haeres
1941 2350 2066 2397 tuus
2096 2341 2222 2405 iste,
2257 2343 2351 2396 sed
2380 2341 2474 2410 qui
2501 2341 2698 2396 exierit
2749 2342 2814 2394 de
2847 2349 2920 2404 te,
2950 2340 3038 2393 hic
3066 2322 3303 2394 erith'ae-

1739 2449 1828 2488 res
1861 2441 2009 2487 tuus.
2042 2432 2108 2486 Et
2136 2431 2350 2496 eduxit,
2384 2431 2560 2501 inquit
2587 2471 2604 2496 ,
2635 2447 2757 2486 eum
2785 2429 2899 2502 (51)
2925 2429 3072 2484 foras
3097 2469 3112 2494 ,
3141 2437 3196 2484 et
3219 2427 3305 2482 di-

1739 2529 1816 2581 xit
1838 2527 1903 2580 ad
1932 2540 2056 2579 eum
2090 2543 2104 2579 :
2137 2525 2366 2595 Respice
2388 2526 2454 2578 ad
2491 2524 2712 2588 eteluni,
2753 2533 2808 2577 et
2843 2536 3068 2577 numera
3098 2519 3302 2584 stellas,

1736 2621 1781 2674 si
1817 2613 2060 2688 potueris
2114 2618 2465 2672 dinumerare
2509 2633 2624 2671 eas.
2667 2617 2730 2670 Et
2779 2616 2856 2670 ait
2889 2616 2953 2668 ad
3005 2630 3172 2671 eum:
3210 2613 3304 2669 Sic

1737 2713 1843 2766 erit
1874 2726 2059 2766 semen
2089 2721 2262 2764 tuum.
2291 2709 2354 2762 Et
2380 2709 2614 2763 credidit
2649 2709 2778 2770 Deo,
2805 2718 2860 2762 et
2886 2716 3191 2776 reputatum
3217 2714 3304 2760 est

1737 2803 1789 2857 ei
1815 2803 1882 2856 ad
1910 2801 2176 2869 justitiam
2203 2799 2275 2852 ⁸⁸.
2309 2818 2328 2850 ι
2368 2799 2552 2854 Latius
2601 2800 2716 2853 loca
2747 2799 2860 2870 ipsa
2895 2797 3124 2868 exempli
3172 2810 3303 2868 gra-

1741 2895 1814 2950 tia
1851 2893 1964 2966 (52)
2001 2893 2069 2949 de
2122 2893 2261 2947 libro
2287 2890 2519 2946 Genesis
2548 2890 2921 2959 repetivimus,
2959 2897 3018 2943 ut
3058 2903 3178 2956 qua:
3214 2885 3309 2958 ju-

1739 2985 2084 3043 stiﬁcationis
2141 2983 2302 3052 hujus
2346 2996 2506 3036 causa
2542 2980 2702 3035 fuerit
2749 2994 3114 3035 nosceremus.
3151 2977 3306 3035 Unde

1737 3089 1794 3135 et
1819 3077 2002 3132 acrius
2027 3075 2416 3132 intendendum
2461 3081 2565 3140 est,
2614 3073 2659 3127 si
2692 3073 2764 3127 ob
2798 3073 2900 3126 hoc
2935 3070 3106 3126 solum
3157 3071 3302 3141 quod

1739 3173 1974 3228 dandum
2005 3171 2108 3227 sibi
2141 3170 2373 3225 credidit
2394 3169 2588 3233 ﬁliuni,
2625 3176 2681 3223 et
2711 3181 2778 3221 ex
2806 3180 2870 3221 eo
2899 3163 3210 3236 progeniem
3233 3162 3305 3218 ad

1741 3263 2142 3319 multitudinem
2175 3261 2413 3317 siderum
2446 3259 2846 3330 propagandam
2878 3296 2893 3322 ,
2941 3256 3140 3312 dicitur
3172 3254 3302 3325 quia

1740 3363 1992 3424 reputata
2013 3362 2098 3408 est
2125 3353 2257 3408 ﬁdes
2286 3353 2404 3422 ejus
2429 3351 2496 3405 ad
2524 3350 2792 3421 justitiam
2828 3367 2842 3403 :
2874 3363 2941 3402 an
2981 3361 3079 3416 pro
3121 3347 3226 3413 hoc
3251 3353 3308 3400 et

1739 3461 1836 3517 pro
1861 3445 2113 3501 omnibus
2136 3458 2255 3514 quae
2281 3443 2393 3513 jam
2418 3450 2544 3496 ante
2581 3439 2903 3495 crediderat.
2942 3437 3127 3506 Neque
3158 3435 3306 3490 enim

1739 3539 2036 3608 putandum
2077 3536 2218 3606 quod
2249 3535 2458 3603 absque
2494 3531 2600 3588 ﬁde
2627 3531 2794 3587 fuerit
2837 3529 2992 3595 illud,
3041 3537 3097 3582 ut
3131 3527 3309 3583 exiret

1740 3631 1807 3686 de
1847 3639 1992 3684 terra
2019 3643 2136 3692 sua,
2165 3636 2220 3682 et
2247 3629 2316 3681 de
2348 3625 2672 3695 cognatione
2701 3623 2868 3693 patris
2890 3621 2996 3684 sui,
3020 3628 3076 3674 et
3093 3618 3309 3674 veniret

1739 3720 1795 3776 in
1832 3729 2033 3776 terram
2053 3735 2214 3790 quam
2237 3718 2286 3773 ei
2313 3716 2780 3770 demonstraverat
2795 3714 2936 3767 Deus
2950 3711 3018 3776 ἰς
3041 3710 3126 3765 vel
3153 3708 3304 3774 illud,

1739 3827 1862 3868 cum
1910 3818 2167 3881 separato
2209 3822 2239 3862 a
2281 3819 2340 3862 se
2392 3807 2512 3872 Lot,
2550 3805 2684 3861 dicit
2732 3805 2798 3859 ad
2837 3818 2960 3858 eum
2995 3800 3303 3855 Dominus:

1745 3922 1766 3958 ι
1804 3903 2001 3974 Aspice
2025 3901 2200 3958 oculis
2225 3901 2351 3964 tuis,
2378 3910 2432 3954 et
2449 3900 2570 3954 vide
2594 3913 2660 3953 ex
2689 3897 2792 3951 hoc
2813 3896 2931 3950 loco
2958 3895 3010 3948 in
3033 3907 3143 3963 quo
3166 3901 3304 3958 stas.

1740 4007 1796 4054 et
1824 3997 2040 4051 intuere
2081 3997 2150 4049 ad
2175 3992 2623 4064 septentrionem,
2655 3998 2709 4044 et
2733 3987 3113 4050 meridianum,
3140 3991 3193 4038 et
3239 3983 3310 4037 ad

1741 4089 2116 4150 occidentem,
2169 4095 2332 4154 atque
2360 4085 2425 4138 ad
2458 4081 2747 4144 orientem,
2789 4078 2912 4149 quia
2951 4089 3166 4130 omnem
3194 4081 3310 4128 tera
3374 4155 3382 4164 .

1743 4198 1861 4238 ram
1895 4181 2036 4235 hanc
2063 4193 2227 4248 quam
2256 4177 2407 4230 vides
2445 4175 2544 4230 tibi
2575 4173 2714 4229 dabo
2743 4187 2887 4232 eam,
2921 4181 2976 4224 et
2995 4166 3186 4223 semini
3215 4175 3308 4220 tuo

1742 4273 1796 4328 in
1826 4283 2086 4327 aeternum
2111 4270 2180 4322 ³⁸.
2206 4289 2225 4321 ι
2259 4269 2364 4323 Sed
2395 4277 2451 4323 et
2477 4265 2608 4320 illud
2645 4264 2766 4333 quis
2796 4261 2939 4315 dicat
2963 4259 3172 4328 absque
3203 4256 3310 4310 ﬁde

1741 4364 1994 4430 factum,
2037 4363 2180 4431 quod
2231 4357 2457 4414 veniens
2511 4355 2790 4412 Abraham
2843 4349 3112 4407 habitavit
3164 4345 3310 4416 apud

1742 4470 2004 4525 quercum
2024 4454 2266 4510 Mambre
2295 4453 2346 4506 in
2381 4449 2618 4511 Hebron,
2645 4454 2700 4501 et
2721 4443 3011 4500 aediﬁcavit
3034 4440 3104 4495 ibi
3135 4438 3312 4493 altare

1744 4549 1974 4604 Domino
1997 4549 2092 4604 “1'
2122 4547 2406 4614 Quomodo
2439 4553 2621 4598 autem
2653 4550 2707 4594 et
2737 4539 2868 4594 illud
2899 4551 3005 4590 non
3037 4542 3156 4589 erat
3183 4529 3310 4585 ﬁdei

51 4646 369 4699 nominavit
391 4643 664 4697 Abraham
683 4641 751 4694 ⁸⁸.
778 4639 1034 4696 Gentium
1068 4641 1268 4696 etenim
1305 4650 1456 4711 pater
1471 4643 1644 4696 Abra-
1675 4639 1719 4693 D
1746 4657 1883 4711 opus
1911 4682 1928 4707 ,
1963 4657 2086 4696 cum
2120 4637 2513 4694 Melchisedech
2559 4630 2839 4690 benedixit
2887 4626 3206 4688 Abraham,
3255 4629 3314 4676 et

51 4735 179 4790 ham
219 4736 536 4792 secundum
573 4735 731 4790 iidem
755 4775 771 4800 ,
821 4750 926 4787 non
975 4733 1272 4787 secundum
1305 4747 1526 4787 carnem
1561 4733 1642 4786 vi-

47 4827 239 4883 detur.
294 4826 438 4881 Nam
490 4824 666 4895 ipsius
695 4825 913 4895 quidem
952 4824 1192 4894 Apostoli
1243 4833 1423 4893 potest
1449 4835 1505 4879 et
1555 4841 1642 4880 se-

45 4923 300 4976 cundum
332 4934 562 4976 carnem
601 4918 704 4973 dici
736 4935 750 4972 :
782 4933 850 4973 ex
895 4931 1096 4987 genere
1146 4919 1290 4975 enim
1343 4916 1641 4973 Israelitico

116 5084 165 5115 ⁸⁷
197 5080 424 5137 Babae.
458 5095 522 5146 tt,
551 5078 620 5143 ις
650 5075 814 5134 Hebr.
843 5092 899 5137 ι,
932 5075 1023 5130 58.
1114 5075 1160 5108 ⁸⁸
1184 5075 1226 5128 ll
1251 5077 1376 5131 Cor.
1407 5091 1482 5137 vi,
1507 5075 1593 5139 ιι,
1628 5078 1636 5125 l

117 5197 131 5202 _
242 5155 300 5185 ⁸⁸
335 5155 499 5202 Rom.
528 5164 605 5202 tv.
639 5147 694 5202 3.
788 5147 834 5180 ⁵³
868 5147 1006 5202 Gen.
1045 5162 1136 5202 xv.
1174 5147 1208 5202 5
1239 5162 1354 5202 εεα.
1447 5146 1492 5178 ⁸⁸
1521 5147 1634 5201 Gen

1813 5080 1836 5108 ι

1746 5145 1837 5202 ι.1

1569 5165 1657 5200 en.
1691 5165 1787 5213 xu,
1810 5165 1862 5202 1.

44 5155 131 5209 15.
242 5155 300 5185 ⁸²
335 5155 499 5207 Rom.
528 5164 605 5217 tv,
639 5147 694 5203 3.
788 5147 834 5180 ⁸³
868 5147 1006 5203 Gen.
1045 5162 1136 5213 xv,
1174 5147 1208 5202 5
1239 5162 1354 5216 seq.

43 5241 163 5292 xrv,
199 5226 306 5288 i9,
340 5220 436 5276 20.

114 5339 246 5410 (25)
314 5337 418 5410 Sic
448 5349 603 5410 mss.
627 5341 717 5410 _et_
745 5331 1026 5386 Rabanus.
1059 5327 1203 5410 Editni
1224 5339 1380 5410 χει-ο
1401 5341 1497 5410 ,“t
1521 5323 1650 5410 ipse

43 5393 203 5465 enim
223 5393 518 5478 'prazvidet
547 5403 674 5473 quis
705 5404 758 5457 in
807 5411 1130 5469 unoquoque
1167 5397 1292 5453 ﬁdei
1327 5395 1539 5451 habitat
1565 5393 1652 5448 af-

44 5483 256 5621 fei‘iliis).
276 5495 557 5621 1§otitiant
577 5541 750 5621 habet.
769 5540 1121 5621 Heredesunt
1152 5538 1206 5592 in
1247 5548 1406 5592 antea
1429 5533 1610 5590 editis.

109 5611 240 5688 (27)
283 5615 506 5688 Solum.
541 5613 600 5665 In
623 5611 1170 5688 editis‘desideratur.

264 5687 428 5741 Sicut
466 5681 832 5763 encontrttabi
853 5679 1173 5763 delinquitur
1197 5674 1639 5763 inﬁdelitatisin-

38 5747 250 5816 άιέἡωᾶι
308 5764 415 5808 est.
473 5753 568 5805 Sic
612 5749 738 5803 editi
767 5759 820 5803 et
859 5747 1013 5803 tnss.‘
1042 5747 1236 5802 nostri.
1286 5747 1415 5800 Mss.
1459 5756 1636 5798 tamen

41 5848 182 5885 unus
220 5840 342 5898 pro
383 5823 469 5878 his
500 5818 690 5874 verbis
717 5819 910 5884 habet;
948 5835 968 5871 ι
1011 5818 1346 5874 inﬁdelitatis
1379 5816 1634 5871 indicium

37 5915 121 5958 est
142 5902 245 5957 ubi
280 5903 582 5967 peccatur.
620 5906 639 5939 ι

1747 4734 1822 4788 ait
1852 4753 1864 4788 :
1898 4751 1918 4785 ι
1951 4732 2274 4787 Benedictus
2299 4729 2576 4785 Abraham
2610 4724 2723 4778 Deo
2743 4720 2960 4777 excelso
2990 4716 3083 4787 qui
3107 4712 3314 4768 creavit

1749 4825 1949 4882 coelum
1987 4833 2041 4879 et
2091 4833 2294 4878 terram
2330 4839 2345 4876 :
2383 4831 2439 4876 et
2487 4816 2807 4874 benedictus
2851 4809 2994 4864 Deus
3024 4804 3311 4866 excelsus,

1749 4917 1842 4987 qui
1880 4914 2103 4970 tradidit
2134 4913 2386 4968 inimicos
2417 4909 2534 4978 ejus
2557 4909 2610 4962 in
2641 4904 2886 4959 manibus
2911 4899 3027 4967 ejus
3052 4896 3098 4928 "
3125 4895 3150 4949 τ
3179 4912 3200 4946 ι
3231 4893 3312 4948 Ex

2951 5060 2995 5091 ⁸⁸
3026 5057 3043 5112 l
3074 5057 3202 5112 Cor.
3233 5071 3310 5123 tv,

3099 5128 3144 5160 ⁸⁷
3173 5127 3310 5184 Gen.

2441 5071 2486 5102 ⁸ο
2513 5068 2670 5123 Rom.
2693 5078 2769 5125 tv,
2806 5061 2859 5114 1.

1813 5077 1858 5109 δ’
1882 5074 2001 5130 Jac.
2030 5089 2090 5139 ll,
2115 5074 2209 5136 21,
2237 5073 2327 5127 22.
2441 5073 2486 5102 ³ο
2513 5073 2670 5123 Rom.
2693 5078 2769 5125 tv,
2806 5073 2859 5114 ι.
2951 5073 2995 5091 οι

1813 5145 1834 5187 t
1963 5145 2009 5178 ιε
2048 5145 2185 5187 (ιν..-
2221 5159 2338 5187 sui-
2364 5141 2453 5187 ui
2487 5139 2573 5187 15.
2672 5135 2717 5166 "
2745 5131 2873 5187 ibid.
2909 5128 2996 5184 18.

1963 5145 2009 5178 ³⁵
2048 5145 2186 5199 Gen.
2221 5159 2338 5208 xm,
2364 5141 2454 5207 M,
2487 5139 2573 5193 15.

1829 5320 1941 5393 (29)
1995 5321 2135 5376 Editi
2170 5337 2184 5374 :
2218 5317 2309 5374 alii
2343 5339 2360 5370 ι
2399 5320 2680 5382 nominat,
2715 5332 2739 5369 ι
2779 5315 2868 5370 alii
2919 5331 2938 5366 t
2979 5313 3310 5376 nominare,»

1829 5397 1958 5436 mm
2013 5412 2031 5436 ι
2089 5391 2284 5436 notuit.
2327 5410 2345 5436 ι
2389 5387 2515 5436 Mss.
2553 5402 2693 5436 unus
2727 5386 2889 5436 habet
2921 5403 2940 5436 ι
2983 5386 3122 5436 solet
3157 5401 3178 5435 ι
3217 5398 3310 5436 oro

1753 5386 1958 5449 omisso
2013 5412 2033 5445 ι
2089 5391 2284 5460 potuit.
2327 5410 2345 5440 υ
2389 5387 2515 5441 Μεε.
2553 5402 2693 5441 unus
2727 5386 2889 5442 habet
2921 5403 2940 5436 ι
2983 5386 3122 5438 solet
3157 5401 3178 5435 ι
3216 5398 3315 5454 pro

1761 5481 1782 5515 ι
1817 5465 2069 5538 ρρειιίιελ
2099 5461 2318 5538 Mem
2353 5458 2672 5538 ηρηιὲηθὲῖιο
2717 5475 2745 5538 ’.
2951 5523 2986 5538 .,
3048 5537 3055 5538 ί
3259 5535 3304 5538 __

1827 5526 1942 5607 (50)
1972 5531 2114 5607 Editi
2141 5569 2172 5607 ,Δ
2195 5547 2231 5607 ⁵ι
2264 5544 2329 5582 ex
2369 5526 2778 5607 iiltris_Genesis
2825 5526 3110 5607 sumitur,
3149 5537 3217 5578 ex
3248 5535 3316 5577 eo

1757 5595 1878 5659 loco
1895 5595 1983 5656 ubi
2011 5616 2116 5656 non
2145 5599 2372 5662 Abram,
2396 5597 2490 5652 red
2519 5597 2794 5652 Abraham
2815 5595 2947 5650 dicit
2973 5595 3040 5647 ad
3073 5595 3263 5661 Deum,
3289 5611 3309 5642 ι

1743 5685 1849 5729 etc.
1881 5671 2041 5728 Male.

1814 5743 1930 5812 (51)
1965 5741 2124 5812 Etim.
2150 5738 2312 5812 (Deest
2350 5738 2404 5790 in
2438 5735 2618 5790 editis.

1824 5798 1949 5885 (52)
2007 5807 2216 5864 Gratia.
2272 5809 2325 5862 lu
2380 5817 2538 5861 antea
2598 5805 2758 5862 editis
2810 5803 3119 5860 omittitur.
3177 5798 3309 5860 ΔΙ..

1747 5902 1766 5935 1
1805 5896 1990 5938 causa.
2029 5899 2048 5930 1
