3784 6564
1958 463 2272 522 ORIGENIS

3609 473 3699 531 965

504 579 703 650 quibus
723 580 976 638 omnibus
993 581 1266 653 colligitur
1292 585 1435 653 quod
1463 587 1517 640 in
1541 584 1628 639 his
1663 582 1892 654 singulis
1929 584 2062 637 ﬁdes
2090 587 2137 642 Α
2163 590 2217 635 et
2249 579 2536 649 largitione
2567 579 2850 637 faciamus.
2888 582 3040 649 Quod
3090 597 3220 656 ergo
3248 585 3356 640 erit
3391 583 3620 641 debitum
3643 589 3698 642 il.

504 673 722 741 quidem
747 671 911 726 fuerit
933 673 1190 739 Abrahae,
1217 677 1310 731 sed
1332 693 1396 732 ex
1442 687 1635 747 parte;
1681 677 1736 730 in
1763 690 1830 730 eo
1875 685 2059 730 autem

507 761 598 815 ubi
649 762 870 826 dicitur,
897 763 1022 832 quia
1069 764 1200 820 ﬁdes
1229 769 1350 835 ejus
1372 777 1614 837 reputata
1653 775 1736 821 est
1781 765 1849 820 ad
1895 764 2057 833 justi-

507 851 636 904 tiam
667 851 737 916 “,
761 851 892 906 ﬁdes
925 851 1158 918 perfecta
1185 854 1504 909 declaretur.
1535 855 1684 914 Sicut
1713 857 1857 910 enim
1879 855 2060 910 scien-

509 941 639 996 tiam
675 951 731 997 et
775 943 1112 1012 prophetiam
1151 959 1215 999 ex
1257 955 1408 1013 parte
1437 945 1563 1000 dicit
1599 960 1722 1000 esse
1749 943 2059 1015 Apostolus,

506 1044 564 1090 et
597 1049 812 1088 rursum
843 1034 976 1089 dicit
995 1049 1126 1089 esse
1152 1035 1446 1104 perfectam
1472 1036 1524 1090 in
1553 1050 1618 1090 eo
1643 1051 1763 1089 cum
1781 1035 2056 1090 scribit":

512 1142 534 1178 ι
571 1126 644 1179 Εχ
675 1135 828 1194 parte
854 1126 1074 1188 scimus,
1111 1137 1167 1181 et
1197 1141 1263 1180 ex
1295 1137 1450 1197 parte
1486 1127 1905 1196 prophetamus;
1934 1143 2056 1184 cum

506 1224 684 1270 autem
711 1216 922 1269 venerit
972 1215 1114 1283 quod
1159 1217 1456 1284 perfectum
1497 1226 1602 1281 est,
1626 1219 1968 1273 destruentur
1996 1234 2058 1275 ea

504 1322 624 1376 quae
649 1320 714 1360 ex
744 1316 900 1376 parte
948 1315 1077 1361 sunt
1127 1299 1280 1376 (33):
1319 1325 1338 1358 ι
1371 1307 1443 1361 ita
1483 1316 1538 1362 et
1580 1309 1740 1363 ﬁdem
1774 1325 2059 1379 possumus

510 1396 812 1466 intelligere
853 1411 972 1451 esse
1019 1396 1308 1466 aliquando
1349 1413 1414 1452 ex
1463 1409 1654 1468 parte,
1689 1408 1743 1452 et
1770 1398 2060 1469 aliquando

504 1486 828 1557 perfectam.
885 1487 955 1542 Ut
1006 1497 1188 1541 autem
1237 1488 1382 1557 quod
1431 1488 1662 1542 dicimus
1711 1489 1834 1544 aliis
1883 1490 2060 1546 adhuc

505 1576 799 1646 Scriptum
846 1588 1051 1633 sancta
1106 1577 1434 1634 testimoniis
1480 1578 1782 1644 muniatur,
1821 1580 1946 1634 audi
2002 1580 2058 1635 in

503 1667 793 1738 Evangelio
821 1669 887 1722 ad
931 1668 1218 1725 Dominum
1248 1667 1496 1724 dicentes
1528 1669 1808 1737 apostolos
1840 1688 1855 1724 :
1896 1688 1916 1721 ι
1956 1669 2060 1724 Do-

501 1761 671 1826 mine,
699 1775 836 1830 auge
865 1759 1022 1814 nobis
1050 1759 1278 1814 ﬁdem“.
1313 1777 1332 1812 ι
1369 1757 1554 1814 Nonne
1578 1773 1676 1827 per
1705 1759 1821 1816 haec
1840 1761 2058 1815 eviden-

503 1861 588 1907 ter
617 1853 909 1906 ostendunt
936 1851 1137 1906 habere
1163 1865 1222 1905 se
1247 1850 1466 1919 quidem
1516 1851 1708 1914 fidem,
1753 1852 1849 1906 sed
1894 1851 2054 1907 talem

497 1960 618 2014 qua:
650 1953 829 2012 egeret
861 1942 1195 2014 augmento?
1225 1939 1328 1997 Sed
1361 1951 1416 1996 et
1460 1943 1576 2012 ipse
1605 1944 1880 2012 apostolus
1913 1943 2054 1998 Pau-
2087 1920 2130 1976 Β

495 2036 584 2092 lus
621 2049 745 2091 cum
787 2034 940 2100 dicit,
981 2053 999 2085 ι
1045 2031 1106 2088 Si
1151 2033 1378 2088 habeam
1411 2047 1624 2088 omnem
1656 2035 1838 2099 fidem,
1876 2035 1949 2088 ita
1995 2043 2055 2089 ut

498 2137 710 2183 montes
741 2126 1065 2182 transferam
1099 2127 1166 2192 “,
1198 2145 1217 2179 ι
1247 2142 1464 2182 omnem
1493 2139 1614 2181 cum
1645 2123 1799 2191 dicit,
1833 2141 1894 2181 ex
1927 2142 2053 2196 par-

497 2217 641 2272 tibus
671 2224 839 2270 totam
867 2215 1024 2271 docet
1074 2229 1197 2270 esse
1244 2215 1620 2284 compositam.
1674 2211 1858 2282 Neque
1909 2215 2050 2269 enim

497 2323 655 2365 omne
689 2316 866 2377 potest
894 2307 1188 2373 nominari,
1212 2307 1303 2361 ubi
1334 2317 1426 2360 aut
1446 2306 1728 2376 qualitatis
1757 2315 1850 2360 aut
1881 2321 2053 2375 quan-

497 2399 669 2454 titatis
695 2398 982 2454 diversitas
1011 2413 1118 2453 non
1171 2397 1288 2468 (3d)
1321 2405 1429 2454 est.
1457 2397 1685 2452 Videtur
1711 2410 1841 2466 ergo
1888 2397 2050 2451 etiam

493 2490 550 2547 in
583 2491 838 2561 praesenti
869 2489 988 2544 loco
1014 2503 1134 2544 cum
1171 2487 1350 2542 multa:
1380 2487 1512 2542 lides
1545 2486 1777 2541 Abrahae
1810 2501 2048 2557 praees-

495 2581 664 2638 serint
692 2595 787 2648 per
816 2579 1026 2650 singula
1074 2592 1301 2649 quaeque
1349 2593 1469 2648 quae
1511 2593 1578 2632 ex
1627 2587 1780 2646 parte
1803 2578 2053 2647 superius

495 2671 935 2735 memoravimus,
971 2670 1024 2724 in
1056 2671 1160 2724 hoc
1191 2683 1330 2724 nunc
1355 2668 1602 2725 universa
1633 2669 1766 2726 ﬁdes
1793 2669 1912 2738 ejus
1932 2684 2054 2726 esse

494 2764 748 2826 collecta,
783 2772 838 2818 et
864 2763 937 2816 ita
987 2760 1039 2816 ei
1073 2761 1140 2815 ad
1167 2759 1435 2828 justitiam
1472 2770 1745 2830 reputata.
1771 2761 1892 2817 Jam
1919 2777 2053 2819 sane

492 2852 881 2919 considerabis,
915 2853 1059 2908 sicut
1094 2851 1161 2906 de
1191 2849 1299 2905 fide
1329 2850 1530 2906 dictum
1552 2861 1634 2907 est
1657 2851 1782 2922 quia
1805 2862 2050 2921 reputata

490 2953 576 3000 est
598 2945 648 2999 ei
683 2946 750 3000 ad
801 2943 1068 3009 justitiam
1094 2981 1110 3007 ,
1141 2943 1212 2996 ita
1262 2952 1317 2998 et
1362 2942 1428 2997 de
1457 2941 1579 2996 aliis
1620 2943 1910 2998 virtutibus
1946 2945 2050 2998 dici

491 3035 669 3106 possit
697 3038 821 3106 quia
847 3075 866 3102 ,
913 3035 1061 3091 verbi
1099 3035 1270 3104 gratia
1296 3073 1312 3098 ,
1347 3033 1720 3089 misericordia
1758 3035 2053 3105 unicuique

492 3129 736 3198 reputari
752 3137 926 3198 potest
949 3127 1017 3181 ad
1036 3127 1326 3197 justitiam,
1348 3137 1440 3182 aut
1467 3127 1753 3198 sapientia,
1769 3136 1860 3181 aut
1876 3127 2053 3183 scien-

498 3220 596 3286 tia,
629 3230 723 3274 aut
753 3219 1129 3284 mansuetudo,
1161 3228 1216 3274 et
1243 3218 1540 3282 humilitas,
1570 3217 1653 3272 vel
1692 3226 1841 3274 certe
1866 3217 1912 3272 si
1936 3232 2052 3273 om-

493 3313 551 3368 ni
577 3311 818 3368 credenti
851 3311 984 3366 ﬁdes
1029 3310 1094 3365 atl
1136 3310 1407 3379 justitiam
1456 3318 1760 3379 reputetur.
1793 3306 1901 3364 Sed
1929 3325 2051 3364 cum

491 3405 564 3460 ad
600 3403 914 3474 Scripturas
942 3402 1124 3466 redeo,
1154 3417 1261 3456 non
1303 3401 1555 3456 omnibus
1587 3399 1933 3454 credentibus
1967 3399 2053 3454 in-

488 3495 652 3551 venio
685 3493 829 3564 quod
875 3492 1008 3547 lides
1058 3493 1124 3545 ad
1167 3491 1432 3561 justitiam
1483 3497 1777 3559 reputetur.
1810 3489 2052 3558 Denique

493 3587 758 3657 scriptum
787 3592 871 3640 est
893 3587 959 3640 de
992 3582 1118 3638 ﬁliis
1154 3581 1344 3647 israel,
1373 3581 1498 3651 quia
1531 3599 1551 3633 ι
1584 3581 2054 3636 credideruntDo-

490 3678 658 3743 mino,
684 3687 740 3733 et
771 3675 974 3732 famulo
1008 3677 1123 3746 ejus
1149 3675 1337 3746 Moysi,
1367 3674 1412 3706 “
1441 3693 1460 3726 ι
1492 3687 1590 3728 nec
1621 3682 1802 3729 tamen
1835 3672 2054 3729 additur

489 3768 634 3838 quod
661 3769 732 3824 de
772 3767 1046 3822 Abraham
1092 3765 1352 3833 scriptum
1391 3772 1497 3830 est,
1523 3763 1648 3832 quia
1679 3771 1922 3832 reputata
1968 3771 2054 3816 est

489 3859 596 3915 illis
632 3860 699 3914 ad
725 3857 1014 3926 justitiam.
1055 3855 1136 3912 Ob
1178 3856 1283 3912 hoc
1331 3855 1588 3919 arbitror,
1621 3854 1766 3924 quod
1789 3868 1894 3909 non
1944 3853 2051 3908 illis

487 3959 632 4016 erat,
663 3949 804 4006 sicut
839 3951 890 4004 in
915 3948 1185 4004 Abraham
1218 3948 1517 4012 docuimus,
1551 3961 1617 4001 ex
1651 3945 1838 4002 multis
1885 3945 2048 4015 parti-

489 4041 593 4098 bus
621 4042 745 4097 ﬁdei
789 4042 842 4095 in
880 4056 1044 4096 unum
1074 4048 1395 4096 coacervata
1423 4038 1709 4107 perfectio,
1732 4052 1852 4106 qua:
1877 4051 2052 4092 mere-

405 4137 412 4148 ‘
496 4145 648 4190 retur
671 4135 739 4188 ad
757 4133 1024 4202 justitiam
1052 4131 1314 4202 reputari.
1339 4131 1490 4198 Quod
1518 4139 1694 4184 autem
1728 4130 1862 4184 dicit
1894 4147 1910 4184 :
1937 4148 1956 4180 ι
1990 4129 2048 4184 Εἰ

489 4240 620 4281 vero
649 4225 743 4293 qui
775 4232 1054 4294 Operatur,
1095 4235 1309 4277 merces
1355 4235 1462 4276 non
1513 4221 1812 4288 imputatur
1854 4233 2048 4276 secun-

491 4317 619 4374 dum
669 4316 936 4387 gratiam,
995 4315 1089 4369 sed
1135 4313 1434 4368 secundum
1483 4312 1718 4366 debitum
1757 4327 1773 4376 ;
1806 4310 2045 4366 credenti

491 4416 669 4464 autem
699 4408 754 4462 in
782 4421 905 4461 eum
925 4405 1017 4476 qui
1040 4404 1296 4476 justiﬁcat
1319 4403 1564 4474 impium,
1597 4410 1875 4471 reputatur
1899 4401 2042 4455 ﬁdes

492 4501 559 4555 ad
596 4498 863 4571 justitiam
890 4498 936 4530 “
974 4519 986 4553 :
1023 4515 1042 4550 ι
1074 4497 1286 4551 videtur
1333 4494 1618 4550 ostendere
1645 4493 1798 4564 quasi
1853 4493 1906 4547 in
1944 4491 2048 4546 ﬁde

2162 670 2289 735 lius,
2315 670 2470 739 cujus
2497 685 2624 742 erga
2666 685 2764 727 nos
2810 672 2966 728 fenus
2994 676 3272 743 praecessit
3311 675 3474 746 (56)?
3509 676 3570 731 Et
3597 678 3698 732 ideo

2161 757 2450 812 videndum
2479 759 2652 829 magis
2687 771 2772 814 est
2813 774 2882 815 ne
2921 760 3063 818 forte
3099 765 3240 832 quod
3270 765 3426 830 dixit,
3459 785 3479 818 ι
3521 767 3576 820 Εἰ
3617 784 3698 821 δυο

2163 856 2269 904 tem
2299 851 2388 917 qui
2416 860 2693 919 operatur,
2726 865 2935 908 merces
2966 854 3263 910 secundum
3297 856 3537 911 debitum
3567 873 3700 928 repu-

2168 941 2390 1005 tabitur,
2429 960 2447 993 ι
2478 941 2685 997 sinistri
2733 943 2906 1013 magis
2950 944 3133 1015 operis
3184 946 3589 1017 intelligendum
3640 951 3700 1004 sit

2161 1031 2425 1088 debitum.
2451 1033 2642 1088 Debita
2674 1036 2872 1090 etenim
2909 1047 3128 1105 peccata
3165 1039 3272 1094 dici
3302 1039 3357 1092 in
3384 1039 3579 1096 divinis
3612 1043 3702 1098 Vo-

2157 1121 2450 1178 iuminihus
2508 1124 2823 1192 frequenter
2856 1126 3138 1194 invenies,
3188 1136 3248 1183 ut
3292 1128 3412 1198 ipse
3465 1130 3702 1190 Dominus

2159 1213 2212 1268 in
2258 1215 2504 1270 oratione
2559 1230 2662 1271 nos
2699 1216 2956 1272 docuit“
2988 1218 3211 1273 dicere:
3248 1237 3268 1272 ι
3305 1218 3527 1276 Dimitte
3567 1226 3702 1280 nobis

2159 1304 2319 1376 523
2351 1307 2527 1360 debita
2557 1316 2743 1363 nostra
2763 1347 2778 1372 ,
2803 1309 2948 1363 sicut
2989 1319 3046 1363 et
3077 1323 3177 1364 nos
3211 1310 3536 1368 dimittimus
3570 1315 3703 1370 debi-

2159 1395 2364 1448 toribus
2406 1395 2607 1450 nostris
2641 1413 2655 1450 :
2695 1413 2714 1448 ι
2745 1405 2801 1452 et
2843 1397 3039 1452 iterum
3065 1414 3189 1453 cum
3225 1400 3360 1456 dicit
3392 1401 3508 1472 ipse
3549 1403 3704 1457 Domi-

2158 1497 2261 1538 nus
2291 1484 2374 1538 ":
2413 1501 2433 1534 ι
2471 1485 2697 1540 liuidum
2743 1485 3121 1555 patrifamilias
3155 1497 3317 1545 erant
3365 1492 3474 1547 duo
3515 1493 3704 1547 debito-

2158 1585 2247 1626 res
2278 1590 2291 1626 :
2320 1587 2458 1628 unus
2506 1575 2735 1629 debebat
2787 1576 3041 1632 denarios
3085 1579 3439 1647 quingentos,
3487 1592 3545 1636 et
3590 1583 3704 1638 alius

2156 1663 2548 1734 quinquaginta
2581 1683 2596 1720 :
2630 1683 2650 1718 ι
2687 1673 2741 1720 et
2763 1666 2866 1720 hoc
2887 1668 2956 1722 de
2993 1671 3234 1736 peccatis
3263 1671 3371 1726 dici
3405 1673 3524 1742 ipse
3554 1673 3705 1728 inter-

2158 1763 2401 1821 pretatus
2429 1766 2535 1813 est.
2562 1754 2640 1811 Ne
2657 1757 2801 1813 forte
2828 1773 2958 1828 ergo
2975 1769 3028 1814 et
3060 1761 3112 1814 in
3139 1761 3242 1815 hoc
3269 1761 3390 1817 loco
3413 1766 3702 1819 mercedem

2157 1845 2342 1913 operis
2377 1860 2495 1916 quae
2533 1847 2833 1902 secundum
2865 1849 3102 1902 debitum
3139 1851 3424 1918 redditur,
3461 1857 3529 1908 ad
3579 1854 3704 1908 hunc

2157 1950 2397 2004 sensum,
2429 1951 2587 2004 quem
2613 1951 2780 2006 supra
2803 1938 3063 2004 diximus,
3086 1942 3381 2010 Aposmlus
3413 1947 3705 2000 traxeritde

2159 2025 2242 2080 his
2283 2028 2376 2097 qui
2423 2029 2495 2082 ita
2529 2037 2821 2099 operantur
2861 2031 3004 2086 sicut
3053 2041 3108 2087 et
3160 2033 3292 2088 Cain
3345 2045 3600 2104 operatus
3635 2049 3706 2091 est

2157 2125 2357 2172 terram
2390 2137 2403 2172 :
2436 2127 2493 2173 et
2547 2119 2689 2175 sicut
2731 2120 2861 2176 alibi
2927 2123 3103 2178 dicit:
3153 2141 3173 2175 ι
3240 2124 3509 2180 Discedite
3554 2141 3582 2180 a
3612 2144 3704 2194 me,

2156 2207 2390 2276 operarii
2425 2208 2724 2278 iniquitatis
2744 2210 2790 2242 “
2815 2229 2830 2267 :
2869 2229 2890 2264 ι
2916 2213 3113 2282 quibus
3137 2214 3327 2284 utique
3357 2217 3508 2285 quasi
3541 2219 3705 2275 debita

2155 2311 2312 2368 paena
2339 2311 2439 2368 pro
2469 2300 2716 2356 mercede
2739 2300 3043 2372 iniquitatis
3075 2304 3392 2360 exsolvitur.
3419 2306 3571 2364 Unde
3584 2310 3706 2363 idem

2155 2389 2443 2460 Apostolus
2471 2391 2522 2444 in
2553 2391 2662 2447 alio
2688 2392 2809 2449 loco
2834 2395 2878 2427 ⁸⁷
2913 2412 2929 2449 :
2975 2414 2996 2447 ι
3032 2395 3336 2467 Stipendia,
3366 2400 3566 2470 inquit,
3600 2416 3708 2470 pec-

2157 2482 2262 2536 cati
2299 2497 2481 2548 tnors;
2525 2502 2545 2536 ι
2579 2493 2634 2539 et
2680 2501 2786 2540 non
2832 2487 3040 2542 addidit
3074 2499 3133 2542 ut
3176 2491 3442 2546 similiter
3479 2493 3708 2548 diceret:

2159 2571 2434 2642 Stipendia
2466 2585 2645 2630 autem
2661 2575 2880 2643 justitia‘.
2898 2580 3005 2632 vita
3027 2589 3256 2646 aeterna,
3277 2583 3376 2637 sed
3396 2584 3474 2638 ait
3497 2601 3512 2638 :
3545 2601 3564 2636 ι
3584 2583 3708 2638 Gra-

2159 2664 2232 2719 tia
2264 2676 2442 2721 autem
2471 2665 2564 2723 Dei
2591 2669 2706 2723 vita
2731 2678 2933 2724 aeterna
2961 2669 3008 2702 ⁸⁸
3036 2691 3050 2726 :
3091 2689 3112 2724 ι
3143 2681 3202 2727 ut
3228 2673 3560 2743 stipendium
3576 2677 3710 2744 quod

2157 2755 2342 2826 utique
2374 2755 2555 2814 debito
2594 2767 2651 2814 et
2681 2759 2916 2815 mercedi
2951 2761 3129 2818 simile
3154 2772 3268 2830 est,
3303 2764 3707 2819 retributionem

2155 2858 2330 2916 paenae
2353 2861 2474 2902 esse
2496 2848 2714 2904 doceret
2748 2859 2804 2904 et
2838 2851 3060 2920 mortis,
3096 2852 3262 2908 vitam
3301 2869 3436 2910 vero
3459 2863 3709 2910 atemam

2155 2939 2256 2995 soli
2283 2941 2471 3010 gratia:
2503 2941 2868 3012 consignaret.
2903 2941 3213 3000 Secundum
3249 2946 3395 3002 hunc
3422 2961 3641 3002 sensum
3661 2956 3711 3002 et

2155 3029 2287 3084 illud
2328 3031 2474 3100 quod
2520 3031 2572 3086 in
2615 3032 2910 3102 Evangelio
2935 3034 3212 3103 scribitur,
3245 3054 3266 3089 ι
3318 3036 3435 3103 Qua
3468 3052 3712 3093 mensura

2155 3123 2329 3178 mensi
2356 3123 2591 3190 fueritis,
2625 3125 2814 3181 eadem
2832 3129 3146 3184 remetietur
3187 3129 3346 3186 vobis
3375 3129 3450 3196 “,
3489 3149 3512 3184 ι
3544 3132 3610 3186 de
3639 3131 3709 3186 si-

2155 3211 2342 3270 nistris
2385 3215 2642 3285 operibus
2692 3217 3067 3288 accipiendum
3122 3229 3272 3288 puto.
3336 3218 3524 3291 Neque
3573 3223 3709 3278 enim

2152 3303 2343 3374 gratia:
2369 3320 2482 3362 sua:
2528 3321 2837 3362 mensuram
2876 3308 3065 3363 statuit
3098 3309 3261 3376 Deus,
3295 3326 3419 3366 cum
3456 3315 3707 3382 scriptum

2153 3396 2222 3449 sit
2249 3415 2263 3451 :
2288 3413 2306 3448 ι
2327 3397 2440 3451 Νοιι
2458 3400 2602 3452 enim
2623 3398 2689 3452 ad
2713 3413 3018 3453 mensuram
3040 3399 3132 3454 dat
3153 3400 3296 3456 Deus
3321 3404 3570 3474 spiritum
3590 3406 3656 3460 ".
3687 3423 3706 3456 ι

2154 3486 2210 3540 Si
2245 3501 2374 3556 ergo
2405 3487 2516 3540 haec
2551 3494 2810 3556 putantur
2841 3497 2989 3542 recte
3017 3488 3288 3555 discussa,
3321 3503 3712 3564 consequenter

2151 3577 2335 3646 utique
2364 3592 2425 3631 ea
2455 3592 2572 3645 qua:
2607 3579 2884 3636 conterent
2907 3581 3234 3636 videbuntur
3259 3583 3630 3655 intelligenda,
3654 3593 3709 3639 ut

2149 3669 2392 3738 operanti
2421 3670 2634 3738 quidem
2663 3685 2826 3739 Opera
2852 3672 3152 3741 iniquitatis
3175 3689 3394 3731 merces
3415 3679 3709 3732 secundum

2151 3762 2354 3831 peccati
2390 3761 2629 3815 debitum
2664 3765 3025 3831 rependatur;
3059 3767 3305 3821 credenti
3335 3783 3460 3822 vero
3492 3768 3547 3824 in
3588 3784 3708 3824 eunt

2151 3851 2239 3919 qui
2267 3851 2528 3921 justilicat
2560 3853 2806 3922 impium,
2835 3853 2966 3909 lides
2997 3855 3065 3908 ad
3086 3855 3352 3924 justitiam
3389 3871 3707 3928 reputetur:

2150 3944 2194 3998 si
2252 3943 2470 4012 quidem
2517 3944 2656 3999 bene
2700 3945 3047 4001 meminimus
3075 3949 3382 4018 superiora,
3432 3951 3484 4005 in
3516 3953 3710 4020 quibus

2150 4036 2485 4090 ostendimus
2514 4049 2622 4090 non
2647 4035 2694 4090 ei
2724 4036 2815 4106 qui
2849 4050 2916 4092 ex
2943 4047 3118 4106 parte,
3150 4040 3246 4094 sed
3271 4044 3364 4110 qui
3385 4057 3450 4096 ex
3472 4043 3710 4113 integro,

2149 4135 2207 4181 et
2233 4128 2324 4196 qui
2354 4126 2595 4197 perfecte
2628 4128 2822 4195 credit,
2846 4129 3006 4184 ﬁdem
3033 4144 3192 4200 posse
3221 4133 3288 4187 ad
3323 4133 3589 4204 justitiam
3624 4148 3709 4188 re-

2149 4218 2326 4287 putari
2354 4233 2369 4271 :
2399 4235 2517 4289 qua:
2539 4221 2673 4278 ﬁdes
2713 4233 2860 4279 tanta
2897 4236 3001 4292 est,
3027 4237 3085 4281 ut
3107 4223 3371 4296 justiﬁcot
3396 4227 3556 4280 etiam
3588 4241 3711 4279 eum

2149 4309 2238 4375 qui
2269 4309 2463 4378 impius
2490 4309 2674 4380 fuerit,
2701 4324 2760 4368 ut
2786 4315 2926 4370 ultra
2950 4316 3062 4385 jam
3096 4331 3202 4371 non
3227 4315 3301 4370 sit
3329 4317 3544 4385 impius,
3572 4318 3712 4370 sicut

2150 4396 2239 4449 ille
2275 4397 2410 4452 latro
2447 4399 2539 4467 qui
2588 4403 2853 4470 pendebat
2889 4405 2944 4458 in
2986 4420 3154 4460 cruce
3183 4414 3240 4460 et
3281 4406 3712 4474 hlasphemahat,

2149 4486 2242 4540 sed
2273 4487 2342 4541 sit
2370 4487 2511 4543 sicut
2535 4490 2624 4546 ille
2646 4492 2736 4560 qui
2764 4494 3121 4550 conﬁtebatur
3143 4504 3198 4550 et
3231 4496 3490 4551 dicebat:
3533 4513 3555 4547 ι
3609 4498 3715 4549 Do-

488 4593 706 4666 quidem
739 4592 913 4662 gratia
951 4590 1021 4645 sit
1073 4589 1463 4658 jnstiﬁcantis,
1513 4588 1566 4640 in
1613 4601 1774 4658 opere
1802 4600 1934 4641 vero
1957 4585 2046 4656 ju-
2080 4601 2124 4656 ι)
2154 4579 2298 4635 mine
2323 4576 2470 4644 ἔθευ.
2514 4593 2785 4639 memento
2827 4586 2934 4640 mei
2971 4600 3092 4640 cum
3146 4589 3362 4642 veneris
3395 4588 3446 4642 in
3483 4602 3716 4659 regnum

489 4686 638 4740 stitia
669 4683 1020 4739 retribuentis
1042 4682 1179 4750 (35).
1215 4680 1320 4736 Sed
1349 4695 1447 4750 ego
1470 4694 1593 4734 cum
1627 4677 1909 4733 considero
1931 4694 2045 4734 ser-

489 4777 668 4832 monis
695 4777 1047 4832 eminentiam
1077 4813 1093 4837 ,
1143 4787 1247 4841 qua
1297 4771 1434 4825 dicit
1463 4769 1706 4840 operanti
1752 4770 2042 4824 secundum

489 4868 728 4924 debitum
771 4865 945 4932 reddi,
979 4865 1063 4919 vix
1102 4863 1232 4918 mihi
1258 4861 1461 4916 suadeo
1499 4859 1640 4930 quod
1673 4859 1846 4928 possit
1876 4859 2040 4912 ullum

487 4973 624 5026 opus
661 4971 820 5023 esse,
871 4954 1011 5024 quod
1064 4968 1128 5007 ex
1182 4952 1363 5006 debito
1401 4949 1891 5004 remunerationem
1945 4948 2040 5002 Dei

488 5049 762 5116 deposcat,
796 5063 916 5101 cum
949 5047 1112 5101 etiam
1146 5045 1247 5098 hoc
1279 5043 1450 5112 ipsum
1481 5043 1623 5110 quod
1649 5053 1812 5109 agere
1838 5038 2040 5107 aliquid

487 5152 792 5206 possumus,
820 5138 902 5192 vel
929 5138 1166 5206 cogitare
1187 5173 1202 5199 ,
1234 5132 1322 5188 vel
1367 5130 1613 5202 proloqui
1643 5169 1659 5195 ,
1697 5129 1868 5199 ipsius
1898 5129 2042 5184 dono

558 5316 604 5348 ⁵⁸
638 5317 795 5373 Rom.
827 5333 901 5379 iv,
924 5319 973 5372 5.
1053 5319 1098 5350 "
1123 5318 1141 5372 l
1171 5317 1296 5372 Cor.
1333 5331 1468 5377 χιιι,
1500 5314 1557 5379 9,
1594 5312 1682 5367 10.
1751 5313 1795 5344 ⁶⁰
1827 5311 1956 5368 an.
1986 5329 2094 5367 xvn
2117 5354 2132 5375 ,
2167 5311 2218 5364 εἰ.
2297 5310 2338 5342 ⁶¹
2367 5309 2384 5364 1
2414 5309 2542 5364 Cor.
2568 5325 2686 5375 χιιι,
2715 5309 2772 5365 2.

558 5426 563 5434 .
597 5387 652 5434 Δ-
684 5385 738 5434 5.
811 5388 856 5417 ⁶¹ι
883 5387 1068 5434 Matth.
1098 5404 1168 5434 νι-
1201 5388 1289 5434 1‘2-
1367 5387 1410 5417 ⁸⁸
1447 5385 1575 5434 Luc.
1611 5399 1705 5434 vn.
1736 5382 1826 5434 M.
1901 5384 1948 5413 “
1986 5383 2115 5434 Luc.
2149 5395 2264 5434 χιιι.
2291 5379 2383 5434 27:
2412 5378 2604 5434 Matth.
2640 5396 2732 5434 vn.
2761 5381 2834 5434 25

1473 5399 1575 5437 .uc.
1611 5399 1705 5445 vn,
1736 5382 1826 5436 41.
1901 5384 1948 5413 ⁶⁶
1986 5383 2115 5438 Luc.
2149 5395 2264 5446 χιιι,
2291 5379 2383 5446 27;
2412 5379 2604 5434 Matth.
2640 5396 2732 5445 vn,
2761 5381 2855 5434 25.
2953 5381 2996 5414 ⁸⁷
3038 5381 3118 5434 lto

1473 5455 1518 5485 "°
1546 5452 1700 5508 Jnan.
1765 5467 1848 5518 ιιι,
1899 5453 1987 5506 34.
2064 5455 2106 5484 τι
2146 5451 2277 5506 Luc.
2333 5466 2495 5515 χχιιι,
2526 5450 2616 5504 42.
2691 5451 2917 5506 "ltum.
2963 5465 3038 5517 tv,
3069 5451 3122 5504 5.

491 5399 563 5447 tv,
597 5387 653 5450 4,
684 5385 738 5441 5.

811 5388 856 5417 ⁶¹⁵
882 5387 1068 5441 Matth.
1098 5404 1170 5453 vt,
1201 5388 1289 5442 1'2.
1367 5387 1410 5417 ⁸⁸
1447 5385 1575 5453 Luc.
1611 5399 1705 5445 vn.
1736 5382 1826 5436 41.

490 5453 535 5486 ⁶⁹
571 5453 702 5511 Luc.
731 5471 807 5520 vt,
838 5455 1148 5522 38;Mattlt.
1181 5473 1276 5524 vn,
1319 5456 1376 5512 2.

558 5646 673 5716 (35)
721 5647 821 5702 Ms.
873 5662 1048 5711 unus,
1103 5665 1123 5698 ι
1179 5647 1534 5702 evacuabitur
1575 5647 1719 5716 quod
1763 5660 1829 5703 ex
1883 5655 2040 5717 parte

485 5727 668 5856 estsi)
710 5783 855 5840 Non.
889 5784 945 5839 In
980 5785 1140 5839 editis
1166 5755 1620 5854 praetermittitur.

579 5788 668 5856 54)
710 5788 855 5840 Νοη.
889 5788 945 5839 In
980 5788 1140 5839 editis
1166 5796 1333 5854 prtete

557 5788 670 5927 255)
703 5856 875 5922 Alias,
916 5873 933 5907 ι
972 5856 1278 5912 tribuentis.
1312 5873 1333 5910 ι

2153 4683 2300 4726 tuum
2343 4673 2413 4725 ".
2462 4673 2588 4730 Post
2632 4677 2744 4732 hac
2789 4677 2934 4732 velut
2967 4679 3033 4732 ad
3075 4681 3544 4735 conﬁrmationem
3596 4681 3716 4750 (37)

2145 4764 2414 4820 sermonis
2448 4767 2533 4820 sui
2569 4783 2728 4835 quem
2775 4770 2988 4825 dixerat
3023 4787 3088 4823 ει
3130 4770 3192 4826 Ei
3239 4781 3421 4838 autem
3464 4774 3558 4842 qui
3607 4789 3716 4828 non

2148 4863 2421 4922 operatur,
2439 4858 2612 4911 credit
2636 4868 2814 4913 autem
2837 4861 2887 4913 in
2905 4875 3026 4914 eum
3055 4863 3148 4929 qui
3175 4861 3436 4932 iustificat
3455 4863 3716 4933 impium,

2151 4955 2430 5014 reputatur
2474 4947 2608 5002 fides
2641 4950 2708 5003 ad
2738 4949 3004 5018 justitiam
3031 4952 3098 5016 τ’,
3145 4971 3166 5006 ι
3197 4955 3428 5009 assumit
3457 4957 3718 5010 testimo-

2147 5037 2295 5090 nium
2329 5038 2396 5093 de
2431 5038 2689 5104 Psalmis,
2722 5052 2780 5096 et
2814 5043 2945 5098 dicit
2978 5059 2995 5099 :
3030 5061 3050 5094 ι
3089 5042 3246 5100 Sicut
3275 5055 3330 5100 et
3373 5047 3538 5101 David
3585 5048 3719 5100 dicit

2148 5131 2534 5188 beatitudinem
2578 5134 2829 5200 hominis,
2864 5139 2951 5188 cui
2983 5133 3124 5190 Deus
3153 5146 3379 5208 accepto
3407 5135 3511 5193 fert
3537 5136 3718 5206 justi-

2868 5310 2913 5342 “
2944 5309 3113 5365 Exod.
3154 5325 3268 5376 xtv,
3299 5313 3389 5367 51.
3460 5313 3506 5344 ⁸³
3548 5310 3718 5366 Rom.

2953 5381 2996 5414 "
3038 5381 3194 5436 Rom.
3220 5397 3295 5448 vt,
3325 5383 3408 5437 2'5.
3483 5381 3534 5413 ⁸⁸
3582 5384 3722 5435 ibid.

2217 5643 2332 5720 (36)
2375 5642 2468 5698 Sic
2492 5657 2682 5698 omnes
2712 5656 2840 5720 mss.
2877 5640 3050 5695 nostri
3080 5656 3096 5704 ;
3141 5639 3271 5696 editi
3303 5650 3444 5702 vero,
3488 5652 3514 5688 ι
3555 5636 3729 5707 cujus

2149 5718 2324 5784 gratia
2359 5727 2459 5784 nos
2481 5718 2774 5781 praecessit.
2810 5730 2827 5784 ι

2219 5784 2330 5853 (37)
2370 5783 2537 5849 Alius,
2573 5801 2591 5832 ι
2632 5783 3004 5838 lirniationem.
3048 5797 3071 5833 ι
