3754 6536
37 467 158 523 965

1005 475 1360 534 COMMENT.
1391 479 1457 534 ΙΝ
1499 477 1714 536 EPlST.
1751 482 1842 536 AD
1877 482 2044 540 ROM.
2084 483 2211 540 LIB.
2249 483 2339 540 IV.

3177 489 3282 548 966

37 584 186 639 tiam
212 583 334 640 sine
361 588 618 657 operibus
646 591 694 623 ⁷³
727 605 742 645 :
773 592 924 648 Beati
957 609 1186 664 quorum
1221 599 1466 654 remissae
1496 608 1626 654 sunt
1650 606 1698 662 Α
1725 602 1999 672 nequitiae,
2028 601 2102 656 ibi
2119 601 2232 671 jam
2257 613 2466 657 summa
2492 600 2743 670 perfectae
2768 601 3119 658 beatitudinis
3147 619 3280 675 pro-

36 678 390 748 iniquitates,
440 690 495 736 et
523 698 752 751 quorum
800 695 935 738 tecta
966 697 1091 740 sunt
1133 701 1354 756 peccata
1383 706 1397 744 :
1429 691 1619 746 beatus

35 771 131 823 vir
158 775 370 826 cuinon
400 772 688 843 imputavit
709 776 967 832 Dominus
996 789 1274 846 peccatum
1294 781 1362 834 ".
1398 799 1418 833 ›
1454 779 1619 836 Vides

36 877 142 930 per
167 863 273 916 hos
293 879 572 919 sermones
591 878 987 938 consequenter
1002 871 1284 939 approbari
1305 886 1463 940 posse
1479 871 1624 941 quod

33 963 335 1019 reptttctur
365 954 569 1008 homini
613 956 817 1024 iustitia
856 958 971 1012 sine
997 960 1270 1029 operibus.
1299 961 1454 1018 Unde
1489 961 1625 1016 mihi

31 1045 263 1100 videtur
285 1048 392 1104 hoc
419 1048 749 1105 intellexisse
780 1050 1090 1121 Apostolus,
1123 1055 1250 1122 quia
1279 1055 1614 1124 impossibile

29 1136 102 1190 sit
141 1140 201 1190 in
233 1139 472 1205 homine,
519 1141 604 1194 cui
642 1139 886 1211 jamper
927 1153 1138 1198 aetatem
1173 1147 1517 1201 discernendi
1547 1148 1613 1202 de

31 1228 181 1280 bono
218 1240 278 1282 et
326 1230 469 1284 malo
515 1231 669 1285 adest
708 1231 1034 1296 intellectus,
1080 1251 1256 1304 neque
1292 1236 1609 1305 injustitiaut

31 1319 246 1384 inesse,
276 1335 450 1388 neque
471 1321 758 1390 justitiam.
794 1323 944 1390 Quod
968 1325 1014 1378 si
1059 1325 1130 1380 ita
1164 1337 1268 1393 est,
1303 1329 1418 1384 sine
1439 1332 1610 1386 altero

27 1423 59 1463 ε
87 1409 316 1466 duobus
340 1412 571 1467 inveniri
607 1415 784 1468 anima
813 1431 918 1470 non
954 1427 1165 1485 potest;
1205 1431 1253 1474 et
1293 1430 1497 1476 certum
1526 1431 1611 1478 est

27 1499 73 1554 si
91 1500 337 1556 desierit
361 1502 470 1572 (58)
507 1518 537 1557 a
582 1504 761 1570 malis,
797 1508 943 1574 quod
969 1509 1078 1577 jam
1102 1510 1408 1567 inveniatur
1437 1514 1490 1568 in
1514 1515 1606 1570 bo-

25 1588 131 1645 nis.
170 1591 238 1646 In
271 1592 429 1647 malis
458 1602 639 1649 autem
673 1610 781 1650 non
812 1606 894 1651 est
925 1598 1016 1652 illa
1048 1601 1252 1666 anima,
1277 1603 1430 1674 cujus
1469 1620 1491 1657 ι
1525 1620 1610 1661 re-

25 1683 214 1737 missa:
248 1695 376 1738 sunt
399 1686 730 1755 iniquitates,
763 1707 783 1741 ι
821 1698 876 1743 ει
905 1689 1062 1760 cujus
1094 1709 1113 1743 ι
1164 1703 1304 1748 teeta
1331 1705 1457 1750 sunt
1483 1711 1609 1766 pec-

31 1786 214 1844 cata,»
253 1785 305 1833 et
331 1795 350 1829 ι
387 1780 475 1832 cui
510 1794 615 1834 non
652 1781 937 1851 imputavit
973 1785 1082 1856 (39)
1119 1786 1378 1843 Dominus
1417 1805 1608 1858 pecca-

27 1877 138 1921 tum
177 1869 238 1901 “¹⁸
271 1892 282 1925 :
311 1889 333 1922 ι
366 1875 696 1927 conveniens
735 1890 864 1944 ergo
890 1888 974 1930 est
1007 1879 1148 1932 utsit
1178 1879 1229 1933 in
1255 1880 1426 1935 bonis.
1448 1881 1607 1936 Com-

1723 696 1990 761 mittatur,
2055 710 2180 750 cum
2239 693 2446 748 nullum
2492 694 2663 763 possit
2713 695 2971 749 Dominus
3016 696 3283 767 imputare

1721 797 2024 855 peccatum.
2056 786 2322 857 lniquitas
2349 800 2483 841 sane
2513 801 2544 840 a
2569 795 2789 856 peccato
2815 789 2955 841 hanc
2984 787 3148 841 habet
3176 787 3281 842 dii-

1722 876 2030 942 ferentiam,
2055 879 2202 948 quod
2232 878 2490 947 iniquitas
2511 878 2567 932 in
2593 877 2674 932 his
2697 879 2914 938 dicitur.
2945 893 3067 947 qua:
3090 889 3279 934 contra

1719 967 1889 1038 legem
1913 972 2330 1025 committuntur
2352 993 2365 1026 ;
2391 971 2530 1024 unde
2549 979 2604 1025 et
2618 970 2837 1026 Graecus
2859 985 3038 1025 sermo
3051 970 3281 1040 ἀνομίαν

1718 1062 1953 1129 appellat
2005 1063 2374 1132 iniquitatem,
2411 1064 2513 1117 hoc
2549 1073 2652 1125 est,
2680 1065 2820 1132 quod
2855 1064 2968 1118 sine
3009 1065 3124 1132 lege
3162 1064 3279 1134 (43)

1717 1155 2106 1222 committitur;
2135 1155 2296 1227 52‘.
2337 1165 2616 1225 peccatum
2647 1170 2775 1209 vero
2807 1155 2970 1209 etiam
3006 1156 3136 1209 illud
3175 1157 3282 1210 dici

1718 1250 1914 1311 potest,
1948 1243 1993 1296 si
2017 1251 2205 1298 contra
2236 1259 2403 1313 quam
2433 1253 2628 1299 natura
2650 1245 2826 1309 docet,
2856 1255 2912 1300 et
2943 1244 3276 1300 conscientia

1715 1332 1912 1400 arguit,
1947 1331 2312 1402 delinquatur.

1780 1423 1838 1478 2.
1893 1439 1912 1475 ι
1966 1423 2250 1479 Beatitudo
2287 1440 2417 1495 ergo
2461 1425 2573 1480 hazc
2611 1427 2665 1481 in
2695 1426 3108 1482 circumcisione
3137 1425 3278 1495 (44),

1715 1525 1783 1565 an
1814 1513 1977 1567 etiam
2013 1513 2064 1567 in
2104 1514 2670 1582 prteputioiDicimus
2701 1516 2844 1570 enim
2878 1517 3278 1586 quini-epulata

1711 1612 1798 1658 est
1818 1603 2051 1658 Abrahae
2082 1605 2216 1660 ﬁdes
2244 1608 2310 1658 ad
2331 1605 2620 1675 justitiam.
2640 1608 2921 1673 Quomodo
2943 1621 3073 1678 ergo
3107 1621 3276 1677 repu-

1715 1704 1828 1750 tata
1871 1695 2144 1751 est?Cum
2183 1696 2238 1750 iu
2271 1697 2686 1753 circumcisione
2718 1709 2897 1764 esset,
2949 1715 3018 1752 an
3055 1713 3178 1754 cum
3219 1699 3276 1754 in

1713 1787 1972 1856 praeputio
1996 1786 2274 1858 (45)?Non
2303 1789 2356 1842 in
2387 1790 2824 1855 circumcisione,
2850 1791 2946 1846 sed
2979 1791 3036 1846 in
3065 1805 3279 1861 praepu-

1714 1879 1808 1932 tio.
1838 1879 1902 1933 Et
1927 1879 2138 1950 signum
2163 1881 2374 1948 accepit
2404 1881 2902 1947 circumcisionem,
2937 1883 3274 1952 signaculum

24 1969 279 2027 petenter
348 1964 512 2034 igitur
569 1971 638 2021 ad
705 1970 1080 2024 remissionem
1138 1971 1482 2042 iniquilatum
1551 1983 1606 2029 et
1638 1967 1680 2021 Β
1703 1968 1932 2040 iustitia
1959 1972 2105 2037 ﬁdei,
2133 1987 2256 2041 quae
2284 1981 2372 2028 est
2400 1973 2452 2027 in
2479 1974 2787 2044 praeputio:
2817 1983 2874 2029 ut
2895 1975 2969 2030 sit
2989 1985 3142 2045 pater
3165 1990 3278 2028 om-

23 2055 397 2110 obtectiouem
448 2071 817 2129 peccatorum,
865 2073 921 2118 et
960 2065 1024 2118 ad
1066 2063 1117 2117 id
1157 2067 1300 2134 quod
1339 2080 1448 2120 non
1490 2065 1603 2137 (40)

26 2147 255 2216 imputat
303 2152 569 2208 Dominus
613 2165 915 2223 peccatum,
965 2157 1093 2211 dicit
1137 2157 1428 2228 Apostolus
1462 2160 1606 2228 quod

26 2239 230 2295 homini
257 2241 486 2310 iustitiae
519 2254 800 2314 reputetur
822 2247 891 2313 ⁷⁸,
916 2247 1042 2302 licet
1065 2251 1303 2303 nondum
1327 2264 1490 2319 opera
1517 2249 1606 2319 ju-

23 2333 178 2386 stitize
213 2336 424 2405 egerit,
475 2338 569 2393 sed
599 2355 698 2407 pro
733 2356 799 2396 eo
835 2351 1044 2396 tantum
1083 2343 1227 2412 quod
1260 2344 1497 2399 credidit
1545 2343 1600 2398 in

23 2438 136 2477 eum
171 2429 267 2494 qui
311 2425 578 2494 justiﬁcat
611 2430 858 2498 impium.
900 2432 1116 2486 Initiqu
1142 2447 1377 2504 namque
1401 2434 1602 2503 justiﬁ-

31 2515 137 2569 cari
170 2532 199 2568 a
231 2517 372 2585 Deo,
406 2521 538 2575 ﬁdes
560 2531 640 2576 est
663 2538 784 2590 qua:
814 2524 988 2578 credit
1018 2522 1504 2592 injustiﬁcantem.
1536 2529 1607 2585 Et-

23 2605 129 2660 bzec
155 2606 303 2662 ﬁdes
337 2624 457 2663 cum
480 2610 776 2680 justiﬁcata
802 2612 988 2677 fuerit,
1025 2624 1279 2684 tanquam
1314 2618 1464 2672 radix
1495 2619 1599 2673 im-

22 2695 109 2750 bre
131 2711 401 2766 suscepto
436 2701 604 2755 haeret
626 2703 675 2755 in
705 2703 902 2756 animae
931 2704 1066 2768 solo,
1089 2713 1146 2756 ut
1175 2719 1297 2758 cum
1315 2719 1412 2773 per
1429 2706 1598 2777 legem

25 2784 108 2839 Dei
139 2789 330 2843 excoli
365 2792 618 2856 coeperit,
651 2804 875 2864 surgant
907 2795 961 2848 in
995 2810 1056 2848 ea
1087 2795 1224 2848 rami
1267 2796 1358 2864 qui
1393 2795 1600 2852 fructus

23 2890 240 2943 cperam
293 2879 495 2933 ferant.
540 2879 658 2960 Eon
691 2897 820 2950 ergo
861 2899 927 2937 ex
976 2885 1230 2952 operibus
1265 2885 1416 2940 radix
1444 2884 1599 2953 justi-

23 2971 116 3033 tiaa.
146 2973 245 3025 sed
279 2987 354 3027 ex
393 2975 579 3028 radice
610 2973 834 3044 justitize
861 2977 1074 3032 fructus
1107 2993 1332 3046 operum
1368 2979 1592 3045 crescit,

25 3063 103 3115 illa
132 3067 358 3121 scilicet
395 3067 578 3122 radice
615 3068 876 3136 justitiaa,
919 3084 1024 3138 qua
1061 3071 1200 3125 Deus
1239 3081 1463 3141 accepto
1491 3069 1598 3126 fert

20 3155 279 3224 justitiam
319 3158 439 3212 sine
476 3161 732 3228 operibus
757 3162 824 3214 ".
872 3161 1021 3216 Unde
1059 3171 1349 3232 propterea
1389 3173 1516 3233 puto
1541 3171 1598 3218 et

24 3250 179 3304 David
227 3252 516 3306 tricesimo
558 3252 734 3321 primo
777 3253 889 3323 (Μ)
931 3254 1158 3321 psalmo,
1206 3270 1367 3324 quem
1399 3269 1593 3324 super-

23 3342 254 3411 scripsit,
278 3363 299 3396 ‹
332 3343 640 3402 intellectus
673 3345 901 3414 David,»
929 3346 1146 3401 dedisse
1180 3345 1320 3400 istud
1353 3347 1592 3412 initium,

23 3435 318 3491 admonens
345 3452 441 3505 per
463 3438 634 3506 ipsam
674 3439 1194 3508 superscriptionem
1220 3438 1470 3493 altiorem
1495 3438 1592 3493 de-

23 3526 137 3580 bere
168 3528 385 3596 requiri
431 3529 767 3584 intellectum
816 3530 868 3585 in
908 3531 994 3586 his
1031 3545 1150 3600 qua:
1173 3531 1418 3586 dicturus
1450 3538 1588 3597 erat,

21 3619 129 3686 quia
169 3637 189 3670 ι
228 3619 384 3674 beati
412 3635 643 3689 quorum
683 3623 1037 3677 remittuntur
1070 3623 1386 3692 iniquitates
1422 3641 1436 3677 :
1472 3642 1491 3675 ι
1521 3624 1590 3678 de

20 3711 222 3780 quibus,
261 3723 432 3782 prout
458 3715 770 3782 potuimus,
811 3715 1078 3779 diximus,
1105 3729 1227 3768 cum
1262 3713 1330 3768 de
1362 3714 1590 3771 Psalmis

21 3819 101 3872 per
122 3806 386 3860 ordinem
417 3807 768 3861 dictaremus.
800 3807 908 3862 Sed
932 3815 1216 3875 promovet
1246 3822 1346 3862 nos
1379 3807 1589 3862 ordinis

22 3896 170 3964 ipsius
192 3895 532 3962 diﬁ‘erentia,
573 3897 715 3966 quod
742 3897 916 3966 primo
939 3897 1094 3960 dixit,
1132 3913 1150 3947 ‹
1181 3893 1330 3950 Beati
1356 3911 1584 3965 quorum

23 3993 245 4043 remissae
283 3987 772 4057 suntiniquitates;
812 4004 832 4036 ι
873 3987 1133 4049 secundo,
1173 4003 1188 4036 ι
1229 3987 1469 4050 Quorum
1509 3995 1588 4038 tc-

20 4088 88 4131 cta
111 4088 236 4133 sunt
271 4087 500 4149 peccata
531 4096 543 4131 :
583 4095 602 4128 »
633 4079 810 4137 tertio,
850 4093 868 4126 ‹
899 4075 997 4131 Cui
1028 4089 1133 4128 nou
1165 4076 1449 4145 imputavit
1473 4077 1584 4148 (49.)

23 4167 266 4225 Dominus
300 4178 588 4238 peccatum
620 4168 686 4221 ⁷⁸.
722 4187 740 4218 ι
769 4167 833 4220 Et
865 4169 985 4220 vide
1017 4167 1058 4220 si
1087 4165 1228 4220 forte
1259 4177 1441 4234 potest
1481 4169 1586 4223 iste

21 4261 134 4314 ordo
158 4261 211 4314 in
240 4259 433 4314 anima
464 4274 571 4313 una
603 4251 907 4327 eademque
928 4258 1152 4327 intelligi
1185 4276 1197 4312 :
1233 4267 1289 4311 ιιι
1319 4259 1444 4327 quia
1477 4259 1584 4312 iui-

1708 2061 1857 2116 nium
1889 2063 2224 2120 credentium
2270 2079 2367 2133 per
2413 2067 2758 2135 praeputium,
2804 2075 2864 2121 ut
2908 2075 3191 2136 reputetur
3217 2074 3313 2129 et.

1709 2152 1815 2208 illis
1843 2153 1908 2208 ad
1949 2153 2242 2223 justitiam,
2278 2164 2333 2209 et
2372 2155 2444 2210 sit
2478 2165 2636 2226 pater
2665 2156 3132 2223 circumcisionis,
3160 2173 3269 2213 non

1705 2246 1792 2301 bis
1826 2255 2032 2300 tantum
2080 2248 2172 2316 qui
2210 2257 2336 2302 sunt
2379 2247 2435 2303 in
2467 2249 2906 2318 circumcisione,
2952 2251 3048 2306 sed
3079 2259 3134 2306 et
3165 2251 3275 2307 illis

1705 2339 1795 2409 qui
1823 2349 2098 2395 sectantur
2126 2340 2351 2412 vestigia
2375 2338 2496 2408 ejus
2523 2354 2648 2409 qua:
2667 2349 2752 2396 est
2774 2342 2829 2396 in
2856 2343 3120 2413 praeputio
3146 2342 3271 2398 ﬁdei

1703 2432 1874 2502 patris
1911 2433 2084 2486 nostri
2121 2432 2352 2486 Abrahae
2375 2433 2446 2486 ".
2480 2449 2501 2484 ›
2538 2413 2670 2486 Cum
2718 2432 2944 2488 dixisset
2985 2435 3272 2503 superius,

1702 2522 1828 2591 quia
1855 2539 1874 2573 ι
1909 2522 2140 2576 credidit
2173 2522 2450 2576 Abraham
2501 2521 2628 2584 Deo,
2663 2532 2719 2576 et
2755 2532 3057 2593 reputatutn
3106 2533 3191 2578 est
3221 2523 3273 2578 ei

1703 2613 1769 2665 ad
1793 2611 2057 2680 justitiam
2085 2612 2152 2677 ⁸⁸,
2187 2631 2206 2664 ι
2233 2622 2288 2666 ει
2312 2613 2682 2680 hujuscemodi
2720 2613 2854 2670 ﬁdes
2879 2615 3008 2684 quid
3047 2614 3274 2670 haberet

1701 2700 2052 2756 beatitudinis
2103 2703 2430 2758 ostendisset
2475 2717 2544 2758 ex
2594 2703 2682 2758 his
2727 2719 2851 2773 qua
2891 2704 2944 2760 in
2998 2705 3272 2760 tricesimo

1700 2794 1873 2864 primo
1918 2793 2032 2865 (ιθ)
2071 2796 2270 2865 scripta
2303 2805 2430 2852 sunt
2477 2796 2710 2866 psalmo,
2748 2798 2881 2866 quia
2913 2797 2986 2852 ita
3021 2798 3266 2853 credenti

1699 2902 1805 2941 non
1833 2896 2108 2956 reputaret
2135 2886 2393 2942 Dominus
2420 2896 2704 2958 peccatum
2729 2888 2800 2955 εί,
2841 2889 3097 2959 proponit
3123 2903 3270 2945 nunc

1698 2975 2199 3045 interrogationem,
2223 2991 2292 3029 ex
2337 2976 2488 3045 cujus
2511 2977 2864 3046 responsione
2890 2977 3086 3032 doceat
3120 2977 3267 3049 (47),

1696 3077 1750 3122 et
1773 3083 1836 3123 ex
1879 3068 1996 3138 ipsa
2019 3077 2326 3138 temporum
2367 3070 2594 3136 ratione,
2630 3072 2771 3140 quod
2812 3071 3085 3142 beatitudp
3109 3071 3269 3142 justi-

1697 3157 1966 3216 ﬁcationis
2002 3160 2235 3215 Abraba:
2266 3174 2375 3215 non
2413 3161 2467 3215 in
2489 3161 2924 3227 circumcisione,
2955 3164 3051 3218 sed
3085 3164 3266 3220 adhuc

1697 3251 1753 3306 in
1785 3251 2047 3321 praeputio
2081 3252 2258 3319 posito
2285 3253 2409 3307 data
2437 3263 2546 3309 est.
2581 3247 2737 3321 Quod
2766 3255 2811 3308 si
2844 3254 3118 3309 Abraham
3143 3271 3264 3311 cunt

1696 3351 1841 3398 esset
1870 3342 2048 3397 adhuc
2077 3341 2130 3396 in
2160 3344 2425 3414 praeputio
2449 3358 2519 3398 ex
2550 3344 2655 3399 ﬁde
2675 3345 3006 3415 justiﬁcatus
3036 3357 3140 3412 est,
3165 3363 3264 3418 po-

1698 3442 1804 3489 test
1838 3445 1892 3488 et
1922 3436 2098 3489 omnis
2135 3436 2230 3504 qui
2268 3436 2448 3492 credit
2491 3435 2603 3491 Deo
2639 3436 2924 3504 justiﬁcari
2961 3453 3060 3510 per
3086 3440 3264 3505 ﬁdem,

1693 3527 1904 3580 etiamsi
1932 3526 2004 3581 sit
2033 3525 2086 3580 in
2115 3532 2402 3597 praeputio,
2426 3537 2484 3582 et
2505 3527 2782 3597 pertinere
2802 3528 2965 3582 etiam
2997 3529 3063 3583 ad
3090 3530 3264 3599 ipsum

1693 3619 1808 3674 haec
1835 3617 2115 3674 beatitudo
2145 3620 2212 3672 de
2235 3632 2342 3686 qua
2364 3617 2564 3673 dicitur
2593 3618 2705 3688 (48)
2733 3635 2748 3673 :
2784 3637 2802 3671 ι
2830 3618 3026 3675 Beatus
3053 3623 3265 3678 cuinon

1692 3709 1980 3780 imputavit
2033 3708 2291 3762 Dominus
2343 3717 2627 3778 peccatum
2671 3709 2737 3762 ³⁸.
2779 3726 2801 3762 ι
2845 3711 3097 3766 Ostendit
3133 3727 3266 3782 ergo

1689 3798 1814 3864 quia
1857 3811 1967 3849 non
2001 3795 2225 3849 cuilibet
2259 3795 2523 3850 Dominus
2562 3811 2668 3850 non
2701 3797 2932 3865 imputet
2955 3809 3264 3870 peccatum,

1689 3889 1784 3942 sed
1832 3888 1881 3941 ei
1919 3887 2008 3956 qui
2053 3887 2346 3942 crediderit
2384 3898 2608 3957 propter
2635 3888 2796 3944 ﬁdem
2843 3906 2994 3959 suam
3038 3903 3261 3959 peccata

1688 3993 1796 4030 non
1841 3987 2071 4044 reputet.
2115 3976 2270 4032 Sicut
2299 3979 2442 4033 enim
2469 3980 2703 4036 Abrahae
2731 3992 2990 4051 ,reputata
3016 3993 3100 4038 est
3129 3984 3264 4041 ﬁdes

1687 4069 1754 4121 ad
1774 4069 2063 4138 justitiam,
2089 4070 2163 4123 ita
2191 4080 2246 4124 et
2274 4071 2421 4125 omni
2450 4073 2696 4127 credenti
2726 4074 2814 4128 cui
2847 4074 2982 4129 ﬁdes
3002 4077 3070 4130 ad
3096 4075 3262 4144 justi.

1689 4160 1819 4214 tiam
1874 4169 2170 4230 reputatur,
2231 4170 2454 4230 peccata
2513 4162 2701 4233 utique
2744 4179 2852 4219 non
2898 4164 3258 4235 imputantur.

1684 4251 1870 4322 Neque
1892 4252 2034 4307 enim
2054 4253 2121 4306 de
2142 4250 2306 4322 justis
2329 4252 2462 4308 dicit
2483 4255 2612 4324 quia
2640 4263 2920 4325 reputatur
2938 4259 3019 4313 eis
3041 4258 3174 4322 ﬁdes
3190 4261 3258 4314 ad

22 4348 133 4403 tium
177 4361 268 4406 est
323 4350 694 4404 conversionis
736 4349 932 4404 anima:
985 4348 1125 4402 mala
1182 4348 1580 4416 derelinquere,
1680 4345 1968 4415 justitiam.
2004 4345 2158 4412 Quod
2203 4347 2244 4402 si
2291 4347 2364 4401 ita
2418 4356 2635 4416 putetur
2671 4347 2807 4418 (49),
2841 4364 2960 4420 quae
2986 4350 3262 4405 videbitur

21 4455 102 4507 pro
145 4442 252 4497 hoc
300 4442 650 4511 iniquitatum
699 4441 1085 4498 remissionem,
1117 4447 1390 4494 mereatur
1441 4441 1584 4495 acci-

22 4547 126 4599 pere
152 4549 166 4586 :
195 4540 329 4589 cum
359 4545 539 4587 autem
563 4535 792 4604 cceperit
811 4533 953 4588 bona
979 4533 1178 4598 facere,
1206 4533 1349 4587 velut
1369 4534 1581 4605 singula

1685 4440 1856 4508 gratia
1898 4439 2050 4508 justo
2126 4438 2636 4508 reputariHustitia
2687 4441 2752 4493 ad
2804 4439 3256 4508 justitiam?Sed

1684 4531 1871 4601 utique
1901 4531 1975 4584 illi
2005 4530 2136 4585 dicit
2171 4531 2331 4585 ﬁdem
2374 4539 2834 4598 reputatamesse
2871 4532 2936 4584 ad
2959 4532 3253 4600 justitiam,

21 4641 227 4696 quaeque
269 4641 398 4696 quae
443 4636 833 4695 praecesserant
877 4625 1016 4680 mala
1067 4626 1224 4681 bonis
1264 4629 1569 4683 recentibus

1727 4620 1775 4674 ui
1815 4630 2104 4690 antequam
2154 4620 2381 4675 haberet
2419 4620 2560 4674 hanc
2605 4621 2792 4688 ﬁdem,
2825 4620 3096 4690 justitiam
3146 4638 3252 4678 non

21 4725 285 4792 obtegens,
312 4731 371 4775 et
409 4720 860 4774 abundantiorem
897 4735 1179 4775 numerum
1212 4719 1579 4775 bonorumin-

24 4815 297 4868 troducens
328 4827 487 4882 quam
513 4812 662 4879 prius
693 4812 869 4865 fuerat
897 4812 1162 4866 malorum
1183 4852 1199 4877 ,
1242 4821 1422 4881 tegere
1447 4826 1576 4881 pec—

22 4914 122 4958 cata
150 4906 369 4960 dicatur
408 4922 424 4960 :
454 4906 546 4959 ubi
589 4919 716 4958 vero
750 4902 862 4970 jam
907 4901 977 4956 ad
1007 4901 1304 4972 perfectum
1347 4901 1574 4965 venerit,

23 4993 81 5045 ita
97 5005 152 5050 ut
181 4995 370 5050 omnis
397 4995 463 5049 de
493 5009 554 5049 ea
585 4994 804 5048 malitiae
828 4991 1224 5063 radixpenitus
1240 4997 1572 5060 amputetur,

22 5101 74 5140 eo
98 5105 262 5158 usque
303 5099 366 5140 ut
395 5088 606 5142 nulluut
648 5089 700 5140 in
732 5103 793 5141 ea
823 5085 1106 5156 vestigium
1138 5082 1312 5152 possit
1341 5082 1575 5136 inveniri

75 5185 116 5215 ⁷³
166 5183 334 5238 Rom.
361 5194 434 5243 tv,
459 5178 514 5235 6.
589 5184 635 5214 ⁷⁸
667 5182 809 5238 Psal.
847 5197 1000 5247 xxxt,
1047 5183 1104 5245 ‘I,
1136 5181 1191 5234 2-.

21 5250 56 5286 τ’
88 5253 224 5308 Psal.
276 5270 434 5318 xxxi,
467 5255 521 5321 1,
549 5253 605 5306 2.
707 5253 752 5284 ⁷⁸
791 5252 948 5308 Rom.
1000 5267 1075 5318 tv,
1107 5253 1140 5307 9
1166 5266 1282 5321 seq.

22 5322 59 5355 ⁸³
101 5327 225 5381 ibid.
259 5325 320 5390 6,
355 5325 407 5378 7.

77 5417 182 5486 (38)
210 5419 387 5483 Alias,
424 5435 444 5468 ς
476 5426 533 5470 ει
568 5431 692 5470 cum
717 5429 838 5470 esse
869 5415 1110 5471 desierit.
1160 5433 1180 5466 ι

76 5486 178 5553 (59)
209 5489 386 5551 Alias,
420 5505 440 5538 ‹
473 5486 774 5553 imputabit.
816 5504 835 5537 ι

217 5559 396 5632 Alias,
433 5576 451 5609 ι
476 5567 544 5632 _et
573 5557 774 5632 aliquid
796 5553 940 5624 quod
966 5570 1093 5632 non.
1131 5574 1149 5606 ι

79 5627 180 5696 (tl)
223 5627 436 5681 Primo.
476 5627 635 5681 Deest
668 5627 722 5678 in
755 5637 911 5680 antea
939 5627 1122 5680 editis.

77 5697 178 5766 με)
205 5699 378 5764 Alias,
413 5715 432 5748 ε
471 5696 773 5765 imputabit.
805 5714 826 5747 ι

79 5707 159 5766 (42
205 5707 378 5764 Alias,
413 5715 432 5748 ε
471 5707 773 5765 ttnputabtt.
805 5714 826 5747 ι

79 5707 178 5838 (43;
218 5767 315 5823 Sic
373 5783 474 5822 ms.
532 5781 690 5822 unus.
737 5765 927 5838 caeteri
975 5779 1103 5838 vero
1143 5779 1270 5838 mss.
1318 5774 1376 5838 et
1413 5763 1565 5824 editi,

30 5851 48 5892 t
75 5835 200 5904 quod
231 5838 614 5912 committitur,
642 5856 657 5912 ξ
687 5837 902 5890 omissis
929 5835 1152 5912 vocibus
1177 5853 1193 5883 ε
1224 5835 1339 5912 sine
1368 5837 1499 5903 lege.
1543 5852 1559 5883 ι

84 5910 182 5980 tu)
224 5908 319 5964 Sic
354 5925 483 5965 mss.
512 5907 654 5962 Editi
677 5921 824 5974 vero,
866 5926 881 5958 ι
923 5911 972 5961 in
1006 5905 1416 5960 circumcisione
1447 5915 1563 5958 tan-

1267 5178 1312 5211 ⁷⁵
1347 5177 1503 5231 Rom.
1528 5193 1602 5241 tv,
1635 5177 1688 5240 7,
1718 5175 1772 5240 8;
1808 5175 1951 5229 Psal.
1984 5189 2130 5236 xxxt,
2157 5172 2282 5240 1,2.

1395 5249 1441 5279 ⁸ο
1488 5247 1620 5304 ibid.
1661 5248 1713 5303 5.
1821 5245 1866 5276 ⁸⁸

1681 4710 1950 4775 habebat;
1991 4720 2046 4766 et
2083 4711 2184 4766 iste
2224 4722 2307 4766 est
2346 4714 2533 4782 utique
2575 4712 2802 4778 beatus,
2843 4714 2929 4767 cui
2977 4714 3118 4767 Deus
3154 4728 3250 4768 ac-

1683 4816 1844 4875 cepto
1879 4805 1987 4860 fert
2021 4805 2287 4876 justitiam
2319 4805 2440 4859 sine
2478 4805 2766 4874 operibus,
2809 4815 2862 4859 et
2892 4805 2977 4859 cui
3008 4819 3114 4858 nou
3144 4805 3250 4857 im-

1682 4907 1904 4967 putatur
1933 4908 2238 4967 peccatum,
2274 4895 2359 4950 cui
2401 4897 2566 4950 etiam
2609 4896 2852 4950 remissae.
2889 4903 3018 4949 sunt
3058 4895 3255 4964 iniqui-

1686 4999 1854 5054 tates,
1902 4999 1957 5041 et
1999 4986 2210 5042 obtecta
2243 4986 2288 5040 si
2332 5000 2438 5056 qua
2476 4994 2635 5038 antea
2684 4984 2897 5038 fuerant
2927 4995 3146 5052 peccata
3176 4983 3244 5036 ⁸⁸.

1685 5080 1855 5135 Simul
1914 5091 2094 5133 autem
2137 5087 2194 5133 et
2243 5080 2433 5133 edocet
2479 5090 2578 5131 nos
2617 5075 2928 5145 diligentius
2973 5075 3247 5129 intendere

2427 5172 2475 5202 ⁷⁸
2508 5169 2662 5224 Rom.
2693 5185 2765 5231 tv,
2809 5169 2862 5225 5.
2939 5170 2984 5202 ⁷⁷
3023 5169 3154 5222 ibid.
3188 5168 3244 5222 6.

1921 5246 2050 5300 ibid.
2102 5248 2156 5298 ὅ.
2264 5243 2311 5272 ⁸³
2351 5241 2492 5296 Psal.
2542 5255 2692 5305 XXXI,
2726 5239 2794 5306 2;
2831 5239 2984 5295 Rutn.
3046 5255 3121 5303 tv,
3186 5241 3243 5294 8.

1683 5419 1793 5464 tum
1829 5415 2041 5479 monet.
2077 5425 2096 5458 ι
2154 5475 2168 5479 _
2269 5472 2283 5479 _
2480 5471 2493 5479 _
2528 5471 2541 5479 _
2799 5467 2813 5479 .
3070 5466 3103 5479 μ’

1750 5478 1862 5550 (45)
1903 5477 2066 5550 ξιὶῇιξ,
2097 5493 2116 5526 ι
2153 5475 2207 5529 in
2237 5471 2670 5550 circumcisione,
2697 5484 2765 5524 an
2799 5467 2850 5523 in
2877 5465 3184 5539 praeputio?
3213 5484 3236 5520 ι

1749 5545 1862 5620 (46)
1902 5546 2065 5620 Editi,
2097 5564 2116 5597 ί
2148 5545 2396 5620 septimo.
2437 5560 2458 5594 ›

1750 5611 1861 5688 (47)
1899 5616 2068 5689 Alias,
2107 5635 2126 5668 ι
2154 5615 2430 5676 doceatur,
2463 5630 2482 5663 ι
2521 5611 2616 5689 al._,
2648 5629 2666 5662 ι
2698 5611 3072 5689 deceantur.»

1748 5678 1862 5758 (48)
1903 5687 1993 5758 Sic
2038 5678 2166 5739 mss.
2221 5698 2392 5746 unus;
2433 5683 2613 5737 caeteri
2659 5695 2784 5735 vero
2824 5694 2952 5732 mss.
2987 5688 3041 5733 et
3073 5678 3234 5742 editi,

1683 5756 2088 5834 tqt_t:_ed§(§il-D
2162 5825 2194 5834 Α
2294 5823 2304 5834 ,
2372 5823 2383 5834 ,
2556 5830 2566 5834 _
2674 5829 2684 5834 _
2887 5817 2974 5834 ..μ
3034 5818 3118 5834 μ.

1750 5817 1859 5899 (49)
1901 5824 2066 5886 Alias,
2109 5845 2124 5876 ι
2156 5823 2304 5891 Quod
2342 5823 2395 5899 si_
2422 5829 2775 5899 reputarclur.
2826 5817 3084 5899 [Deinde
3111 5831 3234 5871 "om-

1679 5887 1773 5955 ιιεὲ
1807 5887 1965 5964 tuss.,
2005 5887 2277 5960 tueuddse,
2318 5913 2334 5944 ‹
2371 5887 2639 5948 Justitiam
2664 5887 3033 5956 adjustitiam.
3075 5905 3094 5939 ι
