3754 6554
567 435 670 490 967

2009 437 2332 495 ()RIGENIS
3630 451 3687 507 968

565 549 826 618 lectioni,
865 566 988 608 cum
1039 562 1147 607 tam
1185 551 1476 624 vigilanter
1506 562 1728 611 enarrat
1755 570 1817 612 ea
1854 572 1975 626 qum
2005 559 2143 613 scri-
2170 587 2218 644 Α
2247 559 2517 623 videatur,
2551 559 2603 614 id
2625 568 2729 627 est,
2767 577 2788 612 ι
2821 560 3070 630 signum,
3099 579 3118 613 ι
3142 570 3196 616 ει
3227 580 3247 615 ι
3271 561 3558 632 signaculum
3574 569 3686 638 (54).)

558 653 654 714 pta
690 654 818 700 sunt
847 645 913 700 de
937 645 1244 711 Abraham,
1288 647 1414 716 quia
1453 665 1472 700 ι
1507 659 1752 720 reputata
1803 661 1888 705 est
1918 651 1967 705 ei
2010 651 2146 707 ﬁdes

565 734 953 805 adojustitiam.
1008 756 1029 791 ι
1086 737 1212 793 Vult
1267 754 1300 792 a
1361 738 1515 796 nobis
1579 742 1916 798 considerari
1977 744 2147 805 etiam

563 827 778 897 quando
795 827 910 901 (50)
934 838 1179 897 reputata
1203 832 1297 896 sit,
1321 847 1431 902 quo
1453 843 1510 887 et
1535 835 1794 905 temporis
1818 836 1956 892 ratio
1983 837 2036 892 in
2060 836 2148 894 Itis

561 937 684 992 quae
722 923 925 993 scripta
976 934 1102 977 sunt
1143 923 1460 994 colligatur,
1493 937 1745 981 utrumne
1794 927 1846 982 in
1879 929 2145 999 praeputio

561 1013 738 1068 adhuc
788 1023 932 1070 esset
990 1030 1116 1070 cum
1177 1017 1281 1071 ista
1319 1016 1463 1071 dicta
1506 1026 1669 1082 sunt,
1721 1033 1789 1073 an
1856 1021 2146 1077 transisset

562 1105 670 1176 iam
706 1104 822 1177 (51)
867 1107 934 1162 ad
986 1108 1582 1174 circumcisionem;et
1625 1111 1706 1166 ait
1741 1130 1755 1166 :
1796 1129 1814 1164 ι
1863 1111 2145 1180 Quomodo

563 1215 694 1270 ergo
722 1211 967 1269 reputata
1002 1213 1086 1258 est
1112 1203 1247 1257 lides
1265 1203 1382 1270 ejus
1415 1204 1481 1258 ad
1502 1203 1773 1272 justitiam
1803 1206 1981 1262 ?Cum
1999 1219 2147 1265 esset

562 1291 617 1344 in
652 1293 1095 1360 circumcisione,
1126 1309 1193 1348 an
1219 1309 1341 1349 cum
1370 1304 1516 1351 esset
1550 1296 1603 1351 in
1641 1299 1904 1368 praeputio
1924 1299 2008 1354 “i
2036 1319 2056 1354 ι
2086 1300 2144 1356 Si

559 1383 704 1438 enim
737 1383 928 1440 luisset
954 1385 1004 1439 id
1027 1387 1292 1456 temporis
1317 1389 1371 1442 in
1396 1388 1838 1455 circumcisione,
1865 1389 2145 1447 videretur

560 1476 753 1545 utique
784 1491 814 1530 a
869 1477 990 1532 ﬁdei
1033 1477 1194 1548 hujus
1240 1479 1416 1549 gratia
1453 1479 1734 1536 exclusum
1778 1496 1902 1537 esse
1929 1498 2137 1553 praepu-

562 1564 718 1620 tium.
760 1565 914 1622 Nunc
945 1582 1077 1623 vero
1107 1569 1371 1636 ostendit,
1408 1572 1551 1640 quod
1581 1572 1638 1626 in
1666 1573 1932 1643 praeputio
1964 1575 2145 1630 adhuc

560 1658 738 1726 posito
767 1668 1013 1727 reputata
1042 1668 1128 1716 est
1164 1660 1296 1716 ﬁdes
1324 1662 1390 1717 ad
1425 1661 1716 1731 justitiam,
1745 1672 1802 1719 et
1844 1664 1965 1721 ideo
2012 1679 2142 1736 pro-

562 1746 796 1812 nuntiat,
825 1750 949 1818 quia
971 1765 1091 1803 cum
1127 1750 1401 1806 Abraham
1428 1751 1484 1806 in
1517 1754 1783 1823 praeputio
1815 1755 2022 1825 positus
2047 1772 2144 1826 per

563 1840 723 1894 Iidem
750 1840 1085 1908 justiticatus
1114 1845 1221 1910 sit,
1269 1845 1387 1899 sine
1418 1847 1585 1900 dubio
1625 1845 1880 1916 princeps
1909 1857 1964 1902 et
1990 1858 2144 1917 pater

2245 648 2354 706 Sed
2399 650 2530 705 mihi
2583 660 2815 720 uterque
2860 667 3040 707 sermo
3081 653 3301 709 multam
3342 655 3466 710 inter
3491 660 3689 717 sevidetnr

2247 741 2408 814 525
2434 742 2638 798 habere
2668 741 3051 798 differentiam.
3075 744 3298 816 Signum
3323 761 3524 817 namque
3548 751 3689 818 dicitur,

2243 850 2368 890 cum
2422 848 2519 902 per
2564 834 2669 890 hoc
2705 833 2848 905 quod
2886 834 3102 890 videtur
3143 835 3288 889 aliud
3338 837 3518 906 aliquid
3555 841 3687 899 indiu-

2249 932 2381 978 tur:
2417 924 2558 978 sicut
2605 939 2768 988 cum,
2813 922 2963 979 verbi
3012 924 3219 992 gratia,
3268 923 3392 980 dicit
3423 927 3620 984 Dominus
3659 933 3688 985 in

2247 1014 2538 1086 Evangelia
2575 1037 2587 1071 :
2619 1004 2648 1068 ἰ
2678 1015 2972 1072 Generatio
3001 1016 3115 1070 haec
3143 1017 3351 1086 signum
3378 1021 3569 1086 qumrit:
3595 1033 3630 1076 et
3649 1027 3693 1077 si-

2247 1121 2410 1174 gnum
2441 1121 2548 1160 non
2579 1105 2795 1160 dabitur
2825 1105 2875 1160 ei
2905 1146 2919 1169 ,
2953 1106 3054 1160 nisi
3086 1107 3301 1175 signum
3330 1106 3468 1162 Jonas
3497 1115 3692 1179 prapheta.

2248 1195 2400 1250 Sicut
2449 1196 2594 1251 enim
2629 1197 2726 1250 fuit
2767 1194 2936 1250 Jonas
2960 1198 3012 1250 in
3044 1209 3235 1253 ventre
3261 1200 3360 1253 ceti
3409 1203 3553 1256 tribus
3583 1205 3695 1260 diebus

2247 1296 2301 1341 et
2336 1288 2510 1343 tribus
2567 1289 2826 1343 noetibus
2853 1329 2868 1351 ,
2912 1290 2983 1342 ita
3014 1299 3068 1343 et
3120 1290 3314 1345 Filium
3349 1293 3550 1348 homiuis
3569 1309 3695 1364 oportet

2244 1394 2368 1434 esse
2401 1381 2452 1434 in
2477 1382 2641 1435 corde
2666 1392 2825 1436 terra:
2860 1381 2974 1454 (55)
3002 1382 3178 1438 tribus
3207 1385 3393 1438 diebus
3417 1395 3466 1439 et
3503 1387 3626 1440 tribus
3644 1403 3694 1439 ne

2247 1473 2426 1527 ctibus
2452 1472 2519 1526 3’.
2563 1492 2582 1526 ι
2621 1471 2736 1528 Hoc
2761 1482 2842 1526 est
2876 1489 3008 1543 ergo
3038 1475 3252 1543 signum
3282 1475 3369 1528 ubi
3405 1475 3545 1530 Jonas
3566 1479 3698 1530 videba-

2247 1578 2358 1632 tur,
2388 1579 2443 1623 et
2471 1568 2725 1623 Christus
2754 1569 3188 1637 intelligebatur.
3226 1570 3479 1625 Similiter
3502 1581 3546 1626 et
3567 1573 3613 1624 de
3633 1573 3696 1638 ipso

2246 1659 2473 1715 Domino
2505 1662 2557 1716 in
2605 1660 2899 1732 Evangelio
2928 1661 3134 1716 dicitur
3167 1679 3182 1716 :
3221 1679 3241 1711 ι
3279 1661 3416 1716 Ecce
3457 1662 3533 1716 hic
3574 1665 3699 1732 positus

2244 1762 2322 1809 est
2357 1753 2410 1807 in
2438 1754 2648 1807 ruinam
2679 1763 2733 1809 et
2769 1755 2820 1808 in
2847 1754 3307 1809 resurrectionem
3332 1754 3594 1818 multorum,
3615 1756 3698 1806 etin

2244 1843 2454 1914 signum
2477 1847 2563 1898 cui
2592 1843 3002 1900 contradicetur
3023 1843 3091 1900 '°.
3117 1864 3137 1898 ι
3163 1835 3600 1900 Contradicebatut
3617 1846 3700 1898 enim

562 1931 759 1985 merito
790 1932 990 1986 dicitur
1013 1935 1257 1988 omnium
1287 1936 1625 1990 credentium
1664 1950 1760 2004 per
1799 1939 2140 2008 praeputium.
2176 1936 2218 1998 B
2248 1936 2405 2002 signo
2430 1935 2482 1989 in
2511 1950 2622 2006 quo
2656 1934 2908 1992 Christus
2938 1946 3186 2004 venerat,
3222 1936 3352 2006 quia
3383 1936 3511 1990 aliud
3535 1936 3576 1990 in
3597 1948 3641 1988 eo
3660 1936 3702 1984 u-

561 2023 714 2090 Qund
743 2041 874 2081 vero
907 2039 1027 2098 post
1064 2028 1222 2083 ﬁdem
1257 2045 1379 2098 qua
1410 2029 1511 2085 fuit
1537 2031 1589 2085 in
1629 2031 1896 2100 praeputio
1931 2035 2147 2102 accepit

563 2119 1060 2183 circumcisionem,
1089 2129 1489 2191 consequenter
1520 2137 1745 2177 causam
1773 2138 1881 2194 qua
1915 2124 2149 2180 circum-

559 2213 700 2266 cisio
726 2212 779 2266 ei
807 2213 932 2267 data
967 2211 1402 2284 fueritesponit.
1435 2214 1506 2270 Ut
1534 2226 1697 2282 esset,
1730 2216 1929 2287 inquit,
1959 2219 2146 2289 signa-

561 2301 742 2356 culum
778 2301 897 2370 ejus
932 2304 1058 2359 ﬁdei
1084 2321 1247 2374 quam
1295 2306 1481 2361 habuit
1519 2308 1572 2362 in
1622 2310 1884 2379 praeputio
1915 2311 2146 2380 positus,

565 2407 626 2449 ut
651 2410 749 2465 per
778 2398 880 2452 ltoc
912 2415 931 2449 ι
969 2400 1040 2452 sit
1071 2409 1230 2466 pater
1249 2399 1490 2454 omnium
1519 2403 1862 2458 credentium
1894 2417 1992 2474 per
2008 2418 2149 2472 pra:-

570 2488 802 2556 putium,
833 2496 890 2543 ut
919 2500 1200 2558 reputetur
1232 2489 1340 2546 illis
1367 2495 1432 2546 ad
1460 2491 1761 2561 justitiam,
1802 2503 1858 2550 et
1895 2493 1965 2550 sit
1995 2503 2150 2563 pater

565 2580 1020 2648 circumcisionis,
1058 2597 1162 2638 non
1187 2583 1272 2638 his
1297 2593 1506 2638 tantum
1529 2585 1622 2654 qui
1653 2596 1780 2640 sunt
1803 2600 1873 2641 ex
1899 2586 2147 2641 circum-

565 2670 795 2734 cisione,
829 2673 923 2727 sed
952 2683 1007 2727 et
1039 2673 1146 2728 illis
1167 2675 1258 2744 qui
1288 2687 1595 2744 sequuntur
1635 2676 1861 2747 vestigia
1885 2676 2005 2747 ejus
2029 2692 2151 2747 qua:

564 2772 648 2816 est
673 2763 726 2816 in
756 2765 1020 2832 prteputio
1036 2764 1158 2820 ﬁdei
1185 2765 1356 2834 patris
1384 2766 1550 2820 nostri
1579 2765 1816 2821 Abrahae
1838 2765 1906 2820 ⁸⁸.
1939 2784 1960 2818 ι
1997 2764 2150 2834 Quod

563 2856 610 2910 si
639 2856 915 2910 Abraham
962 2873 1086 2912 cum
1131 2866 1276 2913 esset
1322 2858 1500 2912 adhuc
1535 2859 1588 2911 in
1630 2859 1914 2928 praeputio.
1947 2873 2013 2914 ex
2046 2859 2151 2913 ﬁde

556 2945 892 3016 justiticatus
929 2960 1047 3015 est,
1079 2963 1258 3018 potest
1293 2951 1410 3006 ﬁeri
1442 2952 1604 3006 etiam
1642 2961 1794 3020 pater
1812 2953 1926 3023 (52)
1958 2969 2150 3008 eorum

565 3041 655 3109 qui
698 3041 752 3095 itt
789 3035 1212 3098 cireumcisiouc
1243 3052 1539 3098 nascuntur
1561 3083 1577 3105 ,
1614 3045 1658 3097 si
1704 3052 1882 3099 tamen
1905 3045 1974 3098 ad
2003 3044 2150 3099 illam

569 3131 728 3189 ﬁdem
764 3136 1075 3202 pertineant
1105 3151 1226 3206 quae
1271 3137 1326 3190 in
1361 3137 1630 3206 praiputio
1667 3137 1902 3206 positum
1943 3137 2149 3207 justiﬁ-

565 3213 732 3278 cavit.
770 3225 834 3279 Et
867 3227 1124 3296 quoniam
1164 3229 1216 3282 in
1256 3229 1518 3298 praeputio
1565 3229 1800 3298 positum
1829 3229 2152 3300 justilicavit

564 3316 863 3380 Abraham,
888 3319 1121 3373 eilicitur
1146 3334 1276 3388 ergo
1308 3319 1596 3390 utriusque
1619 3321 1836 3390 generis
1861 3331 2039 3390 pater,
2065 3323 2149 3377 his

566 3411 658 3479 qui
691 3420 820 3465 sunt
851 3412 902 3464 in
935 3411 1200 3481 praeputio
1233 3427 1332 3481 per
1370 3413 1558 3475 ﬁdem,
1585 3425 1641 3467 et
1680 3413 1765 3468 bis
1793 3414 1884 3483 qui
1923 3423 2054 3468 sunt
2095 3415 2149 3468 in

567 3503 987 3558 circumcisione
1014 3519 1110 3573 per
1143 3518 1363 3559 carnem
1403 3522 1418 3558 :
1455 3513 1510 3558 et
1531 3514 1654 3574 post
1679 3505 2151 3562 circumcisionem

566 3605 795 3666 generat
827 3597 1002 3662 primo
1033 3596 1213 3660 Isaac,
1253 3607 1418 3668 atque
1446 3597 1515 3652 ab
1549 3599 1666 3667 ipso
1699 3599 2020 3667 auspicatur
2050 3616 2150 3671 og-

569 3687 756 3742 doadis
789 3687 1039 3755 initium,
1086 3687 1136 3742 id
1172 3699 1289 3752 est.
1331 3691 1512 3745 octavi
1543 3690 1648 3746 diei
1697 3690 1753 3744 in
1802 3690 1923 3760 ipso
1954 3706 2151 3747 conse-

568 3787 794 3834 crantur
826 3779 1003 3848 prima
1034 3781 1317 3850 mysteria,
1346 3790 1400 3834 et
1421 3780 1618 3836 eximie
1642 3781 1833 3850 incipit
1858 3783 2153 3852 posteritas

567 3867 804 3924 Abrahae
829 3868 1028 3939 duplici
1053 3883 1277 3922 currere
1293 3878 1658 3924 sacramento.
1684 3869 2000 3924 Sicutenim
2019 3872 2152 3926 lides

569 3971 758 4014 natura
789 3963 873 4014 sui
915 3961 1061 4014 aliud
1107 3975 1227 4015 esse
1273 3961 1610 4030 intelligitur,
1660 3975 1715 4018 et
1764 3965 1910 4019 aliud
1945 3962 2150 4031 justitia

567 4067 688 4122 quae
718 4053 766 4105 ei
804 4067 898 4119 per
931 4053 1088 4106 ﬁdem
1129 4065 1374 4122 reputata
1400 4064 1507 4120 est;
1555 4055 1628 4108 ita
1655 4065 1711 4110 et
1744 4056 1848 4110 alia
1874 4056 1996 4125 ejus
2033 4071 2153 4112 esse

569 4144 624 4197 in
657 4144 942 4212 praeputio,
975 4143 1080 4197 alia
1121 4144 1176 4198 in
1215 4145 1641 4201 circumcisione
1677 4149 1989 4216 posteritas.
2018 4146 2150 4201 Nam

569 4249 664 4288 eos
686 4235 777 4300 qui
809 4233 1172 4290 incircumcisi
1210 4245 1369 4300 sunt,
1408 4238 1555 4303 ipsos
1586 4251 1713 4292 esse
1745 4237 1951 4307 lapides
1981 4248 2148 4309 puto,

571 4324 639 4377 de
695 4325 898 4391 quibus
962 4339 1122 4394 posse
1203 4327 1403 4381 dicitur
1463 4328 1608 4382 Deus
1683 4329 1952 4383 suscitare
2014 4328 2152 4382 ﬁlios

568 4415 803 4471 Abrahae
831 4416 901 4484 ⁸⁸,
933 4416 986 4470 ἱιι
1018 4418 1216 4490 quibus
1259 4427 1315 4474 et
1343 4418 1474 4474 illud
1501 4419 1805 4491 completur
1835 4421 1979 4491 quod
2017 4422 2154 4476 scri-

571 4517 724 4577 ptum
758 4515 842 4562 est
871 4525 884 4561 :
917 4506 1055 4574 Quia
1084 4527 1103 4560 ι
1136 4511 1529 4565 benedicentur
1574 4512 1628 4565 in
1677 4521 1728 4566 te
1758 4525 1950 4565 omnes
1979 4512 2151 4567 tribus

573 4608 733 4654 terra}
751 4599 820 4654 ⁸⁷.
860 4617 880 4652 ι
917 4597 1021 4655 Sed
1049 4611 1358 4669 repetamus
1388 4603 1565 4658 adhuc
1590 4603 1735 4672 quod
1759 4603 1890 4657 dicit
1915 4601 1961 4635 ⁸⁸
1997 4621 2013 4658 :
2044 4621 2062 4655 ι
2083 4603 2149 4658 Et

579 4687 791 4758 signum
816 4690 1025 4760 accepit
1055 4691 1544 4760 circumcisionem,
1583 4713 1601 4746 ι
1641 4695 1978 4769 signaculum
2001 4694 2153 4765 justi-

578 4778 669 4835 tize
706 4778 860 4846 ﬁdei,
898 4796 1018 4850 qum
1055 4789 1140 4835 est
1179 4781 1232 4834 in
1273 4786 1536 4854 praeputio
1577 4785 1688 4858 (55)
1727 4803 1791 4842 ac
1827 4787 2150 4859 profundam

575 4871 628 4924 in
677 4872 762 4926 bis
804 4871 962 4926 Pauli
1002 4873 1323 4942 sapientiam
1369 4876 1822 4946 contemplemur.
1871 4876 2147 4932 Fortassis

573 4965 718 5017 enim
749 4963 1020 5034 aliquibus
1051 4967 1302 5022 eumdem
1346 4981 1651 5022 sermonem
1692 4970 1927 5023 secundo
1967 4970 2148 5024 dicere

680 5079 726 5110 ⁸⁸
765 5079 920 5136 Rom.
965 5097 1037 5146 tv,
1071 5081 1160 5138 10.
1265 5083 1311 5115 ³⁸
1339 5084 1469 5139 ibid.
1498 5085 1584 5140 1‘2.

574 5146 666 5209 59.
692 5150 781 5203 40.
857 5151 902 5184 ⁹⁰
939 5152 1070 5209 Luc.
1105 5170 1144 5208 ιι
1175 5195 1190 5219 ,
1242 5155 1333 5210 54.
1407 5155 1451 5187 ⁹¹
1485 5154 1639 5208 Ιὶοιιι.
1675 5171 1749 5220 tv,
1779 5159 1865 5210 ιι.

646 5259 762 5336 (50)
799 5261 970 5336 Alias,
996 5283 1017 5316 ι
1054 5280 1176 5320 cum
1223 5276 1332 5322 tam
1369 5266 1661 5336 vigilanter
1699 5282 1758 5319 ea
1782 5282 1902 5335 quas
1938 5269 2139 5336 scripta

579 5340 701 5383 sunt
724 5334 789 5386 dt-
815 5333 1159 5390 Abraham...
1191 5333 1575 5392 commendans
1602 5337 1762 5390 vulta
1800 5333 1958 5391 nobis
2009 5333 2141 5392 con-

578 5400 805 5456 siderari
823 5405 983 5457 etiam
1016 5409 1305 5474 quomodo,
1334 5424 1353 5457 ι
1395 5414 1500 5462 etc.
1521 5406 1608 5461 Al.
1636 5407 1790 5462 deest
1821 5417 1878 5462 et
1923 5424 1943 5459 ι
1974 5422 2140 5462 enar~

577 5479 682 5532 rat,
718 5481 774 5524 et
797 5477 1200 5530 commendans.
1236 5494 1255 5527 ι

648 5540 760 5611 (51)
800 5540 890 5596 Sic
921 5559 1050 5597 mss.
1106 5551 1311 5611 nostri;
1359 5547 1491 5602 edit.
1521 5563 1672 5609 vero,
1712 5568 1730 5599 ι
1785 5556 2039 5601 utrmnne
2087 5547 2140 5601 in

578 5612 839 5687 praeputio
861 5614 1094 5669 Abt-abte
1120 5617 1219 5671 ista
1246 5618 1390 5672 dicta
1416 5627 1581 5683 sunt,
1625 5633 1691 5671 an
1721 5632 1844 5672 cum
1875 5619 2141 5674 transiret

569 5692 702 5746 Jatn,
750 5699 768 5732 ι
804 5691 908 5737 etc.

649 5750 762 5822 (52)
795 5751 886 5806 Sic
917 5767 1018 5808 ms.
1043 5770 1180 5810 unus
1209 5754 1410 5824 Regius
1433 5771 1582 5810 num.
1610 5755 1768 5812 1659.
1795 5756 1986 5814 Cteteri
2013 5772 2145 5812 vero

579 5836 708 5896 mss.
741 5823 976 5896 etpediti,
1009 5841 1028 5875 ι
1062 5835 1126 5896 ιιι
1150 5839 1244 5896 per
1269 5823 1372 5880 hoc
1405 5837 1557 5894 pater
1588 5829 1741 5882 ﬁeret
1770 5832 1934 5884 etlam
1951 5843 2138 5883 eorum

576 5892 744 5961 quiin
769 5892 1183 5952 circumcisione
1215 5892 1511 5952 nascuntur
1549 5915 1562 5952 :
1591 5900 1635 5954 si
1663 5908 1841 5956 tamen
1881 5897 1948 5955 ad
1995 5899 2141 5955 illam

1691 5084 1736 5117 ⁸⁵
1777 5085 1964 5139 Matth.
2013 5102 2104 5145 ιιι.
2143 5087 2195 5142 9.

1944 5157 1988 5187 ⁹²
2027 5159 2272 5222 item.“
2299 5157 2394 5222 25,
2423 5155 2512 5210 26.
2585 5155 2632 5188 ³³
2654 5153 2812 5213 Rom.
2848 5169 2926 5220 ιν,
2952 5153 3042 5208 12.

2251 2027 2501 2093 debatur,
2529 2037 2585 2082 et
2617 2028 2764 2082 aliud
2813 2028 3232 2098 intelligebatur.
3267 2027 3405 2084 Caro
3448 2027 3701 2086 cernebatur.

2249 2131 2304 2177 et
2335 2120 2477 2176 Deus
2525 2121 2868 2178 credebatur.
2916 2120 3008 2177 Sic
3048 2137 3178 2192 ergo
3207 2122 3414 2191 accepit
3453 2133 3499 2176 et
3523 2120 3700 2174 Abraham

2248 2214 2464 2280 signum
2500 2231 2514 2268 :
2554 2222 2609 2268 et
2639 2214 2782 2283 quod
2821 2221 2969 2270 esset
3013 2213 3228 2286 signum
3264 2215 3318 2268 in
3366 2212 3705 2281 consequentibus

2250 2305 2386 2360 dicit
2419 2323 2433 2361 :
2471 2323 2490 2357 ι
2529 2304 3037 2372 Circumcisionem,
3081 2325 3101 2360 ι
3153 2307 3380 2377 inquit:
3428 2322 3530 2375 qua:
3555 2305 3706 2360 circum-

2251 2396 2386 2451 cisio
2411 2406 2557 2452 esset
2585 2415 2603 2448 ι
2639 2398 2978 2468 signaculum
3007 2397 3232 2468 justitia:
3258 2397 3380 2452 ﬁdei
3406 2398 3446 2430 ’ί
3475 2415 3490 2448 ι
3518 2411 3636 2465 quam
3659 2395 3710 2447 ln-

2251 2487 2367 2543 buit
2391 2497 2682 2558 antequam
2705 2488 3212 2544 circumcideretur.
3238 2488 3388 2543 Bene
3419 2502 3534 2558 ergo
3554 2486 3707 2539 circum-

2250 2582 2509 2636 cisionem
2557 2581 2775 2650 signum
2827 2579 3118 2650 appellavit
3171 2581 3224 2634 in
3256 2580 3536 2641 Abraham,
3561 2577 3651 2646 quia
3681 2583 3710 2627 et

2251 2673 2367 2741 ipsa
2399 2671 2544 2726 aliud
2577 2673 2896 2737 videbatur,
2959 2683 3013 2726 et
3072 2671 3214 2726 aliud
3272 2669 3711 2740 intelligebatur;et

2251 2765 2489 2819 Ostendit
2518 2765 2644 2834 quia
2666 2764 2781 2834 jam
2816 2775 2947 2818 tunc
2976 2764 3216 2819 carnalis
3241 2765 3342 2818 illa
3372 2759 3652 2818 circumcisio

2250 2872 2416 2927 guunt
2455 2867 2572 2911 erat
2610 2856 2874 2926 spiritalis
2928 2855 3405 2922 circumcisionis,
3453 2865 3651 2923 quae-non
3684 2850 3715 2899 in:

2252 2961 2417 3002 carne
2463 2945 2916 3015 suscipitur,sed
2971 2945 3025 3000 in
3096 2945 3287 3000 corde.
3341 2941 3482 3011 Quod
3504 2955 3605 2995 vero
3637 2936 3716 2992 dixit

2257 3056 2278 3090 ι
2321 3037 2695 3108 signaculum,
2735 3057 2756 3091 ι
2806 3037 2880 3092 ita
2921 3037 3331 3105 intelligendum
3361 3043 3499 3105 puto.
3543 3030 3716 3100 Signum

2253 3130 2364 3185 lum
2393 3129 2594 3185 dicitur
2623 3144 2746 3186 cum
2777 3128 2943 3184 alicui
2981 3127 3061 3184 rei
3114 3127 3402 3182 servanda:
3450 3138 3536 3194 pro
3560 3130 3716 3188 ιειιφοω

2254 3221 2500 3278 custodia
2540 3221 2863 3290 itnponitur,
2895 3221 3038 3290 quod
3070 3233 3231 3274 nemo
3264 3217 3405 3272 alius
3432 3215 3524 3271 nisi
3565 3208 3715 3282 ipsequi

2254 3312 2534 3383 impressit
2563 3311 2761 3368 debeat
2783 3311 3081 3382 resignare.
3113 3309 3217 3365 Per
3239 3309 3386 3365 istud
3410 3320 3526 3378 ergo
3553 3304 3716 3373 signat?

2254 3403 2386 3469 lum,
2421 3413 2482 3458 ut
2511 3403 2732 3474 exponit
2767 3403 3062 3474 Apostolus
3081 3443 3098 3471 ,
3123 3401 3339 3473 justitia
3364 3399 3483 3456 ﬁdei
3504 3395 3597 3468 (56)
3621 3404 3716 3462 quam

2254 3497 2306 3550 in
2339 3486 2608 3565 prmputio
2643 3497 2854 3566 positus
2879 3495 3154 3551 Abraham
3181 3492 3435 3563 accipere
3455 3488 3616 3546 meruit
3636 3482 3716 3538 Inde

2253 3598 2428 3654 catur,
2451 3600 2509 3644 et
2533 3598 2689 3659 pater
2717 3603 2840 3644 esse
2872 3586 3165 3642 multarum
3211 3587 3490 3656 gentium:
3520 3578 3630 3650 quod
3646 3585 3716 3628 lunt

2253 3680 2526 3735 credimus
2555 3679 2940 3750 resignandum
2963 3693 3091 3734 cum
3130 3678 3418 3750 plenitudo
3447 3673 3638 3744 gentium
3672 3668 3716 3717 ini

2255 3770 2466 3826 troicrit
2489 3809 2506 3837 ,
2535 3780 2590 3825 et
2621 3771 2801 3826 omnis
2839 3769 3006 3825 Israel
3036 3770 3352 3826 salvabitur
3387 3769 3450 3823 ".
3479 3765 3606 3821 Tuuc
3635 3757 3716 3814 enim

2252 3862 2346 3916 ﬁet
2371 3862 2517 3932 quod
2553 3861 2686 3917 dicit
2717 3861 3010 3932 Apostolus
3041 3861 3124 3928 ",
3176 3877 3289 3917 non
3341 3859 3504 3917 solum
3531 3853 3716 3926 gentium.

2251 3955 2346 4010 sed
2369 3956 2533 4010 etiam
2564 3954 3000 4010 circumcisionis
3028 3969 3126 4024 per
3154 3954 3318 4010 ﬁdem
3349 3964 3497 4024 pater
3515 3944 3716 4006 Abraham.

2252 4044 2319 4100 Et
2364 4046 2545 4099 adhuc
2578 4045 2824 4115 apertius
2862 4046 2929 4098 de
2964 4045 3121 4116 signo
3153 4053 3209 4100 et
3257 4041 3528 4115 signaculo
3568 4036 3716 4092 dissen'

2253 4152 2393 4193 mus.
2426 4138 2560 4192 Cum
2589 4137 2802 4206 signum
2829 4137 2920 4203 sit,
2952 4147 3012 4192 ut
3032 4135 3404 4202 diximus,ubi
3433 4122 3716 4189 indicaturali

2253 4231 2382 4298 quid
2408 4244 2504 4297 per
2529 4231 2631 4284 hoc
2685 4230 2830 4298 quod
2864 4230 3078 4296 videtur
3106 4269 3123 4294 ,
3180 4228 3518 4299 signaculum
3562 4218 3716 4274 ventu“

2251 4319 2600 4374 concluditur
2636 4334 2735 4387 pro
2761 4327 3008 4388 tempore
3035 4319 3241 4388 aliquid
3285 4329 3344 4374 et
3375 4334 3477 4373 non
3500 4321 3633 4386 patet,
3663 4321 3716 4376 ρθι

2255 4423 2360 4468 test
2383 4414 2546 4468 etiam
2594 4413 2668 4467 ita
2722 4411 2977 4484 intelligi,
3007 4414 3150 4483 quod
3176 4413 3436 4483 mysteria
3466 4424 3571 4481 qua:
3599 4408 3637 4458 in
3660 4405 3716 4465 Ιθὲί

2253 4516 2311 4561 ει
2343 4507 2672 4576 patriarchis
2731 4505 3204 4561 adumbrabantur
3232 4548 3248 4571 ,
3308 4501 3591 4574 huiusmodi
3628 4507 3715 4550 era“

2253 4612 2371 4665 (ιυω
2398 4609 2453 4650 el
2480 4597 2652 4667 Signis
2683 4597 2970 4651 indicanda
3002 4603 3206 4661 essent,
3235 4606 3292 4650 et
3315 4592 3592 4665 signaculis
3612 4589 3716 4639 obset

2253 4690 2447 4742 vanda.
2482 4688 2636 4755 Quod
2668 4703 2803 4758 ergo
2861 4688 3034 4760 signis
3062 4688 3358 4744 indicanda
3396 4683 3607 4741 erantin
3644 4669 3716 4746 (55'

2254 4787 2338 4841 his
2361 4786 2451 4856 qui
2500 4786 2798 4841 credebant
2827 4800 2894 4840 ex
2933 4785 3209 4856 gentibus,
3237 4785 3456 4854 signum
3483 4780 3664 4874 cepisse.
3685 4767 3716 4821 di

2253 4879 2394 4932 citur
2418 4876 2736 4932 Abraham:
2769 4874 2911 4945 quod
2934 4889 3064 4930 vero
3091 4875 3175 4930 bis
3201 4875 3292 4946 qui
3319 4874 3374 4928 in
3405 4873 3715 4929 circumcisum

2256 4984 2360 5023 non
2395 4978 2551 5022 erant
2585 4967 2872 5032 credituri,
2901 4966 3207 5021 obseranda
3232 4974 3395 5020 erant
3415 4972 3468 5019 et
3490 4952 3716 5025 οιιιεεθιιά³

2301 5087 2345 5118 ⁸⁷
2377 5084 2512 5141 Gen.
2542 5098 2641 5147 ιιι,
2680 5084 2735 5137 5.
2840 5083 2889 5115 ⁸⁸
2919 5082 3077 5137 Rom.
3114 5097 3185 5149 tv,
3217 5081 3304 5136 11.
3405 5080 3450 5114 ⁸⁸
3483 5071 3640 5130 Matth.
3673 5075 3716 5118 tu

2247 5268 2407 5324 ﬁdem
2426 5267 2738 5338 pertineant
2766 5281 2891 5338 quae
2916 5266 2970 5338 in
2994 5265 3258 5338 praeputio
3283 5260 3589 5336 justiﬁcavit
3622 5255 3716 5338 Abrt

2248 5339 2395 5394 liam.
2417 5335 2834 5409 .Eﬁiciturergo
2863 5335 3144 5409 utriusque
3177 5335 3394 5408 generis
3427 5345 3586 5406 pater.
3622 5347 3638 5380 ι
3669 5335 3716 5376 6“

2320 5408 2432 5481 (55)
2472 5408 2643 5481 Alias,
2677 5425 2696 5459 ι
2725 5408 3192 5481 circumcisionis.
3234 5425 3254 5459 ι
3439 5477 3450 5481 _
3513 5475 3524 5481 _
3581 5469 3624 5481 η

2321 5409 2412 5476 (55
2472 5408 2643 5474 Alias,
2677 5425 2696 5459 ι
2732 5407 3192 5463 circumcisionis.
3234 5425 3254 5459 ι
3614 5469 3624 5481 .

2321 5407 2434 5551 (54)
2470 5479 2638 5551 Editi,
2675 5496 2695 5529 ι
2723 5479 2777 5533 id
2801 5488 2888 5532 est
2906 5477 3261 5549 signaculum,
3298 5496 3318 5530 ι
3346 5475 3552 5533 omissis
3581 5471 3716 5527 ιιιετεῖ

2249 5549 2872 5625 Ιιίεςιηιξδὶεῐιιιιιιηειε.
2996 5619 3006 5625 _
3079 5617 3180 5625 ____
3286 5620 3298 5625 _
3419 5619 3432 5625 _
3477 5617 3488 5625 _
3551 5611 3562 5625 .

2322 5601 2687 5690 (Bsfiiu'as',
2744 5637 2763 5672 t
2801 5601 2877 5674 ita
2933 5619 3037 5673 erit
3079 5617 3251 5673 Filius
3285 5617 3518 5674 hominis
3550 5611 3598 5669 in
3625 5601 3716 5665 σοτά

2249 5698 2430 5756 tCrrae,
2466 5707 2486 5742 ι
2520 5697 2626 5744 etc.

2319 5759 2431 5829 (56)
2466 5759 2634 5829 Alias.
2667 5778 2684 5811 ι
2713 5759 2938 5826 justitia:
2968 5759 3146 5823 fidem
3180 5769 3285 5815 etc.

2322 5829 2462 5902 (ὅθ’)
2492 5828 2580 5886 1η.
2610 5831 2771 5886 Deest
2806 5831 2861 5885 ιιι
2892 5831 3075 5888 editis.
