3754 6536
75 401 185 455 ευρ

1039 395 1396 454 COMMENT.
1437 395 1502 451 IN
1539 395 1760 452 EPIST.
1796 397 1884 452 AD
1918 396 2084 452 ROM.
2127 396 2256 453 LIB.
2299 398 2390 455 IV.

3243 394 3349 454 970

74 511 424 586 signaculum
454 511 655 568 dicitur
691 508 996 578 accepisse.
1031 509 1188 578 Quod
1217 510 1553 581 signaculum
1573 510 1665 565 illo
1693 518 1738 574 Α
1767 513 2101 568 existimatio
2127 514 2304 582 potius
2332 513 2537 570 incerta
2566 522 2649 568 est
2679 528 2842 583 quam
2875 512 3032 568 ﬁrma
3072 519 3350 585 approbab-

74 609 273 677 tniqne
303 609 356 661 in
383 617 627 674 tempore
673 602 1066 672 resignahitur,
1093 617 1218 657 cum
1251 604 1303 656 in
1355 603 1664 660 novissimis

72 700 272 753 diebus
299 700 586 766 postquam
647 693 965 764 plenitudo,
993 701 1052 746 ut
1080 691 1316 748 diximus
1345 737 1360 760 ,
1421 695 1664 765 gentium

73 790 378 853 introierit,
401 790 581 843 omnis
608 787 770 842 Israel
798 787 980 842 salvus
1035 787 1146 842 ﬁet.
1196 787 1406 842 Idcirco
1431 788 1665 857 denique

76 895 214 940 ante
231 872 508 937 Abraham
544 879 878 950 jnstiﬁcatur
908 881 1024 950 (57)
1052 881 1106 936 in
1149 881 1257 935 ﬁde
1310 881 1439 935 dum
1488 881 1664 935 adhuc

74 985 236 1032 esset
269 975 726 1041 incircumcisus,
778 984 832 1030 et
873 985 1062 1045 postea
1096 973 1513 1030 circumciditur
1538 1011 1558 1040 ,
1605 982 1666 1026 nt

72 1071 467 1124 ostenderetur
528 1069 708 1138 primo
763 1077 919 1138 pater
951 1068 1168 1122 futurus
1197 1066 1493 1121 multarum
1526 1082 1664 1137 gen-

72 1160 238 1223 tium,
263 1171 322 1214 et
363 1169 551 1231 postea
578 1174 769 1214 eorum
799 1161 890 1230 qui
930 1175 996 1215 ex
1031 1159 1454 1216 circumcisione
1481 1160 1666 1214 credi-

76 1255 179 1309 turi
208 1262 364 1308 sunt.
402 1252 588 1322 Neque
614 1255 759 1310 enim
789 1254 840 1307 hi
867 1255 961 1324 qui
995 1255 1289 1310 secundum
1306 1270 1528 1310 carnem
1563 1270 1665 1308 na-

70 1355 312 1398 scnntnr
340 1359 406 1399 ex
434 1343 736 1408 Abraham,
769 1344 861 1400 lilii
905 1345 1186 1400 Abraham
1239 1346 1454 1401 dicendi
1491 1356 1660 1411 sunt,

71 1439 175 1492 nisi
207 1438 376 1492 ﬁdem
409 1446 465 1492 et
487 1452 652 1506 opera
678 1437 917 1492 habeant
942 1439 1198 1493 Abrahae.
1252 1438 1382 1494 lnde
1424 1438 1663 1503 denique

67 1541 123 1585 et
147 1530 418 1585 Dominus
459 1531 513 1585 in
549 1531 846 1600 Evangelia
903 1531 1038 1586 dicit
1087 1533 1152 1585 ad
1180 1531 1419 1598 Iudaeos,
1448 1533 1542 1602 qui
1601 1547 1663 1588 se

66 1624 358 1694 iactabant
387 1624 527 1679 ﬁlios
562 1639 682 1680 esse
718 1625 996 1680 Abrahae:
1035 1643 1055 1676 ι
1096 1626 1152 1680 Si
1181 1626 1277 1679 lilii
1305 1626 1540 1680 Abrahae
1571 1639 1659 1681 es-

68 1718 222 1783 setis,
259 1731 428 1787 opera
461 1717 650 1786 ntique
698 1717 932 1772 Abrahae
991 1717 1244 1772 faceretis
1273 1718 1340 1771 ".
1381 1738 1400 1770 ι
1431 1716 1528 1771 Vis
1555 1733 1658 1772 au-

71 1821 174 1864 tem
204 1819 266 1865 et
313 1825 380 1864 ex
434 1811 603 1865 veteri
639 1810 925 1879 Scriptura
986 1811 1274 1880 perdoceri
1312 1812 1453 1880 quod
1513 1811 1658 1864 ﬁlius

68 1904 186 1973 quis
213 1903 421 1957 dicitur
473 1918 581 1956 non
632 1912 840 1956 tantum
872 1901 992 1970 ejus
1023 1905 1089 1957 de
1123 1903 1280 1971 cujus
1313 1903 1521 1958 carnali
1565 1919 1655 1958 se-

69 1992 209 2046 mine
233 1992 544 2056 descendit,
577 1992 671 2046 sed
703 2002 759 2047 et
794 1992 913 2058 eius
945 1994 1102 2063 cujus
1131 2004 1289 2048 actus
1320 1996 1566 2048 imitatur
1596 2005 1655 2049 et

67 2086 276 2154 opera?
306 2085 445 2139 Audi
481 2083 670 2139 Daniel
695 2085 823 2154 quid
857 2085 1006 2140 dicat
1028 2086 1094 2138 ad
1121 2102 1285 2139 unum
1317 2101 1384 2140 ex
1425 2086 1533 2140 illis
1569 2103 1656 2140 se-

68 2179 316 2233 niorilms
344 2193 477 2248 quos
503 2178 688 2250 arguit
723 2177 976 2233 adulterii
1022 2195 1037 2232 :
1093 2197 1112 2230 ‹
1170 2180 1390 2245 Semen,
1437 2180 1650 2248 inquit,

67 2269 353 2334 Chanaan,
382 2278 438 2323 et
476 2267 760 2332 nonJuda,
784 2271 995 2339 species
1034 2269 1248 2324 seduxit
1283 2281 1358 2335 te,
1415 2281 1468 2324 et
1519 2287 1654 2326 con-

66 2361 406 2429 cupiscentia
432 2361 632 2415 evertit
657 2374 754 2416 cor
805 2371 955 2416 tuum
979 2363 1046 2413 ⁹⁶.
1091 2381 1110 2414 ι
1177 2361 1342 2418 Vides
1381 2378 1505 2418 eum
1555 2365 1654 2434 qui

69 2455 370 2510 carnaliter
414 2457 480 2510 de
515 2469 714 2526 genere
745 2446 885 2510 Jnda
935 2456 1319 2522 descenderat,
1370 2459 1558 2527 negari
1592 2461 1654 2514 ﬁ-

70 2546 192 2600 lium
217 2562 347 2602 esse
389 2545 524 2601 Juda
550 2586 570 2613 ,
605 2546 701 2601 sed
751 2546 1039 2612 Chanaan,
1074 2547 1193 2616 ejus
1223 2548 1437 2604 scilicet
1491 2551 1652 2620 cujus

69 2651 215 2694 actus
243 2650 304 2694 et
343 2654 507 2709 opera
547 2639 900 2709 sequebatur.
951 2639 1026 2694 Ita
1078 2655 1212 2711 ergo
1251 2651 1304 2695 et
1346 2641 1400 2695 hi
1451 2642 1544 2710 qni
1583 2647 1651 2697 de

67 2732 302 2786 Abrahae
343 2731 551 2786 semine
573 2731 872 2786 secundum
910 2747 1131 2787 carnem
1195 2749 1366 2803 genus
1399 2733 1649 2799 ducunt,

69 2840 169 2877 non
204 2825 470 2878 dicuntur
521 2822 613 2877 lilii
644 2823 878 2878 Abrahae
906 2863 921 2889 ,
967 2825 1011 2878 si
1049 2825 1166 2892 ejus
1207 2840 1312 2879 non
1348 2824 1547 2880 habent
1587 2825 1654 2880 ﬁ-

67 2917 204 2972 dem.
241 2918 341 2972 Sic
369 2918 605 2986 denique
637 2926 693 2970 et
723 2918 986 2987 propheta
1014 2918 1147 2972 dicit
1174 2917 1241 2971 ad
1269 2932 1362 2972 eos
1388 2935 1403 2973 :
1433 2936 1454 2969 ι
1487 2917 1648 2973 Pater

68 3020 185 3067 tuus
208 3012 588 3075 Amorrhzeus,
633 3019 689 3065 et
737 3020 914 3066 mater
961 3022 1050 3065 tua
1080 3010 1296 3067 (lethaea
1325 3011 1426 3076 “,i
1453 3013 1651 3082 quibus

69 3106 252 3173 utique
281 3119 392 3158 non
416 3117 511 3158 eos
555 3104 909 3157 necessitudo
935 3104 1174 3174 generis,
1205 3105 1299 3158 sed
1326 3120 1538 3159 morum
1573 3106 1649 3161 si-

68 3195 312 3250 militudo
363 3196 644 3266 iungebat.
699 3212 718 3247 ι
765 3192 835 3250 Ut
868 3205 1017 3250 esset
1059 3209 1212 3265 ergo,
1257 3196 1452 3266 inquit,
1495 3205 1649 3266 pater

66 3289 308 3340 omnium
343 3287 686 3342 credentium
733 3302 834 3356 per
873 3285 1200 3354 prtrpntium
1227 3325 1242 3350 ,
1281 3298 1338 3342 ut
1372 3297 1650 3358 reputetur

69 3379 167 3432 illis
188 3379 258 3432 ad
284 3375 590 3444 justitiam,
629 3385 686 3432 et
734 3377 809 3432 sit
833 3387 990 3448 pater
1023 3377 1465 3432 circmncisionis
1490 3420 1506 3442 ,
1541 3391 1648 3432 non

68 3470 146 3524 his
174 3480 391 3524 tantum
426 3469 518 3539 qni
549 3479 678 3524 sunt
709 3484 778 3524 ex
833 3469 1279 3536 circumcisione,
1332 3473 1428 3527 sed
1455 3480 1512 3526 et
1540 3471 1650 3526 illis

67 3563 150 3628 qui
188 3572 506 3631 sequuntur
529 3563 757 3633 vestigia
793 3562 912 3630 ejus
945 3579 1069 3634 qua:
1094 3573 1180 3619 est
1209 3565 1262 3618 in
1296 3565 1565 3635 praeputio
1595 3566 1653 3619 ﬁ-

67 3652 147 3706 dei
186 3653 370 3722 patris
395 3653 565 3707 nostri
599 3653 835 3708 Abrahae
860 3654 931 3708 ".
965 3673 984 3706 ι
1019 3655 1076 3709 In
1109 3669 1218 3724 quo
1241 3655 1532 3710 evidenter
1580 3672 1648 3711 ex

70 3754 302 3815 utroque
328 3745 544 3815 populo,
569 3746 713 3801 sicut
746 3747 997 3817 superius
1026 3748 1295 3812 diximus,
1331 3749 1652 3816 pronuntiat

71 3851 166 3891 non
194 3840 390 3892 carnis
416 3839 684 3909 originem
705 3877 721 3903 ,
753 3843 848 3894 sed
875 3839 1274 3894 notabilitatem
1310 3840 1430 3894 lidei
1463 3841 1647 3909 requi-

71 3932 315 3983 rendam.
348 3929 422 3985 De
445 3930 880 3985 circumcisionis
903 3940 1086 3986 autem
1109 3945 1460 3987 sacramento
1482 3932 1648 3988 latius

68 4017 170 4087 jam
206 4021 259 4072 in
294 4020 676 4089 superioribus
727 4021 988 4086 diximus,
1018 4021 1114 4078 sed
1147 4030 1205 4076 et
1243 4021 1297 4076 in
1322 4024 1445 4077 aliis
1479 4023 1650 4092 pluri-

73 4109 162 4164 bus
192 4109 336 4165 locis
363 4125 484 4179 quae
506 4126 605 4180 pro
643 4126 700 4166 re
729 4121 785 4164 et
815 4126 914 4180 pro
944 4119 1187 4182 tempore
1212 4127 1503 4168 occurrere
1530 4115 1648 4169 visa

72 4209 185 4254 sunt
227 4201 612 4272 exposuimus.
671 4199 778 4257 Sed
810 4201 1126 4271 diligentem
1155 4202 1439 4268 lectorem,
1481 4219 1646 4273 quem

74 4291 171 4344 iota
199 4309 373 4347 unum
399 4302 494 4347 aut
515 4308 653 4348 unus
681 4308 819 4364 apex
843 4295 910 4349 de
931 4293 1047 4360 lege
1075 4309 1183 4350 non
1216 4297 1456 4362 praeterit
1477 4297 1550 4358 ³⁸.
1577 4312 1647 4352 ne

75 4383 194 4438 illud
216 4384 444 4454 quidem
474 4384 644 4439 latere
674 4386 860 4449 debet,
884 4387 1012 4455 quia
1037 4386 1142 4442 hoc
1172 4388 1317 4457 quod
1345 4389 1646 4460 Apostolus

74 4477 220 4538 dixit,
261 4495 285 4528 ε
317 4476 589 4545 Reputata
635 4485 722 4532 est
765 4477 1001 4533 Abrahae
1043 4478 1178 4535 ﬁdes
1227 4480 1348 4550 ejus
1378 4483 1446 4536 ad
1477 4482 1646 4554 justi-

1771 604 1868 668 tio,
1895 620 1992 658 nos
2018 603 2460 672 compendiosius
2507 607 2934 674 respondeamus
2972 609 3114 676 quod
3154 610 3346 666 obser-

1769 711 1905 751 vans
1926 697 2215 766 Apostolus
2243 699 2566 753 sententiam
2597 699 2686 753 Dei
2717 701 2809 768 qui
2845 701 3001 764 dixit,
3035 721 3056 754 ι
3084 700 3201 758 Jam
3238 721 3347 761 non

1767 787 1992 853 Abram,
2018 787 2112 842 sed
2142 788 2421 842 Abraham
2449 790 2556 843 erit
2591 804 2786 843 nomen
2828 798 2976 845 tuum
3013 791 3056 857 ³,
3085 809 3104 844 ι
3165 794 3351 864 appel-

1769 877 1903 930 lavit
1942 893 2083 932 nunc
2113 892 2238 932 eum
2270 893 2374 932 non
2405 877 2569 950 526
2599 887 2655 932 ιιι
2695 879 2749 932 in
2780 879 2900 934 loco
2951 880 3182 937 Genesis
3217 884 3348 937 srri-

1767 978 1918 1038 ptmn
1952 979 2062 1033 est,
2091 972 2184 1025 sed
2223 981 2284 1026 nt
2324 972 2392 1027 de
2419 987 2487 1028 eo
2527 974 2966 1041 pronuntiaverit
3024 975 3182 1029 Dens.
3214 975 3348 1042 Qun:

1765 1062 1914 1115 enim
1970 1063 2232 1119 divinitus
2272 1067 2620 1129 sanciuntur,
2651 1064 2934 1120 observari
2968 1067 3020 1120 in
3065 1076 3345 1136 posterum

1765 1156 2038 1212 convenit.
2069 1155 2214 1223 Hac,
2245 1168 2405 1227 prout
2432 1160 2731 1229 potuimus,
2763 1161 2814 1216 in
2851 1160 2992 1217 locis
3023 1171 3132 1215 tam
3157 1163 3346 1218 arduis

1764 1259 1821 1303 et
1839 1258 1954 1302 tam
1987 1249 2294 1305 diﬁicilibns
2328 1253 2540 1321 prolata
2570 1252 2708 1324 (58).
2739 1255 2784 1309 si
2838 1255 2963 1324 quis
3003 1255 3144 1311 forte
3177 1255 3348 1312 animi

1765 1343 1936 1396 nostri
1961 1341 2197 1398 studium
2225 1345 2560 1408 consideret,
2592 1347 2846 1416 amplecti
2875 1349 3092 1414 poterit.
3123 1345 3178 1402 Si
3214 1361 3346 1403 vero

1767 1433 2138 1488 inﬁrmitatem
2167 1451 2360 1491 sensus
2391 1437 2563 1490 nostri
2601 1447 2795 1493 notare
2826 1438 2974 1501 velit,
3004 1440 3220 1494 veniam
3257 1453 3346 1509 pe.

1766 1529 1951 1591 timus,
1987 1537 2042 1584 et
2071 1529 2119 1583 ei
2143 1529 2236 1598 qui
2283 1530 2482 1585 melius
2505 1529 2573 1585 de
2602 1531 2686 1585 his
2732 1532 3007 1587 disserere
3043 1531 3128 1586 vel
3147 1534 3343 1601 expla-

1764 1633 1896 1673 nare
1951 1620 2190 1687 potuerit
2223 1659 2238 1686 ,
2293 1619 2526 1676 libenter
2574 1623 2838 1678 cedimus.
2869 1621 2980 1676 Nos
3017 1639 3146 1679 vero
3176 1625 3245 1678 ad
3277 1640 3346 1681 ea

1760 1724 1882 1778 qua
1909 1720 2214 1780 sequuntur
2267 1711 2422 1782 segni
2458 1713 2587 1768 licet
2627 1729 2818 1784 gressu
2843 1716 3220 1772 convertimus
3255 1734 3348 1788 pe-

1761 1801 1905 1859 dem.

1830 1890 1886 1944 ’5.
1934 1909 1952 1941 ι
1986 1889 2102 1948 Non
2123 1894 2270 1949 enim
2301 1909 2400 1964 per
2422 1894 2595 1965 legem
2625 1897 2916 1968 promissio
2943 1899 3177 1956 Abrahae
3197 1943 3214 1968 ,
3250 1912 3346 1959 ant

1762 1985 1954 2039 semini
1985 1984 2126 2055 ejus,
2159 1995 2220 2040 ut
2243 1985 2418 2042 [neres
2463 1997 2614 2043 esset
2669 1993 2854 2044 tnundi
2884 2009 2898 2046 :
2929 1991 3022 2046 sed
3048 2006 3147 2061 per
3176 1993 3344 2062 justi-

1765 2079 1892 2134 tiam
1950 2079 2073 2136 iidei
2107 2079 2148 2136 δ.
2189 2099 2209 2133 ι
2264 2079 2376 2136 Hoc
2429 2082 2482 2136 in
2525 2082 2646 2138 loco
2694 2084 2829 2138 mihi
2868 2085 3086 2140 videtur
3119 2086 3186 2140 de
3221 2086 3344 2158 lege

1761 2172 1936 2242 Moysi
1983 2171 2280 2242 Apostolus
2308 2174 2611 2242 disputare.
2642 2183 2697 2230 et
2734 2191 2985 2231 asserere
3019 2177 3161 2245 quod
3215 2194 3344 2248 pro-

1763 2265 1952 2320 missio
1979 2280 2103 2334 qua:
2147 2265 2288 2320 facta
2337 2275 2424 2321 est
2455 2267 2522 2320 ad
2551 2267 2824 2321 Abraham
2859 2277 2919 2322 nt
2963 2269 3340 2326 haereditatem

1762 2357 1976 2421 tnnndi,
2013 2358 2064 2412 id
2095 2369 2180 2413 est
2223 2369 2383 2413 teme
2412 2358 2576 2413 totius
2607 2359 2882 2428 acciperet
2903 2360 3020 2429 ipse
3041 2364 3123 2415 vel
3151 2377 3341 2417 semen

1759 2449 1902 2515 ejus.
1933 2466 2038 2504 non
2065 2467 2134 2505 ex
2160 2451 2330 2523 Moysi
2361 2450 2479 2520 lege
2513 2461 2809 2506 constaret.
2836 2454 2976 2506 Ante
3001 2453 3147 2507 enim
3172 2469 3338 2523 quam

1760 2525 1972 2613 Mityses
1997 2541 2276 2613 legislator
2307 2542 2625 2605 exsisteret,
2655 2544 2805 2598 visus
2828 2555 2948 2610 est,
2999 2545 3194 2616 inquit,
3237 2547 3343 2600 Do-

1759 2636 1939 2688 minus
1975 2633 2227 2699 Abrabae,
2256 2645 2311 2688 et
2335 2635 2473 2689 dixit
2501 2635 2569 2689 ad
2595 2650 2720 2690 eum
2752 2635 2902 2706 (59):
2928 2656 2946 2688 ι
2977 2637 3075 2692 Exi
3102 2639 3167 2693 de
3194 2648 3338 2694 terra

1759 2732 1874 2788 tua,
1909 2734 1963 2780 et
1995 2726 2061 2779 de
2091 2726 2414 2795 cognatione
2443 2736 2554 2789 tua,
2576 2736 2631 2781 et
2663 2727 2732 2781 de
2759 2728 2920 2782 domo
2950 2730 3124 2798 patris
3147 2731 3248 2795 tui,
3280 2741 3339 2786 et

1755 2819 1880 2874 veni
1921 2819 1976 2872 in
2007 2827 2208 2873 terram
2239 2835 2402 2889 quam
2433 2819 2725 2875 ostendero
2756 2820 2852 2874 tibi
2885 2834 2902 2875 :
2949 2833 3006 2877 et
3057 2822 3252 2878 l‘aciam
3285 2835 3339 2878 te

1759 2912 1811 2966 in
1839 2921 2054 2981 gentem
2084 2925 2358 2981 magnam,
2389 2919 2448 2965 et
2493 2911 2809 2966 benedicam
2849 2922 2902 2966 te
2927 2953 2943 2974 ,
2983 2923 3041 2968 et
3092 2917 3340 2987 magniﬁ-

1758 3003 1897 3058 cabo
1919 3016 2116 3056 nomen
2147 3010 2320 3065 tuum,
2347 3009 2404 3056 et
2463 3001 2575 3058 eris
2629 3003 2948 3058 benedictus
2980 3020 2996 3058 :
3027 3015 3083 3060 et
3117 3007 3340 3062 benedi-

1756 3107 1876 3148 cam
1911 3093 2290 3149 benedicentcs
2326 3104 2400 3157 te,
2463 3102 2522 3148 et
2573 3092 2893 3150 maledicam
2943 3097 3339 3154 maledicentes

1759 3195 1831 3252 te,
1861 3193 1916 3240 et
1944 3184 2341 3240 benedicentur
2390 3185 2445 3240 in
2503 3194 2557 3240 te
2598 3200 2788 3240 omnes
2832 3187 3007 3243 tribus
3054 3199 3214 3245 terra:
3240 3193 3284 3245 ⁸.
3315 3211 3334 3244 ι

1753 3277 1907 3346 Quod
1932 3293 2064 3350 ergo
2091 3279 2246 3343 dicit,
2283 3297 2303 3330 ‹
2345 3277 2746 3334 Benedicentur
2778 3280 2829 3335 in
2870 3290 2921 3335 te
2939 3297 3130 3338 omnes
3166 3285 3341 3341 tribus

1756 3383 1934 3437 terrae,
1984 3389 2004 3424 ι
2035 3371 2140 3426 hoc
2161 3381 2244 3425 est
2266 3371 2537 3426 haeredem
2559 3371 2761 3426 factum
2783 3389 2906 3429 esse
2937 3375 3104 3429 totius
3126 3377 3338 3431 mundi.

1751 3465 1884 3531 Quae
1910 3463 2099 3534 utique
2127 3463 2420 3532 promissio
2452 3464 2518 3519 ad
2553 3463 2832 3519 Abraham
2866 3476 3027 3520 antea
3062 3465 3206 3522 facta
3228 3480 3338 3532 est,

1753 3573 1915 3626 quam
1942 3573 2041 3628 per
2072 3555 2291 3628 Moysen
2321 3557 2390 3611 de
2415 3557 2557 3628 legis
2578 3559 2927 3614 observantia
2961 3562 3337 3617 mandaretur.

1754 3653 1846 3708 Sic
1879 3667 2010 3724 ergo
2034 3667 2136 3708 non
2167 3662 2250 3707 est
2275 3668 2343 3707 ex
2384 3654 2504 3724 lege
2551 3655 2844 3723 promissio
2877 3655 3136 3718 Ahrahm,
3165 3671 3339 3726 neque

1753 3743 2109 3812 seminiejus,
2137 3753 2196 3798 ut
2226 3745 2399 3799 lueres
2430 3745 2504 3798 sit
2532 3747 2743 3806 mundi,
2775 3747 2873 3800 sed
2920 3761 3016 3815 per
3064 3747 3334 3815 justitiam

1752 3838 1895 3893 lidei.
1923 3836 2054 3904 Quae
2085 3847 2168 3892 est
2189 3839 2292 3892 ista
2322 3836 2537 3904 justitia
2569 3837 2692 3892 ﬁdei
2716 3837 2740 3891 τ
2764 3837 2838 3892 De
2859 3853 2966 3908 qua
3006 3839 3120 3910 (60)
3155 3841 3207 3895 in
3239 3857 3338 3895 su-

1751 3930 2059 4002 perioribus
2080 3928 2346 3984 scribitur
2374 3928 2513 4000 (61),
2547 3937 2607 3983 ιιι
2624 3943 2768 4000 saepe
2785 3929 2899 4000 jam
2925 3930 3184 3997 diximus,
3208 3935 3336 4002 quia

1754 4039 1775 4074 ι
1814 4020 2044 4075 credidit
2079 4018 2360 4074 Abraham
2395 4020 2533 4081 Deo.
2585 4028 2644 4074 et
2704 4029 3013 4088 reputatnm
3045 4032 3132 4078 est
3158 4023 3231 4077 illi
3263 4025 3335 4080 ad

1744 4113 2009 4184 justitiam
2041 4111 2085 4168 ⁸⁵.
2122 4130 2140 4164 ι
2186 4110 2297 4166 Nec
2323 4111 2640 4166 immerito:
2688 4111 2825 4180 legis
2854 4112 2999 4166 enim
3036 4115 3337 4170 observan-

1751 4206 1824 4260 tia
1862 4219 2078 4274 poenam
2107 4203 2481 4259 tantummodo
2504 4203 2730 4274 eﬁ‘ugit;
2765 4203 2888 4258 ﬁdei
2918 4220 3054 4261 vero
3075 4208 3332 4263 meritum

1749 4296 1863 4366 (62)
1895 4312 2044 4367 spem
2076 4296 2523 4366 repromissionis
2549 4307 2833 4366 exspectat
2871 4315 2885 4351 :
2913 4309 2968 4352 et
2993 4311 3330 4370 praeceptum

1749 4389 1923 4444 servis
1950 4389 2191 4458 ponitur,
2234 4387 2370 4443 ﬁdes
2399 4388 2666 4458 quaeritur
2699 4390 2770 4443 ab
2803 4389 3017 4446 amicis.
3055 4390 3163 4446 Sed
3205 4401 3260 4446 et
3285 4393 3333 4447 si

1749 4483 2044 4536 secundum
2079 4496 2141 4535 ea
2187 4495 2310 4551 qua:
2341 4481 2396 4535 in
2435 4481 2813 4549 superioribus
2850 4483 3230 4546 disseruimus,
3264 4488 3337 4541 de

74 4571 192 4624 tiam
218 4573 296 4635 ”,
334 4591 353 4623 ι
379 4571 468 4624 illo
487 4579 734 4642 tempore
754 4586 882 4626 cum
913 4571 980 4624 de
1004 4585 1072 4624 eo
1101 4571 1366 4641 scriptum
1395 4573 1642 4642 estquod
1677 4596 1720 4652 υ
1750 4571 1867 4640 lege
1900 4571 2129 4624 naturali
2187 4569 2386 4626 Paulus
2421 4571 2553 4624 hiec-
2589 4570 2773 4627 dicere
2800 4573 3166 4644 intelligatur,
3221 4592 3330 4632 non

77 4664 365 4718 crediderit
404 4664 534 4728 Deo,
570 4675 625 4718 et
661 4675 968 4733 reputatum
1002 4667 1074 4721 sit
1105 4668 1155 4721 ei
1201 4668 1269 4720 ad
1299 4666 1565 4735 justitiam
1596 4667 1640 4730 ι,

76 4755 305 4809 nondum
336 4754 608 4810 Abraham
643 4756 966 4821 vocabatur,
1016 4757 1112 4812 sed
1145 4757 1347 4812 Abram
1376 4767 1498 4812 erat
1544 4773 1639 4812 no—

75 4861 183 4900 men
206 4846 353 4916 ejus.
386 4847 576 4902 Adhuc
602 4849 750 4902 enim
795 4848 1218 4906 incircumcisus
1253 4850 1529 4916 manebat,
1581 4860 1642 4905 ut

78 4938 456 5008 interpretatur
502 4939 795 5008 Apostolus
827 4941 870 4993 ⁸.
906 4939 984 4995 De
1027 4956 1139 5010 quo
1175 4941 1447 5012 aliquibus
1493 4939 1637 4996 l'orte

1747 4663 1853 4717 erit
1880 4663 2212 4717 contrarium
2244 4663 2549 4718 rationibus
2580 4664 2827 4734 superius
2849 4666 3093 4723 redditis.
3125 4668 3333 4734 Quam-

1747 4755 1832 4808 vis
1859 4754 2002 4808 enim
2034 4753 2120 4809 lex
2171 4764 2381 4810 natura:
2413 4757 2478 4810 de
2511 4757 2652 4811 bono
2696 4765 2752 4811 et
2779 4755 2922 4809 malo
2951 4759 3322 4814 testimonium

1750 4847 1940 4903 reddat
1968 4848 2266 4903 secundum
2295 4847 2560 4918 judicium
2593 4849 2964 4914 conscientias,
3005 4861 3183 4904 tamen
3216 4851 3321 4923 legi

1749 4939 1871 4996 lidei
1922 4956 2029 4995 non
2079 4949 2260 5010 potest
2302 4942 2606 5010 exaequari,
2641 4954 2747 5010 qna
2804 4939 2915 4996 Deo
2945 4942 3061 5012 (65)
3094 4944 3328 5001 credidit

77 5033 336 5088 videbitur
357 5047 517 5086 error
543 5033 595 5086 in
631 5033 1039 5105 exemplaribus
1068 5034 1279 5095 haberi,
1303 5035 1449 5103 quod
1478 5033 1638 5088 facile
1667 5073 1678 5082 .
1740 5032 2040 5093 Abraham,
2066 5043 2122 5086 et
2163 5030 2455 5100 iustiﬁcari
2494 5032 2694 5087 meruit
2749 5041 2915 5102 atque
2960 5033 3171 5088 amicus
3232 5034 3330 5090 Dei

76 5124 336 5176 Abraham
373 5137 472 5192 pro
497 5121 699 5177 Abram
729 5124 896 5179 scribi
933 5124 1191 5194 potuerit.
1225 5124 1331 5179 Sed
1359 5123 1485 5195 quia
1517 5124 1636 5178 hzcc

1742 5123 1998 5194 appellari
2024 5124 2067 5176 ⁷.

135 5286 179 5318 ’⁵
212 5285 370 5342 Joan.
424 5302 543 5351 vm,
575 5287 667 5342 59.
748 5289 793 5320 "
814 5289 946 5342 Dan.
977 5305 1098 5350 xm,
1131 5287 1220 5342 56.
1284 5289 1332 5321 ⁸⁸
1362 5286 1559 5342 Ezech.
1607 5301 1717 5348 xvt,
1755 5287 1806 5340 3.
1885 5285 2112 5342 "Rom.
2164 5302 2235 5347 tv,
2285 5285 2480 5348 ll,l2.
2546 5283 2799 5338 "Matth.
2849 5299 2900 5341 ν.
2929 5283 3013 5338 18.
3091 5283 3134 5316 ⁹⁹
3163 5283 3322 5337 Rern.

75 5371 140 5428 ἰ.
162 5357 215 5412 9.
271 5359 287 5389 ¹
321 5358 457 5413 Gen.
493 5374 581 5428 xv.
619 5360 673 5411 6.
749 5361 770 5389 ’
802 5359 956 5412 Rom.
982 5375 1057 5424 IV,
1087 5359 1150 5412 ιο
1177 5373 1292 5428 seq.

76 5425 197 5482 (Ten.
223 5443 314 5491 xv,
350 5433 404 5481 6.
484 5430 503 5459 τ
539 5427 656 5483 Jac.
682 5445 746 5492 ιι,
772 5430 865 5482 23.

137 5567 244 5634 (57)
275 5569 446 5635 Alias,
481 5588 501 5619 ι
524 5569 876 5636 justillcatns.
918 5591 936 5622 ι

134 5637 242 5706 (58)
278 5640 448 5709 Alias,
487 5659 505 5691 ι
544 5644 791 5709 probare.
833 5661 852 5693 ι

139 5709 246 5780 (59)
275 5708 378 5764 Ms.
407 5705 569 5770 unus,
605 5729 623 5762 ι
669 5711 882 5773 videns,
915 5712 1110 5781 inquit,
1146 5705 1406 5767 Dominus
1461 5712 1637 5766 Abra-

78 5774 377 5836 hattt,'ilixit
403 5783 471 5832 ad
503 5795 648 5842 enm,
685 5799 703 5832 ι
731 5791 836 5834 etc.

138 5848 245 5919 (60)
279 5849 454 5903 Editi:
487 5867 506 5900 ι
542 5850 607 5903 Et
643 5860 728 5904 est
762 5854 860 5904 ista
912 5852 1123 5918 justitia
1159 5851 1320 5918 ﬁdei,
1350 5853 1422 5908 de
1442 5869 1570 5921 qua,
1607 5868 1628 5903 ο

381 5942 652 6003 ΡΑτιιοι..
701 5942 815 6002 Gn.
867 5943 952 6003 XI
972 5942 1038 6003 ιν.

1369 5359 1390 5388 ⁸
1418 5358 1558 5412 Gen.
1588 5357 1785 5423 xvn,5.
1862 5358 1883 5388 ‘
1911 5358 2066 5411 limn.
2094 5375 2168 5424 tv,
2203 5357 2288 5409 l5.
2361 5357 2383 5387 ⁸
2411 5356 2848 5424 Gen.xtt,l,scq.
2885 5354 2904 5386 ’
2933 5355 3090 5409 lium.
3130 5371 3208 5418 tv,
3251 5355 3324 5420 ὃς

1745 5578 1931 5703 elc(et)
1959 5632 2127 5694 Alias,
2165 5649 2184 5681 ι
2222 5629 2376 5684 dixit.
2419 5647 2439 5680 ι

1840 5706 1930 5772 62)
1962 5705 2128 5766 Alias,
2159 5721 2176 5753 ι
2211 5703 2479 5772 meritam.
2522 5717 2540 5750 ι

1841 5770 1931 5845 b3)
1955 5774 2126 5837 Alias,
2157 5791 2177 5825 ι
2209 5770 2507 5841 adaquari,
2534 5771 2663 5838 quia
2700 5771 2826 5834 Deo,
2867 5789 2884 5820 ι
2910 5779 3020 5825 etc.

2921 5928 2998 5990 31
