3754 6532
451 371 555 436 971

1940 374 2260 434 ORIGENIS
3564 387 3642 442 97"!

525 502 580 556 4.
614 518 634 551 ι
675 499 732 555 Si
763 498 906 554 enim
935 495 1025 567 qui
1066 507 1133 550 ex
1163 493 1300 566 lege,
1347 494 1400 550 hi
1439 494 1553 565 (64)
1594 494 1835 551 literedes
1865 507 2032 564 sunt,
2061 503 2108 559 Α
2139 499 2213 551 tio
2242 497 2403 568 527
2451 496 2576 551 erit.
2614 515 2632 549 ι
2685 494 3048 566 Requiramus
3075 511 3202 568 ergo
3236 499 3306 554 ab
3331 499 3410 555 eis
3451 517 3467 554 :
3495 501 3544 557 Si
3576 508 3642 559 ubi

453 593 734 649 exinanita
766 601 850 644 est
877 591 1032 656 ﬁdes,
1064 602 1118 646 et
1149 597 1411 645 evacuata
1449 587 1561 659 (65)
1597 596 1682 643 est
1717 588 2027 658 promissio.

457 689 569 743 Lex
608 686 752 740 enim
799 684 935 737 iram
966 692 1248 752 operatur.
1281 682 1379 738 Ubi
1411 693 1592 736 autem
1627 697 1731 735 non
1782 689 1865 736 est
1895 681 1977 736 lex
2010 721 2026 746 ,

459 794 559 833 nec
589 775 967 846 prmvaricatio
993 773 1038 826 ⁸.
1079 793 1097 826 ι
1125 774 1210 837 Si,
1263 773 1480 842 inquit,
1513 787 1622 828 non
1655 787 1722 826 ex
1751 771 1871 843 lege
1903 787 2030 844 pro—

457 872 643 926 missio
677 870 798 924 data
832 878 918 922 est
954 867 1190 922 Abrahae
1219 876 1279 920 ut
1309 869 1482 921 haeres
1513 875 1656 921 esset
1687 868 1896 933 mundi,
1930 866 2024 922 sed

454 979 552 1032 per
583 962 742 1016 ﬁdem
784 975 902 1028 quae
931 959 980 1014 ei
1023 960 1089 1013 ad
1112 959 1388 1026 justitiam
1423 969 1670 1029 reputata
1697 969 1800 1026 est,
1832 975 2025 1014 conse-

453 1069 629 1124 quens
655 1053 773 1106 sine
795 1052 959 1105 dubio
989 1051 1113 1116 erit,
1157 1059 1217 1104 ut
1258 1059 1313 1104 et
1337 1065 1526 1105 omnes
1557 1051 1647 1120 qui
1677 1060 1896 1121 sperant
1920 1051 2021 1106 sibi

456 1159 484 1196 a
525 1143 634 1196 Deo
657 1142 924 1211 justitiam
963 1141 1316 1208 reputandam
1347 1184 1362 1207 ,
1402 1157 1506 1195 non
1554 1157 1650 1210 per
1704 1143 1898 1212 legem,
1933 1142 2026 1197 sed

455 1247 556 1304 per
588 1234 746 1288 ﬁdem
780 1241 1023 1301 sperent.
1047 1231 1113 1285 Et
1137 1241 1196 1285 ut
1227 1233 1328 1286 hoc
1356 1233 1661 1288 evidentius
1688 1235 2025 1300 ostenderet,

453 1325 661 1386 addidit
699 1345 709 1378 :
744 1323 824 1388 Si,
859 1323 1056 1392 inquit,
1086 1324 1136 1377 hi
1175 1324 1266 1393 qui
1294 1339 1362 1378 ex
1395 1324 1511 1395 lege
1539 1335 1685 1390 sunt,
1713 1324 1812 1394 ipsi
1854 1325 2029 1380 haere-

453 1418 551 1472 des
587 1425 749 1470 erunt
774 1415 1216 1484 repromissionis
1251 1415 1397 1468 illius
1423 1431 1583 1485 quam
1609 1431 1706 1485 per
1737 1417 1894 1470 ﬁdem
1916 1431 2030 1471 me-

452 1509 564 1562 ruit
591 1507 889 1572 Abraham,
913 1509 1271 1563 evacuabitur
1307 1509 1438 1563 illud
1464 1509 1611 1580 quod
1639 1525 1708 1563 ex
1738 1509 1842 1564 ﬁde
1865 1510 2028 1579 justi-

455 1599 647 1651 ﬁcatus
671 1608 754 1652 est
779 1599 1098 1652 Abraham:
1141 1612 1262 1652 cum
1311 1598 1498 1668 utique
1523 1598 1571 1654 si
1595 1615 1660 1654 ex
1700 1599 1819 1670 lege
1843 1600 2026 1655 futura

449 1699 598 1744 esset
621 1691 925 1753 haareditas,
949 1692 1256 1760 oportuerit
1286 1698 1340 1745 et
1367 1692 1639 1746 Abraham
1669 1692 1844 1763 legem
1876 1694 2030 1764 prius

452 1780 701 1851 implere,
745 1790 801 1835 et
837 1783 912 1836 ita
948 1782 1321 1838 haereditatem
1349 1783 1576 1853 iustitiae
1602 1787 1925 1854 promereri.
1963 1786 2030 1840 Et

452 1883 515 1929 ut
542 1873 794 1929 ostendat
822 1873 971 1930 nullo
999 1877 1159 1931 modo
1187 1877 1290 1930 hoc
1324 1876 1400 1930 ita
1446 1876 1559 1931 ﬁeri
1594 1878 1858 1948 potuisse,
1895 1877 2027 1933 dicit
2061 1855 2102 1908 Β

453 1966 597 2035 quod
622 1966 706 2020 lex
744 1966 882 2020 iram
913 1977 1191 2037 operatur.
1238 1966 1342 2023 Ubi
1398 1977 1577 2022 autem
1613 1969 1694 2024 ira
1720 1978 1822 2034 est,
1855 1970 2028 2025 haere-

454 2057 598 2113 ditas
626 2073 733 2113 non
765 2068 962 2125 est;et
991 2059 1236 2114 addidit:
1272 2077 1290 2110 (
1322 2059 1426 2114 Ubi
1457 2071 1635 2115 autem
1670 2077 1774 2116 non
1799 2073 1883 2118 est
1915 2062 2025 2129 lex,

452 2163 555 2203 nec
586 2151 986 2219 praevaricatio.
1022 2171 1042 2202 ι
1081 2149 1186 2206 Sed
1221 2162 1537 2223 repetamus
1572 2155 1852 2224 paululum
1889 2154 2023 2229 (66),

450 2248 506 2293 et
538 2239 816 2295 videamus
840 2243 904 2296 de
939 2257 1045 2312 qua
1071 2243 1189 2313 lege
1217 2244 1320 2298 ista
1362 2245 1637 2300 dicantur.
1687 2247 1744 2301 In
1782 2249 2028 2318 superio-

452 2329 604 2383 ribus
635 2330 853 2398 quidem
902 2331 992 2384 ubi
1042 2332 1196 2396 dicit,
1231 2350 1250 2383 ι
1292 2331 1349 2386 Si
1389 2334 1534 2388 enim
1586 2336 1675 2404 qui
1698 2351 1765 2390 ex
1801 2337 1940 2408 lege,
1972 2340 2026 2395 bi

454 2420 698 2476 haeredes
729 2432 877 2486 sunt,
911 2423 1192 2478 exinanita
1247 2432 1332 2478 est
1383 2424 1539 2490 ﬁdes,
1566 2435 1622 2481 et
1646 2441 1907 2485 evacuata
1941 2441 2028 2486 est

451 2513 767 2582 promissio,
806 2533 824 2565 ι
855 2524 1033 2585 potest
1070 2524 1128 2572 et
1157 2515 1222 2569 ad
1259 2515 1429 2587 Moysi
1467 2517 1662 2589 legem.
1695 2530 1751 2575 et
1773 2523 1840 2576 ad
1871 2520 2042 2577 natu-'

454 2604 621 2658 ralem
655 2603 867 2660 referri.
919 2604 1140 2660 Certum
1195 2616 1282 2662 est
1328 2608 1474 2662 enim
1529 2607 1670 2678 quod
1719 2610 1765 2665 si
1818 2628 1883 2667 ex
1913 2611 2029 2683 lege

452 2695 622 2768 Moysi
641 2707 933 2768 przestatur
950 2698 1260 2764 haereditas,
1284 2712 1582 2756 evacuatur
1603 2703 1716 2774 (67)
1735 2703 1863 2758 illud
1884 2706 2026 2772 quod

451 2790 735 2857 scribitur,
763 2791 1040 2846 Abraham
1073 2789 1196 2844 ﬁdei
1233 2792 1557 2849 credulitate
1589 2796 1855 2851 meruisse
1877 2797 2025 2865 (68):

449 2891 508 2937 et
531 2899 744 2938 rursum
785 2883 830 2938 si
865 2885 934 2939 ad
981 2885 1286 2939 naturalem
1336 2885 1506 2955 legem
1542 2897 1902 2942 convertatur
1942 2889 2028 2942 iu-

451 2973 771 3046 telligentia,
801 2977 916 3029 hare
944 2975 1050 3029 dici
1083 2986 1312 3046 possunt
1368 2977 1519 3050 (69):
1550 2977 1609 3033 Si
1649 2979 1897 3036 suﬁicere
1935 2995 2030 3050 po-

452 3065 645 3120 tuisset
672 3065 756 3120 lex
804 3067 1067 3121 naturalis
1093 3067 1159 3121 ad
1207 3066 1368 3122 ﬁdem
1398 3109 1414 3134 ,
1453 3068 1786 3138 superﬂuum
1817 3071 2029 3124 videre-

451 3165 542 3210 tur
561 3157 705 3226 quod
752 3158 951 3211 dictum
977 3167 1060 3212 est
1105 3160 1172 3212 ad
1215 3160 1534 3214 Abraham:
1577 3179 1596 3212 ι
1633 3161 1731 3215 Exi
1763 3164 1830 3216 de
1879 3172 2023 3216 terra

451 3261 567 3316 tua,
591 3259 645 3303 et
673 3249 739 3304 de
761 3251 1084 3319 cognatione
1107 3259 1221 3314 tua,
1265 3261 1320 3305 et
1347 3251 1413 3306 de
1441 3253 1600 3306 domo
1621 3254 1794 3322 patris
1821 3255 1919 3321 tui,
1974 3265 2028 3309 et

449 3342 575 3396 veni
617 3341 671 3396 in
715 3349 919 3397 terram
972 3357 1135 3410 quam
1183 3343 1476 3398 ostendero
1531 3343 1627 3398 tibi
1656 3345 1700 3398 9.
1761 3365 1781 3398 ι
1828 3345 2029 3416 thuid

450 3433 597 3487 enim
626 3432 801 3487 exiret
828 3434 894 3488 de
927 3442 1075 3488 terra
1099 3450 1218 3501 sua,
1245 3444 1302 3489 et
1326 3435 1391 3490 de
1427 3438 1586 3491 domo
1621 3452 1741 3503 sua,
1773 3438 1819 3493 si
1865 3439 1916 3493 ei
1941 3439 2028 3494 lex

452 3522 728 3578 suﬂiceret
760 3526 1049 3590 naturalis,
1081 3542 1242 3598 quam
1271 3530 1464 3598 utique
1491 3540 1546 3583 et
1567 3530 1618 3582 in
1645 3538 1788 3584 terra
1815 3545 1912 3584 sua
1928 3546 2028 3600 po-

451 3613 590 3668 situs
613 3613 812 3668 habere
836 3622 890 3668 et
919 3617 1196 3672 custodire
1244 3619 1557 3686 potuisset?
1583 3620 1687 3676 Sed
1714 3637 1856 3677 nunc
1882 3623 2029 3678 velut

449 3706 542 3762 illa
572 3707 752 3763 minus
783 3707 1088 3766 sumcieute
1113 3709 1340 3779 iubetur
1370 3713 1540 3784 legem
1565 3714 1687 3769 ﬁdei
1711 3715 1892 3785 sequi,
1913 3716 2030 3772 sine

451 3813 555 3868 qua
586 3796 696 3870 (70)
721 3814 820 3854 nec
846 3801 1018 3857 haeres
1045 3817 1166 3858 esse
1189 3804 1372 3858 mundi
1394 3805 1507 3875 ipse
1529 3805 1614 3860 vel
1640 3820 1826 3861 semen
1845 3822 2027 3874 suum,

452 3904 554 3944 nec
579 3891 788 3946 amicus
810 3890 905 3947 Dei
935 3895 1426 3966 poteratappellari
1454 3913 1468 3951 :
1497 3899 1579 3953 sic
1599 3913 1732 3968 ergo
1759 3909 1935 3970 potest
1961 3901 2030 3956 ab

451 3991 684 4051 utraque
711 3983 829 4054 lege
864 3986 1205 4042 subtractum
1259 3989 1326 4043 ad
1369 3989 1538 4044 solam
1583 3991 1705 4047 ﬁdei
1739 3992 1910 4064 legem
1945 4008 2032 4048 re.

449 4074 664 4141 spicere
684 4075 829 4144 quod
862 4077 1030 4132 dicit:
1069 4096 1089 4130 ι
1128 4079 1185 4135 Si
1221 4081 1364 4134 enim
1397 4083 1486 4154 qui
1515 4097 1583 4137 ex
1617 4083 1756 4153 lege,
1812 4085 1864 4139 hi
1927 4085 2030 4140 hai-

451 4165 610 4220 redes
633 4171 778 4231 sunt,
818 4167 1100 4222 exinanita
1127 4177 1213 4224 est
1247 4169 1402 4236 ﬁdes,
1430 4183 1486 4227 et
1504 4184 1762 4229 evacuata
1794 4185 1880 4229 est
1903 4190 2032 4245 pro-

453 4255 661 4309 missio.
689 4273 708 4306 »
731 4254 851 4310 Jam
893 4273 1024 4313 vero
1050 4261 1102 4314 in
1136 4261 1240 4316 hoc
1264 4263 1380 4318 loco
1402 4264 1490 4318 ubi
1511 4266 1662 4330 dicit,
1695 4287 1713 4318 ι
1750 4266 1860 4322 Lex
1884 4269 2031 4323 enim

451 4347 590 4400 iram
621 4355 898 4416 operatur,
935 4367 956 4402 ι
989 4350 1301 4421 diligentius
1321 4354 1634 4412 intuendum
1663 4367 1746 4413 est
1776 4361 1842 4413 ad
1867 4375 2029 4430 quam

452 4434 625 4505 legem
659 4439 940 4506 respicere
974 4443 1222 4500 videatur
1251 4445 1341 4499 hic
1372 4461 1553 4503 sermo
1579 4467 1594 4516 ;
1623 4450 1716 4504 sed
1744 4459 1798 4504 et
1825 4450 1914 4507 ille
1937 4452 2030 4522 qui

2133 590 2214 643 lex
2265 599 2384 656 est,
2439 600 2495 643 ct
2535 589 2918 658 praevaricatio
2967 589 3074 643 erit
3130 600 3471 658 transgressae
3519 593 3643 664 legis;

2130 697 2262 750 ergo
2289 690 2345 736 et
2373 682 2468 735 ubi
2501 681 2632 735 ﬁdes
2663 691 2776 744 est,
2830 690 3181 751 transgressa:
3211 682 3332 736 ﬁdei
3379 687 3645 752 praevarica-

2131 775 2208 828 tio
2234 774 2362 828 erit.
2405 772 2462 828 Si
2498 773 2643 828 enim
2677 773 3067 842 praevaricator
3091 772 3322 828 ellicitur
3351 775 3439 840 qui
3460 777 3644 831 declinat

2130 880 2159 918 a
2184 864 2320 934 lege,
2363 865 2480 920 sine
2514 865 2676 919 dubio
2711 873 2765 917 et
2798 863 2888 917 ille
2914 865 3302 932 praevaricator
3332 866 3439 935 (7i)
3481 879 3550 920 est
3576 873 3644 938 qui

2128 958 2365 1013 declinat
2397 973 2426 1012 a
2454 958 2563 1012 .ﬁde
2587 975 2601 1012 :
2626 969 2682 1012 ct
2713 959 2757 1012 si
2787 960 3215 1028 pravaricationi
3249 960 3326 1014 illi
3354 975 3470 1028 quae
3495 961 3538 1014 in
3562 963 3646 1033 lege

2128 1061 2210 1105 est
2241 1049 2324 1103 lex
2357 1051 2470 1120 ipsa
2507 1050 2560 1104 in
2589 1064 2750 1104 causa
2779 1057 2885 1115 est,
2918 1052 3082 1104 etiam
3113 1052 3528 1119 przevaricatioui
3555 1055 3645 1108 huic

2128 1155 2248 1210 qua:
2298 1141 2351 1194 in
2393 1141 2494 1194 ﬁde
2533 1151 2616 1194 est
2665 1140 2800 1196 ﬁdes
2850 1143 2903 1196 iu
2951 1157 3114 1196 causa
3167 1159 3290 1197 esse
3338 1145 3568 1198 creditur.
3605 1146 3645 1200 Si

2128 1246 2260 1286 vero
2303 1231 2415 1302 (72)
2465 1231 2762 1287 absurdum
2793 1242 2878 1287 est
2905 1233 3088 1288 dicere
3115 1233 3243 1304 quia
3279 1233 3410 1289 ﬁdes
3450 1235 3496 1287 iu
3521 1251 3644 1289 causa

2128 1333 2211 1379 est
2242 1333 2299 1378 ut
2329 1325 2451 1394 quis
2485 1325 2875 1394 praevaricetur
2911 1341 2943 1379 a
2974 1325 3077 1381 ﬁde
3096 1366 3112 1390 ,
3143 1335 3197 1380 et
3217 1327 3263 1381 si
3303 1309 3407 1382 non
3438 1331 3648 1383 accessis-

2128 1428 2214 1473 set
2247 1418 2314 1472 ad
2361 1418 2518 1471 ﬁdem
2549 1457 2564 1482 ,
2609 1420 2997 1488 praevaricator
3044 1419 3169 1474 ﬁdei
3215 1434 3323 1472 non
3377 1417 3647 1484 fuisset;ita

2130 1509 2421 1564 absurdum
2447 1511 2550 1564 erit
2570 1511 3072 1580 prtevaricationem
3103 1509 3238 1580 legis
3262 1525 3330 1564 ex
3367 1524 3431 1564 eo
3452 1512 3648 1577 accipere

2129 1595 2272 1663 quod
2321 1598 2620 1665 susceperit
2661 1599 2783 1668 quis
2836 1599 3239 1652 observantiam
3289 1597 3438 1669 legis.
3490 1598 3647 1654 Sedet

2131 1687 2260 1742 illud
2291 1689 2556 1744 addamus
2596 1689 2728 1761 (75).
2771 1690 2911 1756 Quid
2955 1689 3141 1745 dicent
3191 1690 3349 1744 nobis
3392 1693 3455 1745 de
3486 1690 3556 1744 his
3581 1693 3645 1759 qui

2130 1789 2261 1835 ante
2289 1781 2459 1850 legem
2496 1781 2664 1852 Moysi
2697 1783 2751 1835 in
2783 1782 3231 1850 praevaricatione
3261 1779 3389 1835 facti
3418 1781 3565 1836 sunt?
3605 1781 3646 1836 Si

2127 1872 2272 1926 enim
2321 1871 2502 1927 nullus
2555 1882 2681 1927 ante
2740 1873 2958 1944 Moysen
3015 1874 3408 1942 praevaricator
3465 1875 3646 1934 exstitit,

2129 1979 2290 2020 nemo
2318 1965 2714 2020 condemnatus
2748 1974 2851 2029 est,
2889 1981 3048 2019 nemo
3075 1965 3321 2035 punitus.
3359 1963 3488 2032 Quid
3510 1966 3648 2021 dicent

2127 2056 2195 2111 de
2226 2056 2565 2111 Sodomitis?
2612 2057 2739 2126 quid
2787 2058 2854 2112 de
2886 2059 2968 2115 his
2990 2060 3080 2129 qui
3111 2061 3163 2114 in
3209 2061 3414 2115 diluvio
3441 2061 3646 2116 condem-

2128 2148 2240 2203 nati
2301 2151 2465 2203 sunt?
2521 2148 2648 2219 quid
2696 2150 2766 2206 de
2803 2150 2980 2207 Cain?
3035 2153 3180 2222 quid-
3212 2153 3284 2208 de
3329 2153 3444 2223 ipso
3481 2154 3650 2208 Adam?

2129 2241 2260 2311 quid
2289 2242 2354 2295 de
2380 2242 2490 2296 Eva
2521 2244 2946 2312 respondebunt,
2980 2245 3046 2300 de
3074 2260 3183 2314 qua
3208 2245 3493 2314 Apostolus
3516 2246 3646 2299 dicit:

2133 2354 2154 2388 ι
2205 2336 2396 2391 Mulier
2446 2345 2625 2390 autem
2689 2337 2910 2392 seducta
2958 2337 3013 2391 in
3064 2339 3498 2407 praevaricatione
3541 2338 3647 2392 laeta

2127 2437 2212 2481 est
2243 2426 2324 2480 ’°?
2366 2445 2385 2478 ι
2432 2427 2486 2481 Si
2519 2426 2637 2481 sine
2677 2425 2796 2494 lege
2842 2425 3010 2498 Moysi
3056 2443 3161 2482 non
3191 2439 3277 2484 est
3305 2428 3649 2498 praevaricatio,

2130 2518 2273 2572 unde
2306 2517 2513 2580 Adam,
2558 2517 2702 2572 unde
2730 2516 2839 2570 Eva
2873 2519 3326 2587 prmvaricatores
3356 2519 3422 2574 ab
3444 2519 3651 2590 Apostolo

2128 2610 2522 2665 nominantur?
2553 2610 2775 2674 Verum,
2800 2619 2859 2663 ut
2881 2610 3044 2664 etiam
3078 2612 3131 2665 in
3169 2612 3524 2681 superioribus
3544 2627 3650 2678 sepe

2123 2701 2235 2771 jam
2284 2701 2556 2768 diximus,
2593 2700 2837 2756 diversas
2869 2702 2924 2754 in
2958 2702 3061 2756 hac
3105 2701 3348 2772 Epistula
3390 2703 3521 2773 leges
3544 2703 3650 2770 Apo-

2129 2795 2303 2850 stolus
2348 2794 2676 2860 introducit,
2712 2805 2768 2848 et
2808 2810 2951 2850 nunc
2978 2794 3046 2849 de
3089 2795 3208 2864 lege
3239 2795 3408 2867 Moysi
3439 2797 3646 2865 loquitur,

2131 2899 2274 2939 nunc
2311 2883 2481 2954 legem
2526 2883 2649 2938 ﬁdei
2698 2884 2964 2947 nominat,
3001 2883 3142 2939 sicut
3174 2901 3301 2941 cum
3330 2887 3494 2942 dicit:
3526 2904 3542 2936 ι
3574 2885 3647 2940 Ubi

2132 2987 2214 3030 est
2239 2991 2367 3044 ergo
2393 2975 2646 3046 gloriatio
2674 2983 2764 3028 tua
2788 2975 2812 3029 ?
2865 2975 3098 3031 Exclusa
3126 2988 3232 3032 est.
3291 2977 3394 3032 Per
3427 2994 3564 3048 quam
3591 2978 3648 3029 lc-

2130 3068 2292 3138 gem?
2324 3069 2601 3138 Operum?
2639 3073 2792 3140 Non;
2829 3079 2920 3130 sed
2954 3093 3048 3147 per
3073 3079 3247 3148 legem
3284 3079 3405 3134 ﬁdei
3436 3080 3493 3132 “.
3529 3098 3546 3131 ι
3589 3079 3652 3130 ln-

2131 3159 2277 3214 ducit
2300 3172 2564 3228 praeterea
2594 3174 2648 3220 et
2679 3165 2814 3222 alias
2838 3169 3002 3240 leges,
3022 3173 3087 3225 de
3112 3174 3315 3240 quibus
3335 3174 3493 3227 dicit:
3521 3170 3650 3225 (Cou-

2131 3251 2376 3309 delector
2408 3255 2551 3310 enim
2584 3257 2689 3328 legi
2731 3257 2828 3314 Dei
2857 3263 3157 3317 secundum
3187 3264 3491 3319 interiorem
3519 3264 3648 3318 bouu-

2132 3358 2254 3396 nem
2288 3359 2301 3396 :
2339 3345 2495 3400 video
2527 3356 2707 3401 autem
2750 3349 2910 3404 aliam
2946 3351 3118 3422 legem
3158 3353 3214 3408 in
3261 3355 3508 3410 membris
3531 3355 3648 3412 meis.

2131 3448 2522 3504 repugnantem
2557 3439 2661 3507 legi
2694 3442 2891 3496 mentis
2920 3459 3073 3510 mete,
3108 3454 3162 3499 et
3186 3447 3456 3516 captivum
3480 3460 3552 3500 me
3574 3445 3647 3496 du-

2130 3535 2343 3579 centem
2377 3526 2428 3580 in
2461 3529 2578 3597 lege
2609 3534 2818 3600 peccati
2863 3536 2940 3599 “;
2976 3552 2995 3585 ›
3035 3544 3090 3590 et
3135 3537 3211 3590 ita
3255 3539 3323 3591 de
3351 3553 3448 3590 una
3473 3536 3532 3589 ad
3551 3535 3649 3586 alte-

2131 3632 2248 3670 ram
2301 3619 2473 3688 legem
2513 3629 2741 3690 transit,
2783 3635 2842 3679 ut
2887 3628 2990 3681 nisi
3032 3642 3227 3682 sensus
3277 3629 3496 3698 vigilans
3521 3635 3566 3682 et
3591 3627 3649 3678 iu-

2133 3715 2313 3765 tentus
2347 3711 2456 3777 sit,
2496 3714 2904 3784 deprehendere
2944 3736 3072 3776 eum
3102 3731 3155 3775 et
3194 3723 3350 3792 sequi
3396 3723 3478 3776 vix
3501 3719 3646 3791 possil-

2138 3800 2434 3859 Videndum
2465 3817 2548 3862 est
2569 3824 2699 3879 ergo
2722 3826 2790 3865 ne
2813 3811 2952 3867 forte
2972 3813 3061 3868 illa
3092 3814 3177 3867 lex
3205 3831 3326 3882 qua:
3347 3826 3429 3870 est
3455 3815 3502 3869 in
3522 3828 3648 3869 mem-

2131 3897 2246 3954 bris
2277 3903 2478 3956 nostris
2509 3902 2645 3972 (74),
2683 3915 2739 3959 et
2769 3907 3018 3976 captivos
3045 3923 3144 3962 nos
3171 3909 3324 3964 ducit
3355 3910 3408 3965 iu
3436 3910 3537 3980 lege
3557 3921 3648 3976 pec-

2131 3990 2278 4055 cati,
2327 3992 2440 4060 ipsa
2478 3992 2552 4047 sit
2594 3994 2679 4048 lex
2722 4010 2885 4064 quam
2917 3995 3209 4062 Apostolus
3241 3998 3376 4054 iram
3405 3999 3522 4054 dicit
3554 4012 3649 4066 ope-

2131 4084 2266 4137 rari.
2307 4085 2580 4154 Operatur
2607 4087 2755 4141 enim
2789 4090 2908 4144 sine
2931 4089 3098 4144 dubio
3135 4092 3276 4145 iram
3303 4095 3349 4147 ei
3369 4130 3386 4157 ,
3415 4104 3553 4161 quem
3579 4103 3647 4141 ca-

2130 4179 2338 4244 ptivum
2373 4177 2590 4233 duxerit
2623 4180 2676 4234 in
2713 4181 2828 4251 lege
2859 4187 3092 4256 peccati.
3151 4183 3253 4240 Ubi
3285 4196 3462 4239 autem
3485 4184 3554 4237 lex
3575 4181 3648 4234 ista

2132 4285 2239 4324 non
2286 4270 2484 4336 fuerit,
2516 4283 2726 4327 certum
2777 4283 2860 4329 est
2900 4277 3044 4344 quod
3091 4276 3162 4329 ibi
3197 4291 3297 4331 nec
3327 4273 3648 4347 pnevaricatio

2133 4362 2259 4418 erit.
2301 4363 2404 4430 Qui
2433 4379 2560 4418 vero
2594 4367 2695 4420 sub
2733 4365 2837 4420 ista
2880 4366 2997 4436 lege
3022 4367 3258 4435 fuerint,
3311 4374 3649 4436 consequenter

2133 4468 2234 4509 nec
2261 4454 2501 4510 haeredes
2529 4465 2713 4512 erunt.
2773 4457 2926 4524 Quod
2957 4460 3077 4514 etsi
3113 4461 3180 4514 de
3213 4461 3330 4531 lege
3361 4459 3511 4531 Moysi
3539 4471 3649 4512 com-

452 4531 720 4599 sequitur,
759 4550 778 4584 ‹
825 4532 928 4588 Ubi
959 4538 1104 4590 enim
1137 4552 1243 4592 non
1274 4548 1359 4594 est
1412 4540 1522 4608 lex,
1553 4557 1657 4597 nec
1698 4543 2028 4612 praevarica-
2062 4544 2107 4601 D
2139 4549 2436 4600 memorari
2470 4549 2591 4617 quis
2620 4548 2772 4613 velit,
2812 4559 2866 4602 et
2893 4548 3076 4604 dicere
3102 4555 3226 4620 quia
3263 4555 3395 4606 iram
3425 4556 3646 4621 cperatur.

455 4623 548 4678 tio.
562 4644 582 4677 ι
610 4623 717 4679 Sed
735 4627 1048 4695 priusquam
1064 4643 1094 4681 a
1120 4628 1276 4685 nobis
1292 4630 1499 4700 plenior
1516 4632 1826 4702 explanatio
1850 4635 2029 4704 requi-

453 4726 626 4783 ratur,
645 4717 712 4770 ad
735 4717 822 4771 illa
840 4718 1080 4773 breviter
1098 4723 1546 4789 respondeamus,
1565 4739 1686 4792 quae
1709 4726 1777 4781 de
1790 4726 1895 4782 hoc
1909 4727 2028 4784 loco

417 4807 695 4862 ohaeretici
721 4809 878 4864 nobis
897 4808 1072 4865 solent
1096 4811 1416 4868 obtendere.
1445 4814 1613 4869 Aiunt
1633 4818 1806 4872 enim:
1839 4837 1858 4871 ι
1891 4820 2028 4876 Ecce

457 4899 728 4967 quomodo
754 4902 1044 4970 Apostolus
1073 4902 1208 4958 dicit
1237 4904 1362 4972 quia
1405 4905 1491 4960 lex
1525 4906 1698 4978 Moysi
1730 4911 1867 4964 iram
1895 4927 2028 4981 ope-

454 5001 640 5056 ratur,
666 4993 756 5048 ubi
772 5009 901 5050 vero
921 4993 1007 5050 lex
1025 4995 1119 5050 illa
1144 5012 1250 5050 non
1273 4997 1459 5062 fuerit,
1485 4999 1554 5055 ibi
1582 5017 1683 5056 nec
1702 5005 2030 5070 praevarica-

524 5158 548 5190 ⁸
579 5156 735 5213 Rom.
772 5175 846 5225 tv,
906 5159 1012 5229 l4,
1057 5161 1144 5217 l5.
1223 5164 1244 5195 °
1277 5162 1413 5220 Gen.
1450 5181 1550 5234 xu,
1586 5170 1642 5225 1.

525 5308 639 5382 (ιιι)
673 5307 765 5382 l_li.
804 5310 970 5367 Deest
1003 5313 1055 5368 in
1092 5325 1251 5371 antea
1281 5317 1465 5373 editis.

551 5377 642 5447 65)
670 5377 736 5431 Et
757 5391 1032 5439 evacuatu.
1062 5385 1148 5439 Al.
1184 5404 1203 5438 ι
1239 5396 1295 5442 et
1325 5388 1549 5447 abolita.
1584 5412 1604 5447 ι

667 5449 817 5532 Alias
837 5488 853 5513 ,
889 5469 908 5502 ι
939 5453 1046 5508 Sed
1081 5466 1390 5526 repetamus
1414 5459 1661 5519 Paulum.
1705 5482 1726 5517 ι

531 5520 646 5587 (67)
677 5519 819 5573 Editi
854 5537 868 5574 :
904 5539 922 5572 ι
970 5532 1028 5576 ut
1055 5519 1366 5581 evacuetur.
1398 5547 1417 5580 ι

527 5591 641 5658 (68)
668 5587 983 5664 Ms._unus:
1016 5610 1036 5644 ι
1076 5610 1174 5664 per
1209 5598 1336 5653 ﬁdei
1382 5601 1758 5658 credulitatem
1801 5606 2027 5663 meruis-

458 5675 550 5731 sc;
603 5679 622 5711 ι
659 5661 730 5714 al.
766 5661 918 5731 deest
951 5679 970 5711 ι
1008 5661 1121 5731 per.
1165 5685 1184 5718 ι

680 5729 821 5812 Editi
857 5749 871 5784 :
915 5749 933 5782 ι
957 5729 1314 5812 ἱιίιςψςειιιὶα
1349 5738 1484 5812 haec,
1514 5741 1624 5796 dici
1656 5753 1852 5812 potest.
1893 5764 1912 5798 ι

526 5799 640 5872 (70)
675 5799 800 5857 Siue
829 5817 952 5871 qua.
980 5799 1160 5874 Editi,‘
1175 5823 1195 5859 ι
1234 5810 1410 5878 quasi,
1447 5799 1482 5863 ι’
1507 5799 1668 5868 male.

1713 5168 1757 5199 ³⁸
1791 5167 1812 5223 Ι
1841 5169 1982 5226 Titii.
2017 5187 2081 5239 tl,
2118 5173 2204 5228 M.

2133 4653 2232 4708 pro
2276 4653 2343 4692 eo
2385 4637 2638 4694 fortassis
2681 4641 2800 4695 solo
2846 4641 2951 4697 hoc
2997 4645 3199 4713 poterit
3251 4645 3506 4698 alﬁrmare
3545 4640 3649 4712 quod

2135 4737 2448 4798 peccantem
2476 4730 2526 4784 in
2559 4744 2619 4785 se
2647 4731 2760 4800 (75)
2785 4745 2881 4786 aut
2910 4733 3136 4803 lapidari
3161 4738 3438 4802 continuo,
3466 4744 3546 4788 aut
3565 4747 3650 4785 cre-

2138 4822 2274 4875 mari
2324 4822 2538 4891 ignibus
2576 4821 2772 4891 jubet,
2805 4824 2888 4879 vel
2932 4826 2979 4879 si
3011 4827 3153 4896 quod
3187 4827 3329 4881 aliud
3360 4823 3650 4897 peccantibus

2136 4913 2450 4968 decernitur
2500 4915 2551 4968 in
2595 4915 2713 4986 lege
2746 4916 3068 4986 supplicium
3119 4935 3136 4973 :
3175 4927 3233 4973 ut
3258 4934 3413 4990 paena
3441 4920 3542 4988 ipsa
3563 4927 3650 4983 quin

2137 5007 2386 5076 peccanti
2419 5005 2649 5063 infertur
2681 5024 2750 5062 ex
2787 5009 2928 5078 lege,
2960 5011 3038 5064 ira
3072 5027 3215 5066 nunc
3239 5014 3307 5068 ab
3330 5009 3651 5082 Apostolouo—

2303 5173 2343 5205 ¹¹
2378 5171 2536 5228 Rom.
2572 5190 2656 5236 ιιι.
2687 5174 2778 5229 27.
2879 5177 2921 5208 ¹¹
2958 5176 3116 5235 Rom.
3146 5177 3354 5242 "1.22,
3386 5177 3472 5232 25.

2213 5327 2326 5406 (71)
2368 5329 2588 5406 Editi,__t
2622 5331 2982 5406 qui‘decliuat
3014 5348 3043 5386 a
3075 5333 3200 5399 ﬁde,
3230 5345 3284 5390 et
3312 5336 3358 5390 si
3388 5333 3651 5406 praevarica-

2139 5397 2352 5477 tioiiiti
2380 5409 2486 5453 etc.
2528 5397 2692 5477 Multa
2724 5402 2904 5471 itaque
2927 5405 3127 5459 omissa
3153 5397 3309 5461 erant
3332 5397 3446 5477 qua:
3467 5419 3526 5460 ex
3552 5416 3648 5454 mss.

2136 5469 2420 5523 codicibus
2451 5469 2831 5525 restituuntur.

2208 5536 2322 5608 (η)
2359 5538 2530 5601 Alias,
2571 5559 2588 5591 ι
2627 5541 2785 5594 Sicut
2815 5557 2966 5598 vero.
3000 5563 3020 5596 ι

2205 5609 2319 5680 (75)
2357 5610 2539 5679 Alias,
2583 5628 2602 5663 ι
2642 5611 2710 5664 Ει
2759 5612 2890 5668 illud
2933 5615 3216 5685 addimus;
3253 5637 3273 5671 ι
3323 5618 3423 5684 al.,
3461 5633 3480 5667 ι
3523 5612 3648 5667 δύαι·-

2135 5694 2278 5733 Inus.
2315 5698 2335 5730 ι
3261 5715 3266 5720 .

2208 5748 2322 5814 (74)
2359 5749 2527 5816 Alias,
2565 5770 2584 5802 ι
2617 5752 2772 5807 meis.
2809 5771 2827 5803 ι

2207 5819 2320 5890 (75)
2360 5821 2532 5890 Alias,
2569 5840 2589 5875 ι
2624 5835 2938 5893 peccantem
2974 5841 3054 5882 se.
3090 5845 3110 5878 ι
