3784 6534
108 387 194 442 975
1037 381 1391 439 COMMENT.
1430 381 1496 435 IN
1529 379 1747 437 EPIST.
1779 380 1869 466 AD
1904 378 2071 436 ltOM.
2104 380 2230 435 LIB.
2264 380 2354 436 Ν.

3225 389 3330 444 974

107 503 288 555 minata
317 498 594 555 videatur.
641 499 906 556 Similiter
931 510 987 556 et
1017 501 1085 558 de
1106 499 1575 572 przevaricatione,
1602 509 1660 554 ut
1687 505 1736 561 Α
1765 499 1920 568 pulus
1966 501 2110 562 Deo.
2165 511 2220 554 et
2263 500 2434 570 Moysi
2481 501 2682 558 famulo
2728 504 2844 568 eius
2878 507 2956 572 ";
2995 526 3014 560 ι
3048 517 3104 562 et
3132 511 3330 568 iterum

109 610 196 648 non
243 607 467 646 onmem
519 591 1026 661 praevaricationem
1081 595 1406 668 generaliter
1453 594 1506 648 in
1556 594 1659 649 hoc

109 685 211 738 loco
232 685 483 738 adstruat
513 685 855 756 appellatam,
887 686 979 740 sed
1024 687 1140 752 ejus
1161 689 1252 755 qui
1283 689 1336 741 in
1368 687 1490 756 lege
1517 685 1663 757 posi-

107 785 180 828 tus
219 775 524 845 deliquerit
572 792 588 832 :
625 787 684 829 ut
713 777 930 847 gravius
960 777 1216 833 delictum
1258 778 1506 832 videatur
1545 777 1662 846 ejus

107 866 182 930 qui
228 881 323 934 per
359 866 536 937 legem
573 868 875 936 prohibitus
919 879 1107 938 peccat
1151 868 1302 938 (76),
1345 883 1507 940 quam
1546 870 1662 936 ejus

107 958 184 1025 qui
234 957 378 1010 nulla
431 958 599 1012 fuerit
635 959 750 1027 lege
793 960 1175 1014 commonitus.
1215 959 1318 1014 Sed
1347 959 1552 1013 etillud
1583 960 1662 1013 vi-

106 1051 322 1102 dcudum
355 1056 468 1113 est,
500 1050 627 1118 quia
655 1067 759 1106 non
795 1051 934 1104 dixit
959 1051 1250 1119 Apostolus
1278 1052 1419 1119 quod
1450 1050 1540 1104 ubi
1575 1051 1661 1105 lex

107 1140 273 1200 fuerit,
301 1138 374 1192 ibi
402 1147 460 1194 et
486 1139 880 1208 przevariuitio,
900 1142 993 1195 sed
1023 1141 1096 1195 ait
1128 1158 1140 1194 :
1178 1159 1195 1191 ι
1221 1138 1321 1195 Ubi
1349 1156 1526 1195 autem
1556 1153 1660 1195 non

105 1238 178 1282 est
204 1228 311 1290 lex,
344 1245 449 1283 nec
477 1230 856 1299 praevaricatio
877 1230 940 1284 ¹³.
976 1249 995 1282 ι
1035 1229 1092 1284 ln
1120 1245 1226 1301 quo
1252 1231 1488 1286 ostendit
1518 1231 1660 1300 quod

107 1322 469 1390 praevaricatio
508 1323 725 1392 quidem
775 1337 894 1378 esse
923 1323 1143 1378 omnino
1173 1338 1278 1377 non
1311 1324 1520 1392 possit,
1557 1322 1659 1377 nisi

105 1411 176 1464 lex
202 1411 394 1476 fuerit;
432 1427 544 1466 non
580 1420 758 1467 tamen
792 1412 838 1467 si
862 1411 945 1467 lex
979 1411 1068 1476 sit,
1097 1409 1243 1465 omni
1275 1427 1474 1482 genere
1499 1413 1659 1468 etiam

106 1503 474 1570 przevaricatio
517 1503 644 1558 erit.
704 1502 886 1558 Potest
916 1504 1060 1558 enim
1093 1502 1210 1558 ﬁeri
1256 1513 1314 1557 ut
1355 1505 1426 1557 sit
1456 1503 1538 1558 lex
1560 1544 1574 1567 ,
1608 1512 1663 1559 et

107 1591 472 1659 pnevaricatio
519 1607 630 1645 non
676 1591 745 1646 sit
789 1608 804 1648 :
842 1607 945 1646 non
991 1602 1165 1661 potest
1215 1602 1390 1647 tamen
1441 1591 1554 1646 fieri
1602 1601 1662 1646 ut

105 1682 470 1748 pra‘varicatio
498 1682 607 1746 sit,
645 1683 733 1737 ubi
779 1682 863 1737 lex
895 1698 1000 1737 non
1034 1696 1139 1739 est.
1177 1683 1309 1739 Nam
1337 1693 1391 1738 et
1419 1685 1464 1737 si
1496 1683 1660 1754 Moysi

105 1776 260 1844 legem
291 1761 621 1845 ponamus,
647 1789 752 1828 non
800 1775 1055 1829 continuo
1082 1775 1192 1848 (77)
1225 1791 1414 1830 omnes
1438 1776 1528 1846 qui
1560 1777 1661 1832 sub

1765 591 2023 646 Dominus
2045 593 2099 648 in
2127 591 2419 664 Evangelio
2449 595 2594 649 dicat
2623 615 2637 651 :
2677 615 2695 648 ι
2726 597 2782 652 Si
2810 601 3108 656 crederetis
3138 603 3330 675 Moysi.

1760 685 2058 740 crederetis
2104 687 2292 755 utique
2341 695 2396 740 et
2441 686 2570 742 mihi
2625 701 2641 741 :
2688 690 2755 745 de
2784 707 2868 746 me
2897 693 3042 746 enim
3074 694 3163 748 ille
3197 699 3334 752 scri-

1760 774 1868 845 psit
1896 775 1959 829 ¹⁷.
1991 794 2010 828 ι
2042 772 2327 832 Videbitur
2347 777 2492 834 enim
2525 779 2666 835 sicut
2687 783 2752 836 de
2773 797 2832 836 se
2853 783 3011 849 dixit,
3039 787 3164 854 quia
3196 806 3214 839 ι
3241 791 3334 858 qui

1761 868 1932 923 credit
1963 870 2014 922 in
2056 885 2173 933 me,
2201 871 2375 925 credit
2410 880 2462 926 et
2511 874 2562 926 in
2616 887 2740 927 eum
2773 875 2864 945 qui
2896 877 3042 931 misit
3074 894 3157 931 me
3191 880 3269 943 η,
3306 901 3326 932 ι

1763 957 1836 1012 ita
1865 968 1919 1014 et
1945 960 2010 1015 de
2041 958 2224 1032 Moyse
2255 962 2457 1027 dicere,
2491 964 2632 1034 quod
2670 984 2688 1016 ι
2721 966 2766 1020 si
2805 968 3106 1024 crederetis
3135 968 3329 1042 Moysi,

1761 1047 2058 1102 crederetis
2113 1051 2298 1120 utique
2343 1060 2399 1105 et
2431 1051 2585 1106 mihi.
2629 1071 2649 1107 ι
2694 1053 2776 1108 Ad
2805 1056 2946 1126 quod
2981 1059 3333 1126 respondebi-

1761 1153 1902 1200 mus,
1932 1137 2059 1207 quia
2093 1137 2222 1191 illud
2255 1139 2397 1207 quod
2425 1141 2628 1195 dictum
2657 1151 2738 1197 est
2771 1143 2824 1198 in
2861 1145 3074 1200 deserto
3098 1187 3114 1212 ,
3154 1165 3174 1200 ι
3201 1149 3333 1204 Cre-

1761 1227 1898 1283 didit
1924 1229 2152 1299 populus
2183 1228 2315 1296 Deo,
2350 1241 2404 1286 et
2430 1229 2600 1304 Moysi
2630 1233 2829 1289 famulo
2863 1235 2998 1305 ejus,
3033 1255 3050 1288 ι
3089 1242 3331 1296 narratio

1761 1329 1882 1385 est,
1930 1335 2034 1388 qua
2081 1323 2386 1376 ostenditur
2433 1325 2574 1392 quod
2611 1341 2705 1394 per
2734 1325 3103 1382 ministerium
3159 1329 3329 1399 Moysi

1761 1423 1870 1478 quo
1913 1411 2062 1479 signa
2093 1418 2144 1466 et
2172 1411 2440 1466 mirabilia
2480 1414 2843 1480 ministravit,
2875 1419 3104 1487 populus
3146 1423 3327 1476 credi-

1762 1501 1840 1554 dit
1883 1501 1989 1555 Deo
2024 1517 2039 1556 :
2078 1501 2128 1555 in
2176 1503 2278 1557 hoc
2323 1505 2489 1560 verbo
2536 1507 2624 1562 ubi
2677 1509 2840 1576 dicit,
2883 1527 2902 1561 r
2937 1510 2994 1567 Si
3034 1513 3328 1570 crederetis

1762 1589 1954 1661 Moysi,
1988 1591 2280 1648 crederetis
2322 1595 2507 1665 utique
2535 1605 2587 1652 et
2617 1597 2770 1664 mihi,
2804 1617 2825 1650 ι
2879 1602 3059 1671 arguit
3093 1603 3324 1659 infideli-

1766 1689 1928 1736 tatem
1957 1697 2146 1737 eorum
2174 1685 2264 1753 qui
2303 1685 2430 1740 dum
2463 1687 2565 1742 sibi
2596 1705 2701 1744 non
2749 1692 3000 1760 credunt,
3033 1698 3329 1751 ostendunt

1762 1787 1820 1826 se
1852 1787 1956 1828 nec
1995 1773 2165 1845 Moysi
2211 1775 2409 1832 litteris
2435 1781 2658 1835 credere
2690 1781 2744 1836 in
2775 1783 2970 1851 quibus
3003 1786 3069 1840 de
3095 1787 3323 1841 adventu

105 1857 257 1938 Moysi
289 1867 404 1937 lege
435 1867 716 1929 vixerunt,
749 1867 801 1920 in
831 1869 1277 1935 praevaricatione
1321 1867 1447 1922 facti
1479 1875 1607 1920 sunt
1641 1885 1655 1920 τ
1691 1855 1730 1910 Β
1761 1861 1960 1916 Christi
1987 1865 2286 1934 prophetali
2320 1881 2575 1925 sermone
2597 1874 3048 1942 comprehensum
3073 1885 3156 1931 est
3183 1894 3198 1931 :
3235 1878 3325 1933 ubi

105 1958 329 2026 alioquin
360 1957 525 2011 simul
561 1967 615 2010 et
637 1957 969 2026 prophetas,
1005 1967 1060 2011 et
1083 1973 1272 2015 omnes
1305 1955 1482 2024 iustos
1508 1957 1657 2011 vide-

103 2065 214 2102 mur
241 2048 522 2102 involvere
548 2065 562 2101 :
587 2048 690 2102 nisi
716 2047 855 2102 forte
882 2049 1026 2102 dicat
1052 2049 1246 2117 aliquis
1266 2049 1444 2118 justos
1471 2064 1659 2105 omnes

103 2150 150 2193 et
180 2140 466 2208 prophetas
506 2155 614 2194 non
648 2150 753 2193 tam
786 2140 884 2194 sub
920 2140 1072 2210 lege,
1105 2155 1264 2209 quam
1315 2141 1414 2196 sub
1445 2141 1548 2196 fide
1580 2142 1660 2195 vi-

103 2231 264 2294 xisse;
318 2239 644 2297 peccatores
690 2244 819 2284 vero
870 2239 924 2283 et
975 2229 1200 2300 iujustos
1256 2229 1390 2298 legis
1431 2231 1660 2286 vinculis

103 2321 254 2377 luisse
283 2323 638 2388 constrictos,
665 2323 801 2378 sicut
838 2330 892 2377 et
918 2321 1206 2390 Apostolus
1233 2322 1498 2377 dicit”:‘r
1525 2323 1658 2390 Quia

100 2413 229 2479 justo
251 2414 334 2468 lex
369 2430 480 2468 non
527 2423 612 2469 est
638 2414 832 2483 posita,
878 2415 970 2468 sed
1007 2413 1218 2482 injustis
1248 2426 1303 2468 et
1339 2429 1445 2468 non
1478 2414 1662 2469 subdi-

105 2511 192 2571 tis,
237 2509 422 2577 impiis
472 2517 525 2562 et
570 2507 984 2576 peccatoribus,
1034 2508 1280 2562 scelestis
1317 2516 1372 2563 et
1397 2507 1656 2578 profanis,

105 2602 374 2668 patricidis
411 2610 468 2654 et
499 2600 799 2654 matricidis
819 2639 835 2661 ,
864 2600 1186 2661 homicidis,
1217 2599 1657 2662 fornicatoribus,

105 2692 458 2746 masculorum
495 2692 959 2754 concubitoribus,
994 2691 1381 2761 plagiatoribus
1400 2730 1415 2750 .
1441 2691 1661 2744 menda-

105 2786 265 2849 cibus,
296 2783 562 2852 perjuris,
598 2793 652 2837 et
676 2784 721 2837 si
750 2784 880 2852 quid
917 2783 1058 2836 aliud
1105 2797 1248 2837 sanae
1277 2781 1536 2836 doctrina:
1563 2781 1654 2832 ad-

104 2887 361 2930 versatur.
396 2895 416 2927 )
467 2875 622 2940 Quod
654 2874 699 2928 si
729 2875 928 2928 talibus
957 2874 1040 2928 lex
1068 2875 1239 2944 posita
1269 2883 1371 2936 est,
1416 2888 1520 2926 non
1563 2870 1657 2925 tibi

105 2969 256 3023 multo
305 2968 572 3023 meliores
618 2967 694 3021 illi
739 2967 1062 3020 videbuntur
1090 2966 1156 3019 de
1181 2966 1377 3034 quibus
1414 2965 1609 3019 dicitur
1641 2977 1657 3017 :

105 3077 122 3108 ι
150 3058 274 3113 Cum
302 3060 453 3114 enim
487 3067 697 3128 gentes,
740 3072 859 3125 qua!
887 3056 1056 3126 legem
1087 3069 1192 3108 non
1241 3055 1459 3118 habent,
1506 3063 1661 3108 natu-

106 3150 275 3203 raliter
301 3139 592 3218 quae'legis
619 3156 746 3201 sunt
775 3144 1000 3212 faciunt,
1024 3145 1329 3212 hujusmodi
1358 3145 1526 3213 legem
1555 3160 1656 3198 non

103 3240 376 3304 habentes,
409 3239 514 3308 ipsi
545 3237 648 3292 sibi
675 3246 800 3292 sunt
833 3238 941 3315 lex,
971 3237 1061 3306 qui
1105 3237 1399 3291 ostendunt
1424 3250 1558 3304 Opus
1583 3235 1659 3288 le--

102 3332 174 3399 gis
195 3333 462 3402 scriptum
495 3333 551 3383 in
576 3329 831 3384 cordibus
854 3331 985 3390 suis,
1013 3329 1376 3383 testimonium
1404 3327 1660 3381 reddente

98 3424 170 3478 eis
207 3423 548 3478 conscientia
580 3422 646 3473 ¹¹⁶.
681 3439 699 3472 ι
755 3420 820 3474 Et
850 3429 1155 3473 statuamus
1201 3428 1326 3472 ante
1360 3418 1545 3474 oculos
1567 3459 1581 3482 ,
1615 3418 1658 3471 si

103 3519 305 3572 videtur
329 3558 346 3581 ,
388 3518 528 3572 duos
579 3515 816 3583 aliquos,
853 3511 1000 3567 verbi
1031 3512 1203 3581 gratia
1228 3551 1243 3575 ,
1279 3511 1370 3579 qui
1400 3526 1518 3564 cum
1551 3525 1661 3562 ma-

102 3609 250 3663 sculis
284 3624 396 3662 non
445 3606 862 3661 concubuerunt
903 3602 1193 3656 concubitu
1229 3601 1475 3655 muliebri
1505 3600 1656 3670 (78);

103 3715 252 3755 unum
281 3716 350 3754 ex
385 3699 476 3753 his
518 3704 788 3767 praecepto
831 3695 965 3761 legis
1010 3693 1373 3762 prohibitum,
1425 3692 1583 3759 cujus
1615 3691 1658 3746 si

104 3800 293 3844 metum
327 3805 443 3844 non
477 3786 783 3848 habuisset,
816 3784 1047 3838 fortasse
1083 3784 1303 3838 fecisset
1350 3799 1363 3835 :
1414 3791 1468 3836 et
1496 3780 1658 3834 alium

103 3883 181 3949 qui
210 3882 448 3951 propriae
482 3877 682 3933 mentis
721 3874 924 3945 judicio
970 3872 1338 3941 hujuscemodi
1381 3871 1659 3937 contagio-

103 3989 210 4027 nem
239 3988 304 4026 ne
333 3969 700 4040 cogitationes
723 3967 936 4035 quidem
972 3980 1102 4020 suas
1133 3965 1283 4019 adire
1311 3965 1617 4033 permiserit
1642 3980 1658 4016 :

101 4077 260 4117 noune
308 4063 485 4116 multo
519 4059 669 4112 illum
705 4057 963 4125 pneferas
1008 4057 1098 4124 qui
1138 4055 1284 4109 nulla
1317 4055 1449 4125 legis
1492 4055 1660 4108 inter-

101 4153 383 4207 minatione
409 4147 731 4209 deterritus,
767 4147 1061 4200 immunem
1093 4160 1152 4201 se
1181 4163 1210 4200 a
1247 4144 1435 4216 flagitii
1463 4155 1657 4201 conta-

100 4245 385 4298 minatione
457 4238 736 4295 servavit?
792 4238 1058 4292 Similiter
1122 4239 1284 4294 etiam
1337 4239 1402 4291 de
1447 4239 1659 4292 czeteris

100 4337 328 4403 peccatis
359 4335 405 4388 si
440 4334 707 4388 habeatur
728 4345 975 4385 examen.
1005 4330 1068 4383 Et
1092 4331 1210 4386 ideo
1235 4330 1346 4385 sive
1375 4331 1541 4401 Moysi
1573 4331 1658 4384 lex

98 4427 465 4497 intelligatur,
512 4425 629 4478 sive
659 4425 820 4478 etiam
847 4438 909 4476 ea
937 4437 1058 4491 quae
1089 4422 1144 4477 in
1174 4424 1373 4477 nostris
1399 4422 1658 4476 membris

1760 1969 1890 2009 vero
1922 1954 2068 2019 dicit,
2106 1974 2125 2008 α
2159 1957 2260 2024 Qui
2304 1960 2479 2016 credit
2527 1962 2579 2015 in
2614 1979 2722 2031 me,
2765 1967 2937 2022 credit
2984 1968 3038 2022 in
3078 1983 3197 2023 eum
3231 1971 3324 2040 qui

1761 2042 1905 2096 misit
1929 2059 2032 2105 me,
2066 2063 2088 2098 ι
2126 2060 2274 2116 spem
2304 2049 2636 2106 credentium
2669 2053 2844 2108 elevat
2875 2073 3043 2125 usque
3067 2059 3133 2112 ad
3157 2061 3321 2115 Deum

1759 2131 1999 2200 Patrem,
2019 2147 2075 2191 ut
2101 2137 2241 2192 sicut
2270 2139 2392 2209 quis
2417 2155 2541 2196 cum
2571 2143 2720 2199 videt
2749 2145 2858 2220 (79)
2888 2147 3102 2218 Filium,
3123 2127 3323 2210 vidisse

1761 2237 1820 2277 se
1849 2224 1984 2278 sciat
2008 2235 2059 2279 et
2084 2224 2302 2283 Patrem
2335 2231 2414 2294 ‘9,
2453 2232 2521 2285 ita
2555 2248 2676 2288 cum
2724 2239 2897 2292 credit
2935 2237 3110 2307 Filio,
3147 2245 3323 2299 credi-

1761 2314 1903 2369 disse
1936 2329 1994 2370 se
2018 2315 2130 2388 (80)
2154 2319 2290 2374 sciat
2315 2328 2367 2375 et
2393 2320 2560 2378 Patri.

1832 2405 1887 2463 5.
1935 2427 1953 2459 ι
1991 2407 2114 2464 ldeo
2150 2425 2217 2463 ex
2245 2412 2368 2477 fide,
2395 2421 2454 2466 ut
2483 2415 2776 2470 secundum
2809 2421 3039 2486 gratiam
3069 2422 3223 2478 firma
3255 2427 3327 2481 sit

1763 2499 2048 2564 promissio
2091 2499 2236 2555 omni
2292 2503 2521 2566 semini,
2563 2520 2667 2560 non
2713 2506 2762 2560 ei
2792 2507 2904 2578 (81)
2938 2511 3080 2579 quod
3109 2527 3175 2566 ex
3208 2511 3325 2581 lege

1761 2601 1842 2642 est
1868 2599 2098 2655 tantum,
2135 2593 2230 2646 sed
2261 2593 2381 2647 etei
2416 2593 2526 2664 (82)
2551 2597 2693 2663 quod
2730 2610 2795 2651 ex
2831 2599 2933 2652 fide
2957 2611 3038 2655 est
3068 2602 3322 2670 Abrahre,

1761 2683 1850 2747 qui
1887 2690 1971 2735 est
1997 2689 2150 2750 pater
2171 2683 2411 2736 omnium
2452 2695 2696 2738 nostrum
2724 2687 2886 2753 (sicut
2909 2690 3165 2759 scriptum
3201 2703 3322 2748 est:

1761 2772 1896 2838 Quia
1930 2783 2136 2842 patrem
2173 2775 2461 2828 multarum
2496 2776 2735 2846 gentium
2761 2780 2908 2846 posui
2941 2781 3014 2853 te)
3047 2792 3172 2837 ante
3199 2799 3322 2840 eum

1761 2865 1845 2915 cui
1879 2864 2110 2919 credidit
2143 2864 2257 2934 (8'5)
2291 2865 2455 2920 Deum
2477 2906 2491 2931 ,
2545 2868 2635 2936 qui
2683 2870 2917 2923 vivilicat
2965 2881 3242 2939 mortuos,
3270 2885 3325 2926 et

1761 2967 1918 3010 vocat
1940 2970 2001 3010 ea
2027 2971 2146 3026 quae
2180 2973 2284 3011 non
2317 2968 2473 3022 sunt,
2507 2967 2761 3030 tanquam
2794 2978 2854 3016 ea
2885 2979 3006 3032 quae
3034 2976 3161 3019 sunt
3191 2965 3257 3022 ³⁸.
3301 2985 3318 3016 ι

1762 3047 1818 3101 1η
1874 3047 2246 3117 superioribus
2293 3049 2693 3106 distinctionem
2759 3053 2906 3108 dedit
2953 3057 3218 3112 mercedis
3269 3069 3325 3112 et

1762 3139 1967 3206 gratiae,
2006 3139 2193 3192 dicens
2221 3141 2524 3194 mercedem
2550 3157 2662 3196 rem
2707 3142 2869 3196 debiti
2904 3158 3058 3208 esse;
3096 3148 3322 3215 gratiam

1764 3241 1942 3284 autem
1975 3231 2172 3286 nullius
2201 3246 2319 3286 esse
2351 3233 2517 3288 debiti
2537 3272 2552 3297 ,
2578 3233 2670 3288 sed
2703 3234 3087 3289 benevolentia:
3117 3238 3321 3292 benefi-

1763 3321 1927 3373 cium.
1989 3321 2052 3375 Et
2099 3323 2150 3376 in
2185 3323 2435 3390 przescnti
2481 3339 2610 3394 ergo
2660 3325 2780 3379 loco
2813 3330 3103 3383 Ostendcre
3141 3331 3325 3386 volens

1762 3411 1930 3465 Deum
1975 3413 2340 3468 haereditatem
2393 3417 2812 3485 promissionum
2864 3435 2970 3474 non
3025 3437 3090 3476 ex
3121 3422 3325 3486 debito,

1762 3505 1857 3558 sed
1888 3521 1982 3574 per
2011 3507 2238 3574 gratiam
2282 3507 2413 3562 dare
2434 3547 2450 3570 ,
2503 3508 2632 3563 dicit
2674 3510 2800 3579 quia
2851 3510 3140 3568 baereditas
3163 3530 3189 3566 a
3219 3515 3326 3570 Deo

1765 3595 1848 3647 bis
1872 3595 1964 3663 qui
1997 3600 2257 3662 credunt,
2290 3612 2395 3651 non
2426 3611 2490 3650 ex
2529 3600 2794 3654 mercedis
2830 3601 3046 3668 debito,
3079 3605 3170 3658 scd
3206 3606 3326 3660 fidei

1763 3703 1986 3742 munere
2013 3688 2359 3743 concedatur.
2419 3687 2578 3743 Sicut
2617 3694 2760 3745 enim
2791 3691 2871 3762 (ut
2899 3697 3128 3764 exempli
3163 3713 3326 3751 causa

1763 3778 2014 3849 dixerim)
2052 3781 2154 3834 hoc
2179 3781 2319 3849 quod
2368 3781 2708 3836 subsistimus
2757 3798 2862 3838 non
2894 3796 3072 3854 potest
3103 3789 3325 3860 intelligi

1762 3871 1914 3940 quasi
1953 3871 2065 3941 (84)
2106 3886 2170 3926 ex
2212 3873 2392 3942 operis
2433 3875 2601 3927 nostri
2649 3879 2894 3930 mercede
2945 3881 3325 3951 subsistamus,

1762 3964 1855 4018 sed
1891 3963 2172 4018 evidenter
2203 3963 2290 4017 Dei
2340 3980 2536 4019 munus
2569 3976 2649 4019 est
2677 3968 2817 4034 quod
2851 3985 3069 4034 sumus,
3121 3983 3175 4026 et
3200 3991 3324 4043 gra-

1764 4057 1835 4111 tia
1857 4054 2161 4111 Conditoris
2182 4096 2198 4121 ,
2241 4057 2330 4124 qui
2369 4071 2490 4112 esse
2516 4073 2612 4111 nos
2639 4059 2805 4112 voluit
2837 4078 2851 4114 :
2890 4062 2961 4116 ita
2992 4073 3044 4118 et
3077 4065 3122 4119 si
3153 4068 3326 4122 hare-

1763 4147 1984 4202 ditatem
2014 4147 2430 4217 promissionum
2463 4148 2553 4203 Dei
2581 4151 2854 4219 capiamus
2873 4193 2889 4217 ,
2922 4155 3115 4210 divinae
3140 4161 3327 4227 gratia:

1763 4246 1866 4298 est,
1901 4253 2006 4290 non
2038 4237 2262 4304 alicujus
2295 4238 2461 4292 debiti
2493 4250 2584 4292 aut
2608 4242 2786 4309 operis
2823 4259 3049 4300 merces.
3095 4247 3245 4313 Quod
3281 4251 3328 4304 si

1763 4327 1903 4382 forte
1923 4327 2168 4381 videatur
2198 4327 2299 4381 hoc
2335 4324 2506 4396 ipsum
2539 4330 2682 4397 quod
2711 4331 2908 4386 dicitur
2938 4351 3002 4387 ex
3039 4333 3172 4398 fide,
3221 4354 3326 4392 uon

1763 4436 1884 4476 esse
1909 4421 2108 4490 gratis,
2145 4421 2339 4490 quippe
2387 4421 2432 4475 si
2478 4421 2751 4477 offerenda
2800 4427 2871 4479 sit
2912 4426 3046 4482 fides
3081 4431 3230 4496 prius
3264 4431 3328 4485 ab

97 4529 189 4581 est,
216 4529 272 4572 et
293 4520 440 4573 iram
471 4525 750 4585 operatur,
773 4530 878 4568 non
903 4523 1128 4582 possunt
1154 4515 1247 4583 qui
1269 4529 1336 4568 ex
1366 4514 1482 4584 ipsa
1509 4521 1657 4576 sunt,
1691 4531 1736 4585 ι)
1764 4515 2002 4576 homine,
2031 4523 2086 4566 et
2115 4514 2183 4566 ita
2212 4527 2239 4564 a
2275 4511 2382 4566 Deo
2407 4516 2580 4582 gratia
2605 4519 2965 4585 promerendo
3001 4538 3014 4573 :
3045 4521 3166 4574 audi
3191 4539 3325 4590 quu-

96 4611 324 4666 haeredes
353 4624 486 4664 esse
508 4650 524 4670 .
563 4607 658 4661 sed
686 4605 758 4660 illi
787 4607 874 4675 qui
908 4615 1035 4659 sunt
1063 4621 1128 4660 ex
1160 4607 1276 4677 lege
1302 4606 1420 4660 fidei
1448 4623 1462 4659 :
1496 4603 1661 4674 528

97 4701 207 4757 ﬁdei
238 4711 423 4756 autem
458 4696 604 4752 illius
638 4712 704 4753 ex
729 4713 833 4766 qua
874 4695 1200 4765 justifieatus
1247 4705 1330 4750 est
1365 4696 1658 4750 Abraham.

95 4793 191 4846 Sed
225 4793 464 4848 fortasse
503 4791 749 4856 requirat
794 4789 994 4859 aliquis
1046 4789 1314 4856 quomodo
1343 4803 1445 4841 non
1487 4797 1540 4839 et
1570 4786 1660 4855 qui

96 4883 186 4936 sub
222 4883 342 4954 lege
375 4883 552 4955 Moysi
606 4890 722 4941 est.
772 4885 872 4934 sub
921 4879 1037 4947 lege
1085 4879 1207 4932 fidei
1241 4892 1362 4932 esse
1393 4876 1659 4942 videatur,

95 4991 208 5029 cum
243 4977 513 5046 scriptum
545 4975 618 5029 sit
662 4973 714 5026 in
743 4971 929 5026 Exodo
965 4989 977 5025 :
1018 4989 1039 5023 ι
1069 4970 1309 5025 Credidit
1357 4979 1536 5022 autem
1563 4983 1660 5037 po-

159 5113 202 5144 ²³
228 5115 393 5169 Rom.
417 5128 494 5174 tv.
529 5112 617 5166 15.
692 5110 736 5142 ³⁵
767 5109 786 5163 l
817 5109 956 5166 Tim.
983 5125 1022 5165 ι.
1054 5111 1110 5171 9.
1143 5110 1230 5164 10.

94 5197 185 5248 xu,
230 5186 324 5238 44.
432 5184 475 5214 ¹⁹
509 5181 670 5236 Joan.
705 5196 816 5242 xw,
848 5183 902 5235 9.
1001 5179 1045 5211 ³⁸
1082 5181 1238 5234 Rom.
1277 5193 1352 5244 tv,
1381 5178 1468 5242 16,
1503 5176 1592 5230 17.

156 5300 268 5374 (1(3)
309 5299 480 5374 Editi,
518 5316 538 5348 ι
573 5299 891 5366 prohibetur
917 5305 972 5374 et
1001 5305 1210 5374 peccat.
1244 5314 1262 5346 ι
1319 5363 1351 5374 Α
1395 5365 1406 5374 ι
1465 5361 1494 5374 η

157 5363 268 5439 (Π)
313 5371 406 5423 Sic
458 5363 654 5439 omnes
702 5382 872 5439 mss.,
923 5363 1184 5439 [tabanus
1220 5375 1275 5419 et
1317 5363 1658 5418 Salodiauus.

94 5433 282 5493 Caéteri
305 5453 440 5494 vero
471 5437 628 5502 editi,
666 5455 685 5488 ι
704 5435 817 5490 Non
845 5436 946 5490 etsi
973 5433 1142 5505 Moysi
1173 5437 1346 5504 legem
1377 5446 1661 5504 ponamus,

93 5510 370 5570 continuo,
402 5527 422 5558 ι
464 5515 575 5561 etc.

155 5577 270 5647 (78)
313 5578 389 5631 Ita
434 5577 735 5639 Rabanus;
777 5575 907 5647 editi
953 5590 1084 5630 vero
1117 5584 1194 5647 _et
1242 5589 1373 5627 mss.
1421 5572 1660 5647 nitidam,

99 5665 112 5692 ι
147 5643 257 5700 ιίοιί
307 5648 575 5716 petierint
630 5644 974 5716 concubitum
1024 5645 1363 5716 muliebrem.
1400 5661 1416 5692 ι
1473 5643 1659 5696 Ca‘terf

95 5732 214 5769 mss.
254 5712 456 5779 nostri,
499 5735 518 5766 ι
555 5729 662 5784 non
692 5715 1116 5784 concupiverunt
1151 5735 1167 5765 ι
1200 5712 1320 5784 [al.,
1360 5731 1378 5764 ι
1401 5728 1519 5775 (non
1544 5728 1662 5766 cono

94 5786 383 5847 cupierintl
417 5783 773 5841 concubitum
803 5782 1142 5837 muliebrem.
1185 5803 1202 5834 ›

1308 5109 1351 5140 ¹³
1380 5107 1533 5160 Rom.
1573 5121 1634 5173 ιι,
1670 5107 1759 5170 Η,
1795 5107 1883 5160 15.
1980 5107 2022 5136 ³⁸
2051 5107 2123 5158 Ex

1308 5178 1468 5231 v.16.
1503 5176 1592 5230 17.
1693 5178 1735 5207 ²¹
1768 5175 1936 5231 lCor.
1961 5190 2064 5231 xu.
2089 5174 2123 5226 8

1854 5191 1936 5232 Ol'.
1961 5190 2064 5239 XII,
2089 5190 2144 5226 δ.

1763 4606 1921 4658 modo
1957 4606 2009 4657 in
2055 4603 2177 4658 aliis
2205 4605 2369 4658 etiam
2405 4605 2470 4658 de
2502 4605 2604 4660 hoc
2639 4606 2777 4660 idem
2806 4609 3100 4676 Apostolus
3147 4613 3326 4668 docet.

1763 4695 1969 4749 Etenim
2021 4694 2109 4748 ubi
2153 4708 2434 4750 enumerat
2479 4699 2617 4751 dona
2665 4699 2905 4766 Spiritus
2930 4701 3010 4762 “,
3045 4717 3162 4769 qua:
3199 4703 3324 4754 dicit

1759 4785 2059 4838 secundum
2092 4800 2398 4839 mensuram
2436 4787 2554 4840 fidei
2579 4788 2928 4842 credentibus
2953 4789 3101 4850 dari,
3142 4789 3211 4841 ibi
3249 4791 3324 4842 iu.

1761 4884 1841 4928 ter
1871 4885 2068 4928 caetera
2105 4876 2280 4928 etiam'
2304 4877 2498 4928 donum
2533 4877 2652 4930 fidei
2699 4879 2894 4931 asserit
2939 4893 3035 4948 per
3065 4879 3323 4946 Spiritum

1762 4975 2004 5020 sanctum
2049 4966 2232 5020 tribui.
2290 4966 2417 5022 Post
2468 4967 2631 5020 multa
2661 4983 2893 5036 namque
2945 4973 3016 5023 ita
3065 4973 3228 5022 etiam
3263 4972 3329 5024 de

2588 5103 2629 5136 "
2660 5102 2817 5158 Joau.
2849 5118 2902 5169 ν,
2933 5104 3021 5156 46.
3098 5104 3140 5136 ¹⁸
3169 5103 3324 5160 Joan.

1980 5105 2022 5136 “
2051 5105 2221 5159 Exod.
2247 5119 2361 5169 xxv,
2401 5104 2495 5157 51.

1985 5289 2158 5362 ᾼΙὶῡξ,
2189 5305 2208 5338 r
2243 5289 2330 5362 qui
2363 5286 2524 5338 videt.
2560 5305 2582 5337 ι

1828 5353 1942 5425 (80)
1981 5359 2071 5413 Se.
2109 5353 2273 5412 Deest
2293 5359 2344 5408 iu
2377 5366 2534 5409 antea
2560 5353 2742 5410 editis.

1853 5427 1942 5494 81)
1981 5429 2149 5491 A'lias,
2193 5445 2210 5477 ι
2248 5427 2362 5494 qui.
2405 5443 2423 5476 ι

1855 5501 1943 5563 82)
1985 5498 2152 5558 Alias,
2194 5513 2213 5546 ι
2249 5496 2362 5563 qui.
2401 5513 2417 5542 ι

1831 5564 1941 5639 (85)
1979 5567 2147 5632 Alias,
2183 5576 2349 5620 «aute
2376 5564 2541 5618 Deum
2567 5566 2652 5619 cui
2686 5564 2962 5620 credidisti
2986 5566 3146 5633 "ab,
3183 5580 3333 5624 «cre-

1762 5639 1918 5692 didit.
1950 5656 1968 5687 ι

1835 5709 1944 5775 (8.4)
1985 5704 2121 5757 Editi
2153 5715 2219 5785 _c.t
2252 5720 2384 5760 mss.
2418 5703 2618 5774 plures,
2661 5727 2676 5757 ι
2713 5709 2837 5776 quia
2872 5727 2914 5760 ι.
2951 5705 3166 5761 [lectius
3200 5721 3334 5764 mss.

1766 5795 1920 5838 unus,
1957 5797 1974 5826 ι
2011 5792 2184 5838 quasi.
2220 5795 2237 5825 ι
