3754 6532
490 399 558 455 ’ἲὸ

1955 379 2282 438 ORIGENIS

3562 378 3639 434 976

448 524 558 576 'lmc
602 518 732 574 dicit
764 536 778 573 ε
821 536 839 567 ί
881 517 981 572 Alii
1031 515 1162 570 “('88
1210 515 1261 568 Ῐη
1310 514 1496 568 “idem
1549 509 1751 580 simil"
1788 511 1830 541 "
1863 523 1878 562 ε
1921 527 1938 560 ³
1976 517 2032 562 ιιι
2059 514 2105 570 Α
2135 522 2299 575 corde
2331 529 2517 575 nostro
2549 517 2818 586 descripta
2851 525 2997 584 sunt,
3047 516 3188 571 sicut
3228 515 3367 568 idem
3402 517 3504 586 ipse
3529 522 3637 587 Apo.

453 613 706 668 Ostendat
738 610 863 680 quia
895 609 1062 664 etiam
1089 609 1220 662 lides
1253 623 1348 678 per
1374 606 1604 676 gratiam
1631 605 1808 658 datur.
1837 601 1943 655 Sed
1973 611 2026 654 et

453 703 582 756 alibi
636 702 777 758 idem
826 700 1114 772 Apostolus
1162 699 1322 753 docet
1367 699 1593 754 dicens:
1637 715 1655 747 t
1683 695 1819 762 Quia
1855 711 1884 749 a
1916 695 2026 748 Deo

453 795 610 848 vobis
637 795 818 848 datum
845 803 928 848 est
956 807 1063 846 non
1093 791 1267 846 solum
1293 798 1351 843 ut
1377 788 1615 844 credatis
1647 787 1698 841 in
1725 787 2024 850 Christum,

455 888 548 941 sed
576 889 740 943 etiam
781 897 840 940 ut
872 884 1150 956 patiamini
1186 899 1283 953 pro
1311 883 1399 937 illo
1429 880 1495 935 ’³.
1533 899 1552 933 ι
1593 878 1807 933 lnveuis
1840 880 1944 932 hoc
1972 886 2027 931 et

457 981 509 1034 in
545 980 850 1050 Evangeliis
897 977 1206 1048 designari,
1251 975 1338 1029 ubi
1389 974 1616 1042 apostoli
1661 973 2025 1040 intelligeutcs

455 1072 598 1142 quod
642 1087 703 1126 ea
753 1087 871 1139 qum
897 1087 960 1125 ex
991 1072 1213 1125 homine
1247 1081 1322 1124 est
1362 1070 1528 1132 ﬁdes,
1565 1083 1668 1120 non
1703 1076 1878 1136 potest
1907 1079 2027 1120 esse

452 1164 717 1232 perfecta,
740 1164 842 1217 nisi
876 1164 1053 1218 addita
1081 1164 1242 1217 fuerit
1267 1163 1432 1217 etiam
1459 1177 1521 1216 ea
1553 1177 1672 1230 quae
1694 1175 1757 1214 ex
1791 1160 1897 1213 Deo
1921 1167 2025 1222 est,

454 1257 644 1310 dicunt
671 1255 736 1309 ad
762 1253 1094 1309 Salvatorem
1128 1272 1140 1307 :
1180 1273 1198 1307 ι
1228 1253 1381 1325 Auge
1427 1251 1581 1308 nobis
1606 1251 1764 1305 ﬁdem
1800 1249 1864 1304 “.
1895 1268 1914 1300 ι
1949 1248 2026 1302 Ex

453 1346 649 1414 quibus
675 1344 930 1400 omnibus
955 1344 1300 1413 apertissime
1342 1345 1729 1412 comprobatur
1759 1341 1903 1411 quod
1939 1341 2028 1395 hic

452 1437 589 1493 dicit
611 1436 902 1506 Apostolus
932 1452 947 1490 :
991 1455 1009 1487 ι
1046 1435 1169 1490 Ideo
1212 1451 1277 1488 ex
1311 1435 1442 1498 ﬁde,
1480 1443 1538 1488 ut
1569 1432 1866 1488 secundum
1897 1447 2026 1501 gra-

450 1531 584 1584 tiam
617 1529 769 1584 ﬁrma
803 1529 873 1584 sit
902 1529 1188 1598 promissio
1213 1529 1258 1560 ”
1291 1547 1304 1582 :
1349 1547 1368 1580 ι
1401 1528 1530 1596 quia
1562 1527 1724 1581 etiam
1752 1525 1886 1580 ﬁdes
1911 1525 2032 1594 ipsa

453 1639 558 1689 qua
596 1623 822 1678 credere
859 1622 1110 1676 videmur
1143 1621 1289 1684 Deo,
1336 1621 1478 1675 dono
1523 1618 1576 1672 in
1637 1617 1792 1673 nobis
1840 1618 2027 1685 gratia:

453 1713 834 1766 conﬁrmatur.
898 1712 1023 1766 llaec
1051 1720 1232 1764 autem
1270 1719 1352 1765 est
1380 1709 1553 1780 gratia
1583 1723 1746 1778 quam
1781 1707 2026 1762 invenire

453 1805 593 1860 sicut
643 1807 956 1859 thesaurum
993 1818 1246 1875 maguum
1298 1811 1537 1858 meretur
1587 1803 1632 1856 si
1681 1803 1805 1872 quis
1839 1803 2026 1858 beatus

453 1909 538 1953 est
563 1899 630 1950 υ.
694 1897 844 1952 Hauc
891 1898 1101 1951 invenit
1135 1895 1276 1962 Noe;
1313 1903 1369 1951 et
1397 1895 1518 1949 ideo
1564 1895 1824 1966 scriptum
1850 1895 2026 1948 estde

454 2004 520 2043 eo
548 2007 562 2042 :
601 2007 619 2040 ι
651 1987 764 2042 Noe
793 1999 973 2044 autem
1004 1988 1212 2042 invenit
1250 1987 1480 2059 gratiam
1520 1987 1572 2041 in
1602 1986 1891 2058 conspectu
1921 1987 2026 2042 Do-

457 2081 587 2134 mini
620 2079 712 2135 Dei
742 2081 810 2133 ".
849 2099 868 2132 ι
904 2078 1054 2134 Hanc
1105 2079 1386 2134 invenerat
1436 2079 1663 2150 gratiam
1694 2087 1749 2133 et
1779 2078 2023 2150 Moyses;

455 2181 509 2225 et
541 2171 662 2224 ideo
694 2170 904 2224 dicebat
934 2170 1000 2223 ad
1028 2169 1194 2223 Deum
1250 2184 1265 2221 :
1321 2185 1340 2220 ι
1374 2167 1432 2222 Si
1480 2168 1662 2222 inveni
1705 2169 1935 2237 gratiam
1972 2167 2024 2221 in

451 2271 744 2332 conspectu
784 2271 874 2316 tuo
904 2261 971 2314 ⁸⁸.
1007 2279 1027 2312 ι
1076 2259 1390 2315 Invenimus
1443 2269 1621 2314 tamen
1659 2259 1866 2328 aliquos
1898 2275 2029 2314 san.

453 2366 667 2409 ctorum
687 2394 704 2418 ,
735 2368 842 2408 non
871 2353 1044 2408 solum
1093 2353 1146 2407 in
1178 2360 1474 2421 conspectu
1508 2350 1719 2405 Domini
1750 2351 1841 2405 Dei
1876 2351 2026 2405 inve-

457 2448 602 2501 uisse
648 2447 914 2516 gratiam,
961 2445 1055 2500 sed
1105 2445 1272 2508 etiam
1305 2445 1356 2500 in
1385 2453 1677 2514 conspectu
1724 2443 2022 2499 hominum.

457 2538 695 2606 Denique
719 2537 785 2592 de
814 2536 978 2592 beato
1007 2534 1206 2604 Ioseph
1255 2535 1515 2604 scriptum
1559 2543 1638 2590 est
1671 2552 1684 2588 :
1725 2552 1743 2586 ι
1782 2533 1849 2588 Ει
1874 2533 2026 2588 inve-

453 2631 534 2684 nit
574 2629 771 2696 Joseph
818 2628 1052 2697 gratiam
1108 2628 1160 2682 in
1214 2637 1503 2696 conspectu
1534 2625 1736 2681 domini
1766 2626 1849 2682 sui
1886 2626 1952 2681 ”.
1999 2643 2020 2678 ι

455 2720 562 2776 Sed
593 2721 694 2774 ista
729 2720 902 2791 gratia
935 2735 1056 2788 qua:
1104 2719 1156 2774 in
1187 2727 1478 2788 conspectu
1509 2718 1785 2774 hominum
1815 2717 2025 2772 iuveni-

456 2822 575 2876 tur,
629 2813 736 2865 Deo
773 2810 1038 2878 largiente
1070 2810 1411 2864 conceditur.
1452 2810 1542 2864 Sic
1587 2809 1730 2864 enim
1763 2810 2023 2879 scriptum

453 2914 538 2958 est
580 2902 646 2956 de
686 2901 873 2956 eodem
901 2899 1098 2970 Joseph
1129 2918 1144 2955 :
1184 2919 1203 2953 ι
1237 2901 1303 2955 Et
1330 2910 1451 2956 erat
1494 2902 1752 2957 Dominus
1779 2916 1902 2955 cum
1929 2897 2024 2954 Jo-

452 2994 614 3062 seph,
648 3003 702 3046 et
731 2990 925 3047 infudit
957 3007 1122 3062 super
1144 3007 1266 3047 eum
1305 2993 1761 3059 misericordiam,
1794 3001 1850 3047 et
1873 2992 2025 3048 dedit

453 3084 529 3136 illi
575 3083 808 3153 gratiam
861 3083 913 3136 in
958 3093 1251 3152 conspectu
1291 3084 1553 3154 principis
1599 3082 1843 3138 carceris
1890 3083 1955 3138 ³ο.
1999 3101 2021 3135 ι

2130 615 2300 670 stolus
2349 614 2598 668 minister
2646 608 2810 682 hujus
2853 613 3038 681 gratia:
3074 612 3126 665 in
3162 611 3282 664 aliis
3311 611 3562 681 designat,
3599 627 3638 670 et

2130 707 2307 762 dicit':
2345 723 2364 756 ι
2405 704 2642 774 Epistola
2691 715 2876 758 nostra
2928 717 3024 756 vos
3072 703 3226 765 estis,
3277 701 3518 772 inscripta
3561 721 3636 758 non

2129 807 2455 862 atramento,
2476 797 2568 852 sed
2591 797 2800 864 Spiritu
2827 795 2918 851 Dei
2946 794 3090 858 vivi;
3130 810 3234 848 non
3259 793 3314 847 in
3349 793 3524 848 tabu!is
3543 795 3639 867 lapi-

2129 891 2266 955 dcis,
2293 890 2386 944 sed
2425 891 2475 943 in
2515 889 2713 943 tabulis
2745 889 2928 942 cordis
2963 886 3272 941 carnalibus
3296 885 3363 941 ³⁸.
3403 905 3422 938 ι
3475 888 3574 949 deo,
3599 901 3639 942 ut

2131 983 2260 1036 tuihi
2303 983 2539 1043 videtur,
2595 979 2842 1033 ﬁrmiora
2878 977 3022 1045 dicit
3053 993 3116 1030 ea
3165 993 3286 1046 qute
3328 992 3420 1045 per
3461 981 3637 1048 gratiam

2129 1090 2290 1143 quam
2320 1088 2381 1128 ea
2410 1089 2529 1141 quae
2556 1088 2619 1125 ex
2648 1071 2760 1141 lege
2783 1080 2930 1135 sunt,
2964 1071 3090 1140 quia
3123 1069 3209 1122 illa
3234 1080 3388 1124 extra
3421 1087 3506 1124 nos
3530 1083 3638 1135 sunt,

2129 1174 2182 1217 et
2213 1163 2330 1217 ltzec
2373 1162 2512 1215 intra
2547 1177 2646 1215 nos
2679 1179 2692 1214 :
2726 1171 2780 1215 et
2817 1161 2903 1214 illa
2943 1160 2996 1214 in
3024 1159 3199 1230 fragili
3233 1160 3454 1212 materia
3503 1163 3638 1214 consi-

2131 1263 2304 1319 stuut,
2359 1253 2429 1307 ita
2474 1263 2532 1305 ιιι
2574 1252 2730 1307 facile
2781 1253 2993 1322 possint
3041 1251 3357 1306 exolescere
3387 1273 3398 1306 :
3425 1253 3523 1306 lttec
3546 1268 3640 1307 vero

2129 1347 2220 1402 Dei
2248 1346 2451 1418 Spiritu
2487 1347 2775 1416 inscripta,
2800 1357 2854 1400 et
2887 1347 2939 1400 in
2980 1347 3172 1400 anima:
3203 1347 3550 1415 penetralibus
3571 1347 3642 1399 im-

2129 1451 2343 1504 pressa,
2381 1436 2697 1490 ﬁrmitatem
2723 1437 3099 1508 perpetuitatis
3137 1438 3433 1508 obtineant.
3476 1438 3640 1493 Talibus

2128 1541 2256 1596 ergo
2276 1527 2469 1582 litteris
2489 1507 2868 1598 promissionis
2882 1507 3199 1584 inscribitur
3209 1529 3390 1582 anima
3405 1543 3510 1597 qute
3524 1529 3639 1583 ﬁdem

2127 1635 2276 1673 suam
2298 1621 2408 1674 Deo
2437 1621 2582 1674 velut
2608 1636 2763 1675 ceras
2784 1620 3044 1676 obtulerit
3068 1631 3401 1691 praparatas
3417 1622 3535 1691 (85),
3550 1624 3638 1676 utin

2128 1713 2216 1767 his
2245 1711 2534 1784 Dei’gratia
2563 1714 2852 1782 dignanter
2883 1714 3056 1782 possit
3079 1713 3413 1768 inscribizet
3451 1714 3550 1768 ideo
3571 1716 3641 1768 hu-

2125 1804 2367 1870 iusmodi
2419 1808 2552 1860 ﬁdes
2590 1815 2872 1874 reputatur
2913 1808 2978 1859 ad
3031 1805 3340 1875 justitiam,
3383 1822 3493 1877 qua:
3517 1822 3639 1874 rapax

2131 1899 2320 1966 gratia:
2345 1897 2588 1953 caelestis
2619 1899 2910 1953 exstiterit.
2948 1897 3062 1952 Hoc
3095 1907 3280 1952 autem
3314 1899 3555 1969 contingit
3577 1915 3640 1952 sc-

2130 1989 2260 2042 mini
2290 1989 2542 2050 Abrahze,
2567 2004 2672 2043 non
2725 1988 2774 2042 ei
2823 1996 3027 2042 tantum
3053 1987 3196 2054 quod
3226 2003 3293 2042 ex
3323 1988 3432 2056 lege
3449 1999 3521 2042 est
3542 1985 3640 2051 (861.

2127 2083 2220 2134 sed
2240 2089 2295 2134 et
2331 2080 2381 2133 ei
2413 2079 2556 2148 quod
2577 2095 2644 2134 ex
2671 2079 2773 2133 ﬁde
2801 2088 2885 2133 est
2903 2122 2918 2136 .
2946 2077 3115 2132 Multo
3152 2080 3300 2134 enim
3338 2079 3547 2132 Abrahte
3574 2095 3642 2131 no-

2127 2170 2287 2227 bilior
2314 2186 2378 2226 ex
2413 2170 2518 2225 ﬁde
2566 2181 2670 2236 est,
2703 2186 2864 2239 quam
2897 2185 2964 2225 ea
2995 2185 3160 2225 carne
3209 2171 3496 2232 successio,
3547 2171 3640 2238 quia

2128 2280 2232 2319 non
2263 2279 2328 2319 ex
2356 2279 2544 2328 carne,
2571 2265 2664 2318 sed
2687 2278 2754 2318 ex
2787 2263 2891 2318 ﬁde
2913 2262 3246 2331 justiﬁeatus
3285 2278 3404 2319 esse
3432 2279 3642 2318 memora-

2125 2365 2232 2411 tur.
2268 2357 2324 2412 Si
2345 2357 2488 2411 enim
2531 2373 2636 2410 non
2661 2371 2728 2410 ex
2758 2353 2884 2420 ﬁde,
2909 2355 3000 2410 sed
3033 2371 3099 2409 ex
3128 2357 3342 2410 semine
3366 2355 3523 2410 danda
3552 2369 3642 2408 suc-

2126 2449 2304 2504 cessio
2330 2458 2434 2511 est,
2457 2448 2787 2503 conveniens
2811 2448 2918 2502 erit
2945 2459 3000 2501 et
3021 2446 3275 2502 lsmaelis
3304 2447 3640 2516 posteritatem,

2125 2547 2181 2591 et
2208 2552 2302 2592 eos
2323 2537 2416 2608 qui
2440 2553 2505 2594 ex
2545 2537 2784 2594 Cethura
2801 2537 3154 2604 descendunt,
3175 2538 3241 2592 ad
3278 2538 3637 2609 promissionum

2126 2637 2468 2683 sacramenta
2490 2629 2732 2700 perduci.
2759 2628 2914 2696 Quod
2942 2629 3131 2698 utique
3159 2644 3272 2684 non
3301 2630 3553 2698 recipitur,
3573 2630 3643 2684 sed

2125 2719 2238 2774 sola
2276 2719 2411 2790 legis
2443 2736 2507 2774 ac
2557 2721 2679 2775 ﬁdei
2733 2721 3026 2790 posteritas
3076 2723 3453 2776 introducitur.
3486 2719 3640 2775 Verum

2127 2826 2234 2864 non
2283 2826 2383 2866 uos
2433 2811 2986 2880 praetereatApostoli
3020 2811 3071 2864 in
3108 2811 3212 2865 hoc
3236 2811 3360 2864 loco
3387 2809 3643 2864 nutabunda

2126 2893 2369 2974 qumdatti
2389 2913 2445 2958 et
2459 2903 2707 2973 ambigue
2727 2902 2931 2973 prolata
2947 2902 3167 2956 locutio.
3188 2902 3344 2968 Quod
3373 2902 3504 2956 enim
3525 2901 3640 2963 dixit,

2132 3013 2152 3047 ι
2195 2996 2260 3052 Ut
2293 2997 2446 3050 ﬁrma
2475 2998 2547 3050 sit
2581 2995 2872 3061 promissio
2901 2994 3050 3049 omni
3083 2995 3302 3059 semini,
3341 3010 3440 3048 non
3466 2993 3510 3046 ei
3533 2993 3641 3062 quod

2127 3103 2192 3144 ex
2218 3088 2338 3158 lege
2368 3098 2453 3143 est
2479 3097 2709 3152 tantum,
2747 3087 2841 3142 sed
2863 3095 2919 3142 et
2945 3088 2992 3143 ei
3015 3089 3156 3156 quod
3181 3103 3247 3140 ex
3277 3087 3379 3141 ﬁde
3393 3083 3540 3148 est”,
3576 3082 3643 3136 »εἰ

2061 1870 2104 1924 Β

456 3175 701 3243 Amplius
731 3175 910 3227 adhuc
933 3171 1134 3240 aliqttid
1169 3173 1233 3226 de
1263 3172 1568 3242 hujusmodi
1600 3174 1773 3242 gratia
1802 3173 1856 3227 in
1885 3173 2026 3228 divi.
2051 3212 2095 3270 ο
2129 3179 2201 3232 ita
2231 3177 2563 3248 intelligatur
2592 3177 2748 3247 quasi
2792 3164 2938 3230 aliud
2967 3192 3034 3231 ex
3065 3173 3183 3243 lege
3219 3190 3430 3241 semen,
3463 3183 3510 3228 et
3537 3171 3642 3227 aliud

456 3265 542 3320 nis
584 3263 781 3318 litteris
815 3275 1148 3316 memoratur
1191 3261 1267 3322 de
1309 3265 1463 3317 beata
1493 3262 1709 3320 Esther.
1747 3261 1838 3318 Sic
1877 3262 2023 3319 enim

450 3355 532 3408 ait
583 3372 597 3408 :
639 3355 772 3421 Quia
817 3371 836 3405 ι
871 3363 991 3409 erat
1034 3354 1236 3409 Esther
1281 3354 1565 3408 inveniens
1609 3355 1836 3425 gratiam
1885 3357 2027 3426 apud

450 3461 644 3503 omnes
675 3448 769 3518 qui
799 3447 1057 3502 videbant
1085 3463 1206 3502 eam
1238 3447 1302 3502 ³¹.
1337 3465 1356 3497 ι
1384 3445 1550 3501 Paulo
1578 3457 1702 3518 post
1721 3448 1852 3502 dicit
1876 3449 2028 3504 Scri-

455 3547 611 3607 ptura
645 3556 660 3592 :
702 3555 720 3589 ι
754 3536 968 3593 Invenit
1015 3538 1246 3608 gratiam
1276 3537 1476 3593 Esther
1503 3553 1667 3606 super
1689 3553 1883 3594 omnes
1923 3553 2028 3594 cte-

457 3641 603 3683 teras
638 3627 876 3696 virgines
898 3667 912 3693 ,
963 3638 1019 3682 et
1065 3629 1322 3698 imposuit
1348 3629 1398 3683 ei
1430 3643 1524 3682 rex
1555 3627 1803 3683 diadema
1832 3628 2027 3684 mulie-

457 3723 556 3778 bre
583 3723 650 3778 ".
684 3741 704 3773 ι
739 3722 864 3778 Haec
895 3732 1075 3779 autem
1125 3738 1231 3777 non
1265 3723 1570 3791 importune
1593 3761 1609 3788 ,
1653 3722 1925 3788 arbitror,
1960 3721 2028 3776 de

454 3815 758 3882 Scripturis
797 3816 1001 3870 sanctis
1041 3814 1425 3884 requisivimus
1458 3813 1525 3866 ad
1556 3813 2025 3868 conﬁrmationem

455 3906 736 3974 apostolici
772 3905 935 3969 dicti,
986 3904 1040 3960 in
1089 3918 1195 3973 quo
1225 3904 1292 3959 de
1315 3903 1424 3959 ﬁde
1458 3913 1514 3958 et
1542 3905 1718 3974 gratia
1764 3902 2025 3974 disputat.

453 3997 545 4050 Ait
591 4010 724 4065 ergo
774 4013 788 4050 ε
843 4014 863 4048 ι
898 3993 1022 4050 ideo
1053 4010 1121 4050 ex
1182 3993 1320 4056 ﬁde,
1367 4003 1425 4046 ut
1453 3995 1750 4048 secundum
1795 3995 2026 4064 gratiam

456 4085 611 4138 ﬁrma
676 4082 748 4136 sit
799 4083 1086 4153 promissio
1128 4083 1192 4135 ³³.
1234 4100 1254 4134 ι
1323 4082 1429 4137 Sed
1477 4092 1531 4137 et
1575 4085 1683 4139 hoc
1732 4083 2025 4139 notandum

453 4186 536 4230 est
577 4166 723 4245 qbod
767 4175 874 4242 ait,
930 4193 950 4226 ι
982 4174 1108 4229 Ideo
1161 4189 1221 4229 ex
1271 4175 1413 4237 ﬁde,
1450 4184 1510 4228 ut
1557 4175 1852 4229 secundum
1902 4190 2027 4247 gra-

454 4267 585 4322 tiam
636 4266 790 4320 ﬁrma
843 4268 914 4320 sit
960 4264 1287 4336 promissio,
1321 4283 1341 4317 ›
1391 4264 1548 4334 quasi
1599 4266 1890 4320 ostendere
1930 4279 2024 4318 voc

457 4358 572 4411 lens
606 4359 748 4426 quod
795 4357 840 4410 si
881 4373 950 4412 ex
997 4357 1111 4428 lege
1152 4366 1332 4421 esset,
1363 4367 1418 4412 et
1464 4371 1567 4410 non
1598 4371 1662 4410 ex
1695 4355 1866 4424 gratia
1902 4369 2030 4424 pro-

455 4449 675 4511 missio,
709 4449 861 4503 ﬁrma
893 4465 998 4504 uou
1023 4461 1204 4520 esset;
1237 4468 1378 4508 nunc
1411 4464 1589 4506 autem
1624 4451 1828 4506 idcirco
1868 4449 2023 4504 ﬁrma

2127 3283 2195 3322 ex
2223 3267 2328 3323 ﬁde
2357 3269 2575 3334 dixerit,
2601 3279 2659 3322 ut
2685 3279 2942 3338 tanquam
2984 3269 3053 3323 ab
3080 3279 3313 3336 utroque
3337 3269 3524 3322 semine
3550 3279 3644 3334 pro-

2129 3359 2316 3415 missio
2349 3359 2684 3416 hereditatis
2715 3358 2826 3432 (87)
2855 3360 3049 3414 debeat
3068 3360 3399 3428 exspectari,
3427 3358 3645 3412 invenitur

2128 3451 2406 3511 contraria
2457 3451 2639 3507 dicere
2685 3452 2770 3506 his
2801 3465 2922 3522 qua:
2974 3450 3227 3520 superius
3284 3450 3510 3519 scripsit.
3550 3463 3641 3500 cum

2127 3542 2203 3595 ait
2223 3541 2298 3596 "z
2323 3559 2342 3594 ι
2373 3540 2491 3596 Non
2523 3541 2666 3596 enim
2689 3542 2848 3610 hiqui
2867 3556 2933 3597 ex
2958 3541 3103 3611 lege,
3127 3542 3369 3595 haeredes
3385 3537 3639 3605 sunt(88);»

2127 3631 2257 3686 item
2296 3631 2420 3686 alibi
2447 3631 2535 3684 ":
2575 3648 2595 3682 ι
2641 3631 2991 3686 Arbitramur
3032 3631 3178 3686 enim
3203 3629 3488 3698 iustiﬁcari
3518 3626 3643 3681 homi.

2127 3737 2250 3778 nem
2283 3737 2378 3792 per
2410 3721 2570 3777 ﬁdem
2608 3722 2726 3776 sine
2751 3720 3014 3791 operibus
3037 3721 3209 3791 legis;
3233 3740 3252 3773 ι
3293 3729 3350 3776 et
3383 3716 3636 3774 rursum”:

2132 3831 2151 3866 ι
2190 3813 2248 3868 Si
2277 3815 2421 3869 enim
2471 3815 2524 3868 hi
2569 3815 2659 3884 qui
2707 3828 2775 3868 ex
2804 3813 2942 3882 lege,
2971 3812 3218 3868 heredes
3250 3824 3402 3876 sunt,
3435 3819 3642 3866 evacuata

2127 3913 2213 3960 est
2241 3905 2396 3961 ﬁdes.
2430 3923 2448 3957 ι
2489 3905 2703 3959 Etenim
2739 3905 2784 3960 si
2808 3919 2879 3960 ex
2908 3905 3014 3960 ﬁde
3036 3903 3374 3972 iustiﬁcatur
3395 3903 3534 3958 homo
3556 3899 3642 3953 sine

2127 3997 2384 4064 operibus
2413 3995 2569 4068 legis,
2605 4007 2660 4051 et
2692 3997 2934 4052 hazredes
2959 4011 3066 4052 non
3102 3997 3237 4052 ﬁunt
3273 3997 3386 4067 (89)
3422 3996 3470 4050 hi
3501 3993 3574 4064 qui
3594 4004 3642 4044 et

2128 4086 2245 4157 lege
2267 4097 2419 4152 sunt,
2451 4090 2722 4157 quomodo
2754 4105 2860 4144 nou
2886 4093 3225 4145 contrarium
3249 4090 3511 4146 videbitur
3534 4084 3640 4155 quod

2130 4177 2184 4231 in
2218 4179 2321 4233 hoc
2369 4178 2490 4233 loco
2541 4179 2700 4244 dicit,
2751 4179 2966 4235 ﬁrmam
3014 4195 3132 4236 esse
3158 4181 3550 4252 promissionem
3572 4189 3641 4244 per

2127 4270 2380 4338 gratiam,
2431 4284 2540 4324 non
2575 4271 2628 4325 ei
2675 4281 2890 4325 tantum
2924 4273 3120 4328 semini
3155 4273 3300 4343 quod
3343 4287 3408 4328 ex
3441 4271 3540 4340 lege
3562 4278 3638 4326 est.

2125 4363 2222 4416 sed
2247 4371 2304 4416 et
2329 4362 2380 4416 ei
2413 4363 2557 4432 quod
2598 4378 2666 4416 ex
2703 4363 2809 4420 ﬁde
2847 4366 2968 4420 est?
2996 4366 3062 4421 Et
3089 4381 3212 4421 cum
3240 4367 3294 4420 in
3330 4361 3640 4434 superioribus

2127 4465 2221 4506 eos
2233 4453 2321 4520 qui
2349 4467 2416 4507 ex
2441 4453 2562 4519 lege
2583 4463 2710 4510 sttnt
2743 4457 3007 4526 repulisse
3031 4457 3303 4521 videatur,
3333 4455 3419 4509 hic
3439 4467 3519 4509 eos
3537 4465 3638 4519 quo-

451 4541 558 4605 sit,
610 4543 734 4610 quia
783 4559 885 4598 non
926 4558 994 4598 ex
1043 4545 1193 4615 lege,
1242 4547 1340 4602 sed
1385 4560 1478 4614 per
1508 4539 1760 4613 gratiam.
1809 4541 1868 4596 ln
1914 4557 2022 4612 quo
2055 4562 2099 4617 ι)
2129 4541 2286 4594 modo
2311 4551 2556 4610 exequat
2584 4543 2667 4597 his
2693 4559 2832 4613 quos
2867 4559 2931 4599 ex
2971 4546 3074 4600 ﬁde
3097 4560 3324 4615 sperare
3351 4543 3554 4611 gratiam
3577 4537 3638 4589 di-

452 4649 552 4702 ego
606 4645 734 4704 puto
785 4635 928 4704 quod
981 4636 1086 4690 tale
1137 4637 1340 4706 aliquid
1397 4636 1622 4707 intelligi
1669 4635 1835 4700 velit,
1894 4637 2021 4706 quia

449 4740 572 4794 qua:
617 4741 684 4780 ex
732 4725 851 4792 lege
899 4736 1054 4790 sunt,
1106 4737 1259 4783 extra
1312 4743 1409 4782 nos
1455 4738 1580 4784 sunt
1623 4746 1637 4780 :
1689 4741 1810 4796 qua:
1838 4737 2020 4781 autem

455 4833 552 4883 per
603 4817 868 4887 gratiam,
920 4818 1063 4873 intra
1113 4834 1213 4874 nos
1251 4819 1537 4874 habentur.
1615 4817 1771 4874 Verbi
1831 4832 2022 4882 causa,

457 4907 622 4978 529
659 4923 779 4977 qua:
820 4910 874 4962 in
909 4908 1028 4979 lege
1062 4909 1268 4979 scripta
1305 4917 1468 4972 sunt,
1519 4907 1732 4962 calamo
1771 4920 1828 4962 et
1877 4917 2024 4960 atra-

457 5013 639 5054 tuento
667 5003 719 5055 in
740 5003 1072 5058 membranis
1091 5003 1173 5057 vel
1202 5005 1469 5059 chartulis
1489 5002 1692 5069 scripta
1715 5009 1838 5055 sunt
1858 5015 1874 5064 ;
1902 5014 2023 5069 quae

485 5101 630 5147 utetu
663 5107 728 5148 es
761 5095 935 5164 gratia
989 5096 1351 5163 descendunt,
1395 5111 1491 5166 per
1539 5094 1804 5164 Spiritum
1840 5093 1934 5147 Dei
1966 5090 2020 5145 in

555 5273 600 5343 ξ*
633 5270 648 5324 l
680 5270 804 5343 (lor.
832 5287 927 5335 xu,
963 5273 1017 5328 9.
1097 5274 1143 5304 ³³
1172 5271 1364 5343 Philip.
1398 5290 1436 5334 ι,
1465 5273 1555 5328 29.

457 5348 528 5396 νιν
554 5341 606 5396 8.
701 5342 746 5372 ’⁸
775 5343 941 5396 Exod.
978 5359 1173 5407 xxxttt,
1206 5347 1292 5398 l3.

453 5421 527 5470 tv,
564 5411 651 5465 l6.
692 5411 738 5442 “
761 5411 802 5464 ll
823 5412 951 5467 Cor.
975 5429 1060 5479 ιιι,
1091 5417 1145 5468 5.

525 5553 635 5628 (85)
675 5555 788 5621 AL,
820 5568 838 5607 ι
872 5558 1022 5628 ceris
1041 5557 1297 5614 obtulerit
1322 5557 1663 5628 prmparatis.
1683 5575 1702 5610 ι

523 5624 636 5749 (86)
674 5627 800 5707 mss.
835 5626 1036 5696 plures,
1065 5647 1084 5679 ι
1109 5646 1216 5683 uou
1238 5630 1288 5683 ei
1322 5624 1532 5683 tantum
1560 5627 1654 5697 qui
1686 5640 1752 5680 ex
1778 5624 1893 5696 lege
1913 5634 2015 5690 est,

523 5717 532 5748 ι
581 5711 630 5746 et
652 5712 742 5749 aut
771 5711 835 5749 ex
867 5697 971 5749 lide
1003 5707 1103 5749 est.
1138 5717 1157 5749 ›

453 5697 546 5750 scd
581 5697 630 5746 ei
652 5697 742 5764 qui
771 5711 835 5749 ex
867 5697 971 5750 ﬁde
1003 5707 1103 5752 est.
1138 5717 1157 5749 ›

523 5765 638 5836 (87)
679 5765 1034 5820 Ηαπεάὶιαιὶε.
1078 5767 1233 5822 Deest
1265 5768 1318 5822 in
1342 5767 1523 5822 editis.

531 5834 644 5907 (88)
689 5835 808 5892 Non
837 5837 973 5892 enim
1004 5838 1057 5891 lii
1103 5839 1192 5908 qui
1225 5854 1288 5894 ex
1323 5838 1454 5909 lege,
1484 5837 1716 5892 Ita'redcs
1751 5846 1891 5891 sunt.
1925 5834 2017 5892 Sic

1632 5272 1679 5304 ⁸⁸
1709 5271 1838 5325 Luc.
1885 5286 2020 5331 xvn,

1389 5346 1434 5377 "
1468 5344 1600 5399 Gen.
1647 5357 1834 5404 xxxix,
1883 5341 1936 5393 4.
2011 5343 2017 5372 ³

2126 5341 2218 5412 ιίιι.
2262 5342 2355 5412 21.
2445 5342 2490 5375 ⁸¹
2535 5343 2732 5398 Esther
2780 5344 2958 5406 11,15.
3055 5343 3099 5374 ³¹
3136 5341 3378 5401 ibid.t7.
3446 5339 3620 5412 “lion!

1244 5415 1289 5445 ³⁸
1314 5414 1472 5469 Rom.
1499 5428 1573 5478 tv,
1601 5412 1688 5466 16.
1765 5403 1972 5466 “ibid.

2183 5411 2225 5443 ³⁷
2256 5411 2415 5467 Ιιοιιι.
2450 5427 2532 5478 ιιι,
2557 5413 2628 5467 9.8
2699 5413 2745 5444 ³⁸
2767 5403 2924 5468 liotu.
2963 5427 3038 5479 tv,
3068 5412 3155 5466 Η.
3229 5413 3274 5447 ⁸ο
3304 5415 3452 5466 Rom.
3481 5421 3542 5470 tv,
3571 5403 3635 5452 l5-

2129 4632 2242 4688 cit?
2277 4632 2383 4688 Sed
2418 4634 2552 4688 mihi
2592 4635 2809 4690 videtur
2839 4637 2984 4706 quod
3019 4638 3173 4704 dicit,
3207 4654 3228 4689 ι
3267 4635 3424 4692 Omni
3458 4627 3639 4690 semini,

2131 4739 2236 4779 non
2273 4725 2323 4779 ei
2361 4726 2506 4795 quod
2542 4742 2611 4782 ex
2655 4726 2770 4798 lege
2800 4737 2883 4784 est
2913 4737 3142 4795 tantum,
3189 4729 3282 4783 sed
3308 4737 3362 4781 et
3381 4727 3428 4782 ei
3455 4723 3573 4794 quod
3591 4735 3640 4772 ex

2133 4819 2238 4875 ﬁde
2277 4830 2361 4876 est
2387 4821 2454 4888 ”,
2485 4839 2506 4874 ι
2546 4821 2715 4892 legem
2753 4822 2865 4886 hic,
2903 4822 3044 4876 sicut
3086 4835 3228 4890 saepe
3270 4818 3381 4889 jam
3429 4814 3639 4872 diximus,

2133 4912 2373 4967 iudicare
2401 4913 2728 4977 naturalem,
2770 4924 2826 4968 et
2854 4914 2956 4967 hoc
2996 4926 3266 4978 asserere,
3307 4908 3552 4980 quodnon
3578 4902 3640 4955 his

2130 5001 2221 5069 qui
2249 5016 2317 5056 ex
2355 5001 2472 5073 lege
2511 5004 2744 5059 naturali
2791 5004 2966 5059 solum
2996 5003 3242 5066 veniunt,
3279 5003 3427 5055 ﬁrma
3465 4997 3528 5053 sit
3552 5007 3641 5063 pro-

2129 5092 2336 5157 missio,
2351 5095 2444 5148 sed
2469 5103 2523 5148 et
2546 5095 2630 5148 bis
2653 5093 2745 5163 qui
2773 5109 2838 5148 ex
2869 5093 2971 5148 ﬁde
3003 5092 3106 5162 legi
3132 5091 3431 5146 addiderint
3450 5081 3638 5142 naturali

2083 5268 2135 5324 5.
2211 5271 2442 5326 "liom.
2499 5289 2571 5332 tv,
2634 5273 2722 5327 16.
2795 5272 3020 5326 "Prov.
3077 5287 3158 5337 ιιι,
3217 5269 3401 5327 15-15.
3467 5262 3634 5337 ’ξῦοω

2445 5342 2490 5375 ⁸¹
2535 5343 2732 5398 Esther
2780 5344 2958 5406 11,15.
3055 5343 3099 5374 ³³
3136 5335 3378 5401 ibid.l7.
3446 5335 3635 5406 “R0!!!-

2119 5570 2310 5611 omnes
2333 5570 2466 5610 mss.
2499 5557 2672 5611 nostri
2715 5565 2772 5610 et
2817 5557 2984 5622 editi;
3028 5564 3265 5610 attamen
3293 5551 3636 5624 tegendum"-

2119 5628 2301 5689 detur,
2335 5643 2354 5677 ι
2388 5625 2501 5680 Non
2557 5627 2704 5681 enim
2747 5641 2846 5696 per
2897 5614 3068 5696 legem
3101 5614 3389 5692 promissio
3422 5614 3629 5696 Aura”.

2121 5705 2214 5749 aut
2244 5697 2435 5749 semini
2471 5696 2610 5765 ejus,
2659 5705 2717 5750 ut
2749 5692 3132 5752 'hteres'esset
3181 5697 3403 5757 mundi;
3435 5692 3516 5745 sed
3562 5694 3634 5751 P“

2114 5765 2381 5836 justitiam
2402 5765 2548 5836 lidei.
2582 5785 2600 5817 ι

2193 5834 2306 5906 (89)
2341 5833 2504 5903 Editi,
2542 5853 2561 5888 ι
2589 5851 2696 5892 non
2724 5834 2947 5903 iuerint,
2985 5834 3199 5908 rituale.
