3754 6540
60 497 176 554 977

1035 499 1394 561 ΟΟΜΜΕΝΤ.
1439 503 1504 557 ΙΝ
1549 503 1763 560 EPIST.
1802 505 1893 560 AD
1933 505 2101 561 ROM.
2145 505 2273 559 LIB.
2310 502 2401 559 IV.

3236 509 3341 565 978

61 639 190 679 eam
229 625 391 680 ﬁdem
445 639 609 693 quam
662 624 854 680 habuit
911 626 1188 681 Abraham
1223 637 1380 697 pater
1419 639 1647 684 noster:
1682 642 1727 694 Α
1757 629 1882 682 bum
1925 629 2045 692 Dei,
2099 642 2276 698 neque
2328 642 2552 682 suavem
2601 627 2828 682 odorem
2883 628 3070 696 capiat
3110 627 3338 692 Christi,

63 727 126 770 ut
163 732 273 771 non
329 720 465 771 duos
495 717 749 786 populos,
783 733 950 771 unum
981 733 1046 772 ex
1085 721 1218 782 ﬁde,
1273 729 1328 774 et
1374 719 1539 773 alium
1588 735 1653 774 ex

62 811 186 880 lege
222 810 469 864 indicare
517 810 790 874 videatur,
821 811 916 864 sed
964 826 1130 864 unum
1178 821 1347 881 alque
1379 810 1656 874 eumdem,

60 899 160 971 qui
193 915 304 956 non
338 901 512 955 solum
540 915 605 954 ex
635 902 752 972 lege
779 903 1018 956 naturali
1054 919 1158 974 qua
1185 918 1379 958 omnes
1409 904 1658 958 homines

60 1006 324 1058 utuntur,
360 996 452 1048 sed
485 1011 548 1048 ex
575 996 678 1050 ﬁde
711 995 866 1064 cujus
895 997 1167 1052 Abraham
1210 1009 1406 1052 auctor
1425 996 1654 1062 exstitit,

57 1087 282 1154 placeat
307 1087 419 1141 Deo
455 1109 466 1141 :
503 1103 610 1156 quo
657 1088 870 1143 scilicet
913 1078 1198 1154 ostendat,
1250 1091 1396 1160 quod
1446 1091 1490 1145 si
1523 1090 1652 1160 quis

58 1179 271 1234 haheat
301 1178 515 1249 integra
545 1181 726 1234 omnia
761 1196 881 1250 qua:
913 1181 997 1236 lex
1040 1183 1230 1239 edocet
1263 1186 1552 1250 naturalis,
1599 1193 1656 1240 et

57 1270 118 1322 in
152 1269 307 1324 nullo
343 1284 468 1323 eum
521 1270 730 1338 peccati
759 1273 1097 1327 conscientia
1131 1274 1508 1342 reprehendat,
1547 1291 1654 1329 non

59 1371 249 1414 tamen
283 1361 492 1417 habeat
523 1363 692 1417 etiam
741 1363 866 1416 ﬁdei
898 1364 1156 1431 gratiam,
1187 1380 1291 1418 non
1337 1380 1495 1436 posse
1531 1380 1654 1420 eum

52 1453 380 1523 iustiﬁcari.
411 1454 573 1510 Fides
613 1456 754 1510 enim
786 1466 892 1523 est,
912 1472 1032 1526 quae
1059 1459 1124 1510 ad
1152 1459 1418 1528 justitiam
1442 1469 1656 1530 reputa-

58 1556 174 1604 tur.
207 1547 278 1601 Et
309 1549 416 1602 hoc
464 1548 626 1604 modo
677 1547 862 1603 habita
923 1549 1206 1606 distinetio
1239 1552 1420 1608 reddit
1453 1553 1655 1608 intelli-

56 1641 308 1710 gentiam
333 1641 633 1710 planiorem
669 1660 682 1695 :
715 1651 880 1712 atque
913 1657 975 1696 ea
995 1658 1116 1714 quze
1138 1646 1414 1699 contraria
1457 1656 1652 1716 putan-

53 1743 170 1795 tur,
199 1747 447 1788 consona
469 1749 589 1789 esse
617 1735 786 1790 etsibi
808 1735 1040 1789 invicem
1060 1736 1443 1792 concordantia
1462 1739 1654 1808 depre-

57 1827 400 1881 henduntur.
425 1826 499 1880 De
529 1829 842 1882 diversitate
865 1836 1043 1881 autem
1073 1827 1273 1898 legum,
1301 1830 1444 1898 quod
1477 1831 1529 1884 in
1551 1831 1650 1888 hac

63 1917 354 1987 praecipue
377 1917 617 1987 Epistola
636 1933 779 1987 saepe
800 1918 1095 1988 Apostolus
1119 1919 1284 1972 etiam
1312 1919 1547 1976 latenter
1594 1932 1652 1976 et

1765 735 1940 790 neque
1979 729 2160 788 gustet
2195 724 2396 776 bonum
2427 719 2521 774 Dei
2566 721 2790 776 verbum
2812 720 2882 786 “,
2915 737 3094 790 neque
3146 737 3344 776 manus

1762 811 1880 879 ejus
1906 819 2242 881 pertractent
2279 811 2347 865 de
2368 810 2532 864 verbo
2563 812 2686 866 vita:
2711 811 2780 878 ",
2809 811 3121 880 hujusmodi
3167 814 3342 868 homi-

1765 918 1860 958 nes
1894 903 2086 956 merito
2141 902 2339 958 mortui
2397 903 2755 972 appellantur.
2805 902 2966 958 Tales
3009 905 3212 958 invenit
3243 921 3341 959 nos

1763 995 2029 1048 adventus
2060 994 2284 1058 Christi,
2321 994 2416 1050 sed
2442 994 2735 1049 viviﬁcavit
2761 1011 2859 1065 per
2886 994 3125 1063 gratiam
3160 1011 3338 1061 suam,

1763 1084 1906 1139 sicut
1943 1093 1997 1136 et
2024 1083 2154 1139 alibi
2185 1083 2317 1138 dicit
2347 1084 2490 1139 idem
2530 1084 2830 1153 Apostolus
2860 1103 2873 1139 :
2911 1105 2929 1136 ι
2965 1085 3032 1139 Et
3066 1100 3166 1139 nos
3215 1101 3335 1139 cum

1763 1175 1961 1230 mortui
2015 1190 2260 1230 essemus
2313 1175 2528 1230 delictis
2573 1186 2632 1230 et
2655 1177 2890 1245 peccatis
2921 1178 3144 1242 nostris,
3175 1177 3336 1231 simul

1761 1284 1882 1323 cum
1915 1268 2006 1322 illo
2040 1267 2382 1323 resuscitarit
2416 1282 2514 1322 nos
2544 1267 2614 1322 ⁸⁸.
2658 1288 2675 1320 ι
2709 1267 2797 1323 Vis
2823 1278 3003 1323 autem
3038 1270 3132 1324 tibi
3187 1279 3243 1324 et
3272 1271 3340 1325 de

1761 1361 2060 1432 Scripturis
2095 1361 2430 1431 propheticis
2486 1361 2776 1430 approbari
2815 1365 2960 1432 quod
3002 1377 3195 1417 omnes
3243 1363 3336 1432 qui

1763 1457 1906 1512 idola
1930 1455 2138 1518 colunt,
2163 1464 2217 1509 et
2243 1456 2525 1510 conﬁdunt
2551 1457 2606 1509 in
2629 1457 2732 1519 eis,
2783 1457 2982 1509 mortui
3013 1464 3139 1510 sunt
3157 1453 3184 1508 7
3210 1457 3336 1510 audi

1761 1548 1931 1604 David
1960 1547 2233 1618 quomodo
2261 1531 2434 1602 dicit:
2468 1565 2487 1599 ι
2521 1546 2820 1601 Simulacra
2859 1547 3099 1617 gentium
3137 1562 3336 1615 argen-

1762 1650 1874 1695 tum
1891 1652 1947 1695 et
1968 1654 2183 1702 aurum,
2209 1651 2370 1708 opera
2398 1654 2654 1694 manuum
2683 1639 2985 1693 hominum.
3010 1639 3084 1694 Os
3105 1638 3332 1704 habent,

1758 1737 1943 1784 etnon
1975 1727 2272 1797 loquentur
2303 1743 2316 1779 :
2346 1727 2533 1782 oculos
2561 1729 2783 1793 habent,
2814 1737 2869 1783 et
2903 1745 3008 1783 non
3041 1729 3330 1783 videbunt:

1761 1837 1924 1878 aures
1956 1823 2176 1887 habent,
2218 1831 2274 1876 et
2311 1835 2416 1875 non
2452 1821 2676 1874 audient
2697 1822 2768 1874 δ’.
2800 1840 2817 1872 ι
2849 1820 2917 1876 Ει
2942 1830 3061 1886 post
3088 1822 3335 1890 aliquau-

1760 1925 1851 1969 ta:
1898 1933 1916 1966 ι
1959 1914 2199 1978 Similes,
2226 1914 2422 1983 inquit,
2463 1913 2597 1968 ﬁant
2636 1914 2717 1968 eis
2759 1915 2852 1983 qui
2889 1913 3099 1968 faciunt
3131 1929 3217 1979 ea,
3272 1923 3330 1969 et

52 2007 242 2061 subito
257 2007 329 2061 ab
347 2007 450 2062 alia
467 2008 535 2063 ad
548 2009 707 2062 aliam
728 2009 897 2077 legem
917 2009 1184 2063 sermonis
1199 2009 1650 2080 ordinemmutet,
1684 2007 1728 2064 Β
1757 2021 1950 2060 omnes
1975 2007 2066 2074 qui
2099 2005 2381 2061 conlidunt
2407 2004 2460 2059 in
2486 2008 2587 2060 eis.
2619 2023 2639 2058 ›
2659 2003 2822 2062 Vides
2844 2016 3086 2062 mortuos
3112 2021 3250 2070 esse,
3279 2015 3336 2062 et

52 2099 383 2169 frequenter
404 2101 767 2168 ostendimus,
797 2113 850 2156 et
872 2102 1060 2157 eadem
1090 2104 1296 2158 iterare
1313 2105 1649 2174 superﬂuum

49 2201 161 2245 est.
195 2191 352 2246 Bene
372 2200 554 2246 autem
588 2193 655 2247 de
697 2192 970 2247 Abraham
1001 2208 1108 2248 non
1137 2193 1272 2249 dixit
1309 2213 1322 2248 :
1355 2193 1516 2249 Pater
1537 2211 1654 2250 om-

49 2283 247 2348 nium;
299 2282 396 2338 sed
440 2283 560 2337 ait:
601 2303 619 2336 ι
654 2283 815 2339 Pater
856 2286 1097 2340 onmium
1135 2294 1384 2341 nostrmn
1413 2287 1493 2352 “;
1537 2307 1555 2339 ι
1597 2289 1651 2344 id

49 2384 163 2440 est,
203 2390 318 2428 non
351 2376 444 2444 qui
477 2389 545 2430 ex
582 2375 700 2445 lege
735 2376 1158 2445 descendimus,
1200 2379 1294 2434 sed
1331 2381 1425 2449 qui
1452 2395 1517 2433 ex
1547 2380 1654 2436 ﬁde

52 2482 80 2517 a
117 2465 248 2536 lege
281 2465 634 2522 succedimus
678 2467 814 2539 (90).
876 2467 944 2523 Et
986 2469 1117 2539 quia
1158 2470 1401 2525 omnium
1431 2472 1521 2541 qui
1550 2473 1652 2528 bu-

46 2557 297 2626 jusinodi
323 2565 454 2612 sunt
477 2567 631 2625 pater
658 2568 766 2625 est,
798 2562 996 2615 merito
1032 2563 1410 2630 promissionis
1455 2565 1652 2621 divinat

52 2650 404 2705 sententiam
433 2650 486 2704 in
514 2653 984 2719 consequentibus
1002 2654 1182 2722 posuit
1208 2655 1394 2711 dicens
1419 2672 1433 2709 :
1454 2675 1474 2708 ι
1498 2657 1652 2714 Sicut

52 2745 331 2813 scriptum
361 2752 446 2796 est
469 2757 484 2799 :
512 2741 649 2810 Quia
672 2756 881 2814 patrem
908 2747 1202 2801 multarum
1224 2750 1465 2816 gentium
1495 2753 1649 2820 posui

52 2842 126 2894 te,
152 2841 292 2886 ante
327 2845 450 2886 eum
488 2833 574 2887 cui
609 2833 842 2888 credidit
877 2834 1044 2889 Deum
1067 2835 1140 2889 “.
1185 2855 1204 2889 ι
1242 2837 1298 2892 Si
1339 2855 1469 2909 ergo
1495 2851 1650 2910 pater

53 2925 283 2978 futurus
341 2938 464 2979 esse
517 2924 858 2994 promittitur
921 2925 1214 2982 multarum
1248 2931 1512 2999 gentium,
1541 2949 1648 2989 non

53 3015 349 3070 immerito
373 3027 532 3087 pater
555 3026 609 3072 et
647 3032 838 3072 eorum
867 3019 961 3089 qui
990 3035 1058 3076 ex
1085 3023 1358 3091 gentibus,
1385 3033 1647 3080 eteorum

52 3108 144 3175 qni
173 3123 242 3162 ex
265 3109 699 3164 circumcisione
725 3110 984 3179 veniunt,
1033 3115 1367 3170 nominatur.
1392 3117 1460 3171 Et
1496 3128 1649 3173 recte

50 3199 270 3256 addidit
295 3215 369 3254 ex
415 3215 514 3256 sua
565 3203 1022 3274 interpretatione
1073 3206 1368 3277 Apostolus
1401 3225 1414 3262 :
1451 3227 1469 3262 ι
1509 3211 1650 3266 Ante

52 3307 178 3346 cum
215 3293 312 3348 cui
355 3292 586 3347 credidit
635 3295 849 3348 Deum:
893 3313 914 3349 ι
950 3295 1054 3351 hoc
1080 3307 1188 3364 est,
1229 3309 1387 3369 pater
1440 3302 1647 3370 positus

1758 2097 1966 2154 similes
1995 2097 2310 2154 simulacris
2331 2095 2555 2153 eﬁ‘ectos
2578 2112 2674 2152 eos
2721 2097 2814 2167 qui
2842 2099 3030 2153 colunt
3055 2113 3116 2152 ea
3151 2108 3207 2152 et
3238 2099 3333 2167 qui

1755 2193 2042 2249 conﬁdunt
2096 2193 2147 2246 in
2205 2193 2308 2248 eis.
2341 2191 2497 2248 Unde
2537 2193 2852 2262 diligentius
2909 2193 3224 2248 intueamur
3283 2194 3330 2247 si

1757 2285 1899 2341 forte
1930 2285 2076 2341 sicut
2120 2286 2174 2339 hi
2215 2286 2307 2354 qui
2342 2284 2527 2339 colunt
2554 2285 2698 2338 idola
2729 2293 2786 2338 et
2813 2283 3090 2338 conﬁdunt
3121 2284 3175 2338 in
3225 2284 3330 2347 eis,

1754 2377 1960 2434 similes
1989 2378 2070 2432 eis
2096 2377 2213 2432 ﬁeri
2243 2377 2503 2432 dicuntur
2523 2395 2538 2432 :
2558 2377 2630 2430 ita
2663 2387 2716 2431 et
2747 2376 2798 2430 hi
2826 2375 2914 2445 qui
2945 2391 3133 2429 verum
3161 2376 3328 2430 Deum

1754 2471 1964 2533 colunt,
1997 2479 2052 2525 et
2099 2470 2376 2525 conﬁdunt
2401 2470 2454 2523 in
2486 2484 2571 2535 eo,
2607 2468 2814 2524 similes
2841 2469 2891 2523 ei
2932 2469 3085 2523 ﬁant.
3115 2469 3181 2524 Et
3228 2471 3330 2525 hoc

1753 2575 1837 2619 est
1867 2563 2120 2619 fortassis
2151 2562 2294 2632 quod
2325 2563 2380 2615 in
2432 2561 2601 2616 initiis
2632 2560 2814 2625 homo,
2846 2575 2970 2615 cum
2993 2561 3327 2631 propositum

1755 2653 1946 2709 fuisset
1991 2664 2050 2709 ut
2078 2653 2145 2707 ad
2176 2654 2464 2724 imaginem
2497 2664 2554 2707 et
2581 2654 2993 2710 similitudinem
3025 2655 3118 2710 Dei
3152 2657 3327 2722 ﬁeret,

1753 2745 1822 2800 ad
1874 2745 2163 2814 imaginem
2204 2743 2424 2812 quidem
2453 2742 2630 2798 lactus
2657 2754 2764 2812 est,
2817 2745 3114 2800 similitudo
3147 2758 3326 2802 autem

1753 2835 1917 2890 dilata
1944 2845 2030 2889 est
2059 2837 2130 2889 ob
2160 2835 2264 2889 hoc
2294 2843 2354 2888 ut
2382 2834 2532 2902 prius
2556 2835 2858 2888 conﬁderet
2888 2836 2940 2888 in
2968 2836 3154 2900 Deum,
3178 2843 3233 2889 et
3254 2836 3329 2889 ita

1753 2929 1908 2982 ﬁeret
1953 2926 2148 2982 similis
2185 2926 2258 2991 ei,
2291 2935 2348 2981 et
2382 2926 2494 2994 ipse
2519 2925 2734 2978 audiret
2760 2925 2887 2995 quia
2934 2924 3128 2980 similis
3160 2927 3209 2979 el
3237 2926 3330 2980 ﬁet

1755 3021 1939 3075 omnis
1991 3020 2087 3090 qui
2137 3017 2368 3076 conﬁdit
2415 3017 2470 3071 in
2518 3032 2664 3072 eum.
2713 3017 2839 3073 ﬂare
2889 3033 2984 3087 per
3039 3031 3325 3071 excessum

1751 3113 2040 3182 quemdam
2067 3111 2390 3167 sociavimus
2413 3111 2497 3166 his
2529 3125 2648 3180 qua:
2673 3111 2740 3164 de
2769 3109 2961 3165 mortis
2993 3121 3196 3180 genere
3217 3109 3330 3161 dis-

1752 3205 2053 3269 seruimus,
2087 3213 2149 3257 ut
2202 3201 2549 3258 manifestius
2575 3201 2729 3256 ﬁeret
2759 3202 2959 3270 quibus
2987 3202 3160 3254 modis
3185 3199 3326 3254 Deus

1753 3296 2000 3351 viviﬁcat
2041 3305 2305 3350 mortuos.
2349 3294 2457 3350 Sed
2486 3303 2541 3349 et
2582 3294 2724 3364 quod
2768 3294 2821 3348 in
2859 3293 3321 3362 consequentibus

53 3395 135 3438 est
168 3383 479 3438 multarum
517 3387 761 3454 gentium
789 3397 916 3443 ante
955 3388 1130 3458 ipSum
1161 3390 1330 3446 Deum
1352 3394 1438 3448 cui
1463 3395 1645 3450 credi-
1673 3387 1717 3446 Ω
1750 3389 1902 3454 dicit,
1941 3408 1960 3441 ι
1998 3389 2064 3444 Et
2093 3397 2256 3444 vocat
2286 3402 2351 3443 ea
2375 3402 2496 3457 qua:
2520 3403 2626 3441 non
2654 3395 2802 3453 sunt,
2836 3395 3092 3454 tanquam
3121 3400 3183 3439 ea
3205 3399 3326 3454 qua:

54 3479 149 3544 dit,
178 3477 350 3546 cujus
390 3480 806 3547 promissiones,
838 3492 892 3536 et
930 3500 960 3538 a
985 3500 1094 3554 quo
1137 3486 1477 3556 signaculum
1522 3488 1647 3544 ﬁdei

53 3570 104 3625 in
121 3571 555 3626 circumcisione
568 3576 826 3644 suscepit.
852 3574 1134 3642 Quomodo
1153 3593 1284 3649 ergo
1304 3581 1648 3637 circumcisio

53 3671 270 3728 patrem
318 3661 430 3716 sibi
478 3665 694 3733 proprie
747 3666 992 3723 defendit
1044 3669 1322 3724 Abraham
1351 3673 1486 3741 (9t),
1523 3688 1646 3728 cum

55 3752 142 3808 ille
173 3756 299 3824 ipse
338 3752 502 3818 Deus,
530 3758 618 3825 qui
649 3757 698 3811 ei
735 3758 1205 3815 circumcisionem
1239 3763 1407 3828 dedit,
1449 3765 1648 3820 multa-

56 3861 172 3899 rum
205 3861 344 3901 eum
372 3848 615 3915 gentium
645 3850 1156 3920 posueritpatrem?
1197 3853 1349 3920 Quod
1374 3854 1417 3908 si
1451 3854 1648 3924 aliquis

57 3938 158 3994 hoc
189 3938 262 3992 ad
297 3937 546 3992 lsmaelis
586 3941 960 4008 posteritatem
997 3941 1230 3996 voluerit
1278 3943 1360 3997 vel
1392 3943 1646 3999 Cethurte

57 4040 410 4094 convertere,
441 4033 753 4087 occurritei
785 4035 933 4104 quod
979 4037 1241 4105 scriptum
1277 4047 1363 4091 est
1391 4037 1476 4092 ⁸²ε
1510 4037 1644 4104 Quia

61 4142 78 4173 ς
101 4122 510 4178 benedicentur
531 4124 584 4179 iu
617 4135 668 4179 te
697 4140 890 4181 omnes
915 4127 1089 4184 tribus
1108 4139 1317 4182 terram
1343 4127 1456 4184 Hoc
1478 4133 1643 4186 etiam

57 4215 106 4267 in
141 4214 452 4284 Evangelia
481 4215 722 4271 Joannes
771 4219 988 4274 diccbat
1046 4219 1196 4290 (92):
1228 4237 1247 4271 ι
1277 4220 1416 4288 Quia
1452 4231 1646 4290 potens

58 4317 137 4359 est
163 4306 318 4361 Deus
341 4306 408 4361 de
430 4307 696 4378 lapidibus
715 4309 831 4363 istis
843 4309 1113 4365 suscitare
1140 4311 1276 4366 lilios
1296 4310 1526 4366 Abraha:
1540 4312 1605 4366 ".
1619 4331 1638 4364 ι

57 4396 282 4451 Addidit
320 4405 503 4451 autem
537 4398 592 4453 in
617 4397 1073 4468 subsequentibus
1093 4400 1176 4455 “:
1217 4421 1236 4452 σ
1270 4402 1372 4470 Qui
1404 4403 1646 4457 viviﬁcat

60 4487 220 4558 530
246 4499 520 4554 mortuos,
547 4498 600 4543 et
631 4501 790 4546 vocat
820 4508 883 4548 ea
924 4507 1043 4562 quae
1069 4509 1174 4548 non
1199 4503 1346 4559 sunt,
1385 4503 1642 4565 tanquam

58 4596 118 4632 ea
155 4596 286 4650 qua
321 4589 472 4634 sunt.
512 4599 532 4632 ι
567 4580 809 4638 Mortuos
843 4583 932 4639 hic
957 4585 1256 4640 secundum
1289 4585 1487 4640 anima:
1519 4600 1646 4654 pee-

59 4684 237 4726 catuin
300 4669 676 4742 intelligimus,
709 4676 966 4744 quoniam
1003 4695 1020 4727 ι
1055 4677 1257 4742 anima,
1291 4677 1486 4745 inquit,
1519 4693 1640 4747 qua:

61 4775 272 4832 peccat,
313 4767 584 4820 morietur
606 4765 674 4824 ⁸⁸.
721 4787 740 4820 ι
791 4769 944 4823 Sicut
972 4770 1118 4824 enim
1151 4772 1205 4823 in
1236 4780 1410 4825 morte
1447 4785 1641 4838 corpo-

63 4856 156 4910 rali
181 4865 432 4926 pereunt
463 4870 675 4922 sensus,
701 4868 757 4911 ut
779 4873 846 4913 ne
868 4858 990 4927 quis
1014 4858 1150 4911 ultra
1169 4873 1266 4927 per
1294 4873 1514 4928 corpus,
1547 4873 1642 4913 ne-

63 4962 161 5014 que
175 4948 458 5011 auditum,
475 4961 648 5015 neque
667 4950 910 5014 odorem,
925 4956 1246 5018 autgustum
1267 4949 1492 5018 recipiat
1505 4948 1642 5019 (95),

66 5041 140 5093 vel
166 5050 384 5094 tactum
417 5055 433 5093 :
476 5039 550 5094 ita
581 5050 632 5094 et
687 5042 779 5110 qui
817 5041 1094 5110 spiritales
1125 5057 1319 5096 sensus
1356 5042 1408 5094 in
1461 5042 1642 5095 anima

66 5129 389 5197 perdiderit,
417 5142 475 5183 ut
508 5147 616 5184 non
649 5132 828 5186 videat
868 5133 1058 5200 Deum,
1087 5149 1265 5201 neque
1299 5133 1483 5186 audiat
1516 5147 1640 5187 ver-

1750 3491 1878 3536 sunt
1904 3481 1972 3549 ⁸⁸,
2013 3501 2033 3535 ι
2068 3483 2343 3553 quomodo
2371 3479 2597 3550 intelligi
2625 3479 2840 3544 debeat,
2866 3479 3170 3534 videamus.
3196 3475 3328 3530 Fre-

1751 3585 1984 3642 quenter
2010 3573 2142 3628 etin
2167 3572 2290 3628 aliis
2322 3572 2673 3642 exposuimus
2703 3571 2844 3640 quod
2878 3569 3023 3624 Deus
3046 3571 3192 3625 solus
3240 3579 3326 3624 est

1747 3666 1839 3735 qui
1871 3666 2041 3721 dicit:
2074 3684 2094 3717 ι
2125 3665 2238 3734 Ego
2273 3681 2390 3720 sum
2422 3664 2513 3734 qui
2550 3679 2670 3718 sum
2697 3665 2777 3728 ⁸¹;
2819 3682 2838 3716 ι
2870 3673 2927 3718 et
2960 3677 3066 3717 una
3104 3673 3187 3718 est
3235 3663 3323 3716 illa

1749 3758 1843 3814 Dei
1874 3757 2181 3813 substantia
2209 3772 2330 3826 qua:
2359 3771 2578 3826 semper
2607 3766 2722 3822 est;
2756 3758 2840 3809 cui
2869 3756 2913 3810 si
2961 3757 3084 3824 quis
3130 3772 3189 3809 se
3223 3755 3322 3806 ad-

1743 3850 2009 3922 junxerit,
2041 3865 2180 3904 unus
2208 3848 2270 3902 ﬁt
2308 3864 2432 3902 cum
2467 3862 2532 3903 eo
2565 3848 2788 3917 spiritus
2807 3849 2876 3912 ",
2929 3857 2984 3901 et
3029 3861 3124 3915 per
3169 3845 3322 3899 illum

1747 3944 1840 4012 qui
1894 3957 2113 4012 semper
2137 3951 2242 4008 est,
2281 3941 2447 3996 etiam
2497 3941 2614 4010 ipse
2651 3951 2774 3994 esse
2805 3939 3026 3993 dicitur.
3063 3935 3163 4002 Qui
3189 3950 3323 3989 vero

1747 4033 1906 4103 longe
1923 4043 2007 4088 est
2033 4033 2100 4086 ab
2121 4046 2206 4097 eo,
2227 4045 2325 4085 nec
2355 4031 2696 4100 participium
2723 4029 2842 4098 ejus
2870 4027 3058 4092 sumit,
3091 4041 3157 4080 ne
3185 4029 3324 4080 esse

1749 4126 1969 4195 quidem
1999 4125 2224 4191 dicitur,
2252 4124 2398 4178 sicut
2427 4136 2646 4177 eramus
2668 4137 2768 4175 nos
2795 4131 2984 4191 gentes
3005 4114 3316 4192 priusquam

1745 4218 1812 4271 ad
1843 4217 2176 4286 agnitionem
2213 4216 2459 4270 veritatis
2508 4216 2704 4269 divina:
2735 4213 3071 4280 veniremus;
3101 4222 3152 4269 et
3199 4213 3320 4268 ideo

1746 4307 1946 4362 dicitur
1977 4305 2122 4361 Dens
2151 4321 2350 4360 vocare
2383 4323 2402 4356 ι
2439 4319 2499 4358 ea
2530 4319 2651 4373 quae
2675 4318 2779 4357 non
2797 4312 2944 4366 sunt,
2978 4312 3231 4372 tanquam
3257 4319 3321 4359 ea

1745 4413 1867 4468 qua:
1893 4408 2039 4452 sunt.
2087 4419 2104 4450 ι
2143 4397 2289 4452 Inter
2310 4413 2404 4453 eos
2431 4398 2577 4451 enim
2609 4397 2699 4465 qui
2728 4407 2874 4460 sunt,
2903 4395 2954 4448 id
2973 4403 3060 4450 est
3084 4397 3175 4465 qui
3200 4411 3324 4465 par-

1749 4491 2119 4561 ticipationem
2152 4492 2354 4545 habent
2383 4491 2500 4559 ejus
2515 4491 2605 4560 qui
2635 4488 3116 4552 est,Abraham,et
3149 4489 3319 4556 Isaac,

1746 4591 1800 4636 et
1840 4581 2035 4646 Jacob,
2079 4593 2134 4636 et
2185 4583 2372 4637 caeteri
2421 4584 2598 4638 sancti
2640 4594 3024 4637 numerantur.
3071 4581 3222 4648 Quod
3271 4582 3318 4634 si

1748 4683 1944 4744 gentes
1977 4673 2248 4728 credendo
2296 4675 2350 4727 in
2384 4675 2541 4728 tidem
2581 4675 2805 4727 veniunt
2834 4674 3086 4736 Abrahae,
3126 4685 3320 4726 conse-

1747 4777 1980 4836 quenter
2008 4768 2331 4836 pronuntiat
2357 4767 2653 4836 Apostolus
2679 4767 2824 4836 qnod
2872 4766 3013 4819 Deus
3046 4763 3321 4817 vocaverit

1695 4914 1710 4924 _
1750 4877 1769 4910 ι
1801 4874 1864 4913 ea
1893 4873 2014 4927 quae
2043 4873 2152 4912 non
2185 4866 2330 4922 sunt,
2365 4869 2623 4926 tanquam
2651 4873 2715 4911 ea
2750 4870 2874 4926 qua:
2899 4864 3047 4910 sunt.
3083 4872 3102 4905 ι
3135 4851 3322 4906 Potest

1749 4963 1928 5006 tamen
1961 4952 2126 5006 etiam
2163 4949 2296 5004 illud
2329 4950 2566 5013 adverti,
2591 4961 2649 5002 ut
2675 4951 2727 5002 in
2769 4951 2872 5003 hoc
2900 4948 3020 5000 loco
3045 4963 3172 5015 erga
3201 4946 3316 5000 lau-

1747 5041 1842 5096 des
1873 5041 1967 5096 Dei
1994 5043 2284 5112 Apostolus
2307 5041 2467 5094 latius
2498 5043 2746 5094 videatur
2769 5040 2990 5101 eﬂ'usus,
3023 5047 3079 5093 et
3105 5037 3318 5091 initium

1749 5133 1938 5202 prima:
1963 5131 2078 5199 ejus
2119 5141 2391 5186 creatura:
2421 5147 2542 5184 cum
2573 5131 2931 5184 admiratione
2957 5142 3317 5191 memorasse,

132 5226 182 5293 ‘7',
207 5222 380 5277 Rom.
415 5239 490 5283 tv.
528 5224 615 5280 l6.
691 5226 733 5256 "
767 5227 901 5282 ibid.
929 5228 1016 5282 17.
1092 5227 1136 5259 ⁸⁸
1159 5227 1298 5281 Gen.
1330 5243 1432 5292 xu,
1458 5228 1512 5281 5.
1587 5229 1632 5259 "
1665 5226 1856 5282 Matth.
1895 5246 1973 5293 nt,
2007 5229 2062 5283 9.
2135 5228 2180 5260 “
2213 5228 2368 5281 item.
2391 5242 2462 5287 tv,
2494 5227 2583 5280 17.
2661 5225 2706 5258 ⁸⁸
2733 5225 2930 5279 Ezech.
2958 5240 3114 5289 xvtu,
3142 5223 3198 5288 4,
3224 5225 3318 5278 20.

66 5294 107 5324 “
143 5292 318 5348 Hebr.
357 5309 430 5359 vt,
469 5294 523 5348 5.
601 5295 695 5350 l"l
729 5297 885 5352 Joan.
920 5314 960 5364 ι,
1008 5299 1061 5354 1.

67 5365 108 5395 ⁵³
138 5365 154 5417 |
183 5366 319 5417 (lor.
358 5378 432 5429 vt,
469 5364 557 5418 17.

133 5456 249 5526 (90)
274 5457 377 5527 rita
407 5455 714 5527 editi.Mss.
751 5471 906 5520 vero,
947 5473 968 5506 t
997 5457 1090 5514 sed
1113 5458 1203 5525 qui
1233 5472 1297 5510 ex
1323 5456 1428 5512 ﬁde
1448 5472 1512 5511 ac
1539 5458 1651 5527 lege

72 5526 444 5580 succedimus.
479 5546 498 5578 ι
535 5525 634 5581 Ms.
671 5542 829 5587 unus,
864 5543 882 5575 ι
917 5529 1010 5579 sed
1041 5528 1131 5595 qni
1173 5543 1239 5580 ex
1284 5527 1406 5581 ﬁdei
1455 5545 1484 5580 a
1529 5525 1650 5594 lege

72 5596 458 5660 succedimus;
494 5615 512 5648 ι
551 5611 670 5665 qua:
697 5597 860 5648 verba
885 5598 966 5648 sic
991 5597 1351 5649 emendantur
1379 5599 1428 5650 in
1459 5601 1649 5650 eodem

71 5665 294 5736 codice,
325 5681 346 5715 ι
381 5667 476 5720 sed
505 5668 597 5736 qui
645 5666 768 5719 ﬁdei
799 5681 865 5720 ex
899 5667 1012 5733 lege
1053 5669 1415 5720 succedimus.
1463 5685 1481 5717 ι
1517 5666 1643 5719 For-

76 5745 214 5789 tasse
251 5735 568 5804 legendum,
597 5737 725 5796 «sed
756 5737 846 5801 qui
892 5751 958 5788 ex
994 5737 1094 5790 lide
1120 5737 1221 5805 legi
1254 5737 1644 5790 succedimth

142 5805 260 5872 (9i)
303 5807 592 5861 Abraham.
641 5807 798 5860 Deest
837 5808 889 5858 in
930 5817 1092 5859 antea
1129 5807 1311 5869 editis,
1341 5807 1430 5874 qui
1465 5819 1646 5875 postea

79 5875 302 5998 mugirent,
341 5893 357 5924 ι
397 5888 523 5930 eum
558 5877 671 5946 ipse
710 5876 851 5931 Deus
891 5876 984 5947 qui
1014 5891 1132 5932 cam
1176 5877 1646 5935 circumcisionem

173 5956 240 5998 tt.
271 5964 292 5996 ι
316 5955 420 5998 etc.

79 5945 240 6012 dedit,
271 5964 292 5996 ι
316 5955 420 6000 etc.

1155 5297 1200 5330 ⁵⁸
1225 5297 1424 5368 Ephes.
1472 5311 1536 5360 ιι,
1568 5299 1622 5353 5.
1697 5299 1889 5354 “l‘sal.
1916 5315 2072 5366 cxm,
2097 5299 2130 5352 4
2153 5313 2272 5366 seq.

2345 5297 2392 5329 ⁸ο
2417 5296 2576 5353 ltoni.
2609 5311 2682 5359 tv,
2713 5297 2801 5350 17.
2851 5296 2895 5327 ⁸⁸
2917 5296 3087 5350 Exod.
3119 5309 3204 5359 nt,
3231 5295 3314 5350 te.

1826 5458 1939 5530 (9‘2)
1980 5457 2071 5512 Sic
2100 5475 2199 5513 ms.
2233 5475 2395 5514 unus.
2419 5458 2610 5514 Cmtert
2640 5475 2768 5514 vero
2797 5476 2927 5513 mss.
2964 5469 3018 5530 et
3043 5459 3310 5530 Salodiani

1751 5531 1916 5582 editio
1949 5530 2213 5602 ha_bent,¢
2248 5532 2506 5602 Dominus
2540 5531 2773 5584 dicebat.
2799 5549 2818 5581 ι
2848 5529 3127 5595 Merliuus,
3152 5529 3318 5583 Eras-
3365 5581 3373 5592 ,

1755 5616 1874 5652 Inus
1904 5609 1955 5651 et
1995 5598 2400 5664 Genebrardus,
2426 5618 2443 5650 ι
2474 5600 2712 5667 Baptista
2739 5601 2973 5654 dicebat.
3011 5618 3028 5650 ι

1826 5670 1938 5738 (95)
1981 5667 2071 5721 Sic
2114 5668 2390 5723 Rabanns.
2437 5669 2566 5724 Mss.
2617 5685 2744 5723 vero
2788 5672 3025 5733 nostri,t
3059 5685 3159 5722 nec
3193 5668 3315 5736 quis

1757 5738 1876 5812 [al.7,
1909 5748 1958 5812 et
1983 5754 2075 5791 nec
2126 5740 2416 5812 quissat"
2450 5752 2496 5812 et
2531 5756 2622 5794 nec
2645 5739 2795 5812 quid]
2823 5744 2956 5794 ultra
2980 5754 3089 5812 per
3116 5753 3314 5812 corpus

1757 5808 1966 5876 recipit,
1992 5826 2008 5857 ι
2035 5817 2140 5862 etc.
2167 5808 2310 5861 Editi
2337 5809 2605 5871 similiter,
2635 5827 2654 5860 ι
2682 5820 2738 5862 et
2769 5808 2867 5863 nec
2899 5811 3051 5878 quis;
3079 5827 3098 5859 ι
3121 5808 3313 5860 deinde

1756 5882 2012 5931 omittunt
2045 5897 2061 5926 ι
2107 5893 2200 5946 per
2235 5897 2267 5950 t
2292 5888 2416 5932 ante
2465 5899 2484 5932 ι
2521 5896 2734 5950 corpus,
2769 5900 2785 5932 ι
2815 5890 2870 5934 et
2902 5882 3095 5934 habent
3127 5896 3145 5929 ι
3181 5878 3312 5933 odd-5

1761 5957 1937 6002 ratum
1967 5967 1986 6000 ι
2020 5963 2116 6017 pro
2152 5967 2171 6000 ι
2205 5949 2445 6006 odorem.
2484 5967 2504 6002 ι
