3768 6534
478 471 585 527 979

1954 462 2277 522 ORIGENIS
3604 461 3695 516 930

482 603 606 643 cum
636 601 703 641 ex
737 582 906 639 nihilo
932 598 1054 638 esse
1104 582 1230 635 fecit
1276 581 1549 646 universa,
1600 587 1654 634 et
1683 596 1746 635 ea
1778 595 1898 649 qua:
1940 594 2046 632 non
2076 584 2123 638 Α
2151 589 2314 630 arena
2341 575 2508 628 maris
2529 572 2697 644 (l-).Et
2728 587 2834 627 non
2858 571 3168 626 inﬁrmatus
3195 579 3280 624 est
3308 569 3431 634 fide,
3464 585 3556 624 nec
3584 587 3689 624 cun-

481 689 661 742 erant,
691 678 893 732 virtute
918 676 1173 746 potentiae
1208 688 1319 726 sua:
1348 683 1600 741 tanquam
1646 686 1764 740 qua:
1789 680 1972 725 essent
1994 677 2050 722 et

481 770 848 824 subsisterent
899 767 1185 822 evocavit:
1219 775 1273 820 et
1313 765 1386 819 ita
1419 764 1467 818 ei
1522 763 1574 816 in
1624 762 1862 817 creando
1917 758 2050 812 nihil

487 864 658 916 fuisse
689 859 922 927 difﬁcile,
957 869 1016 913 ut
1039 873 1162 914 cum
1199 856 1333 910 nihil
1367 857 1676 919 exsisteret,
1725 853 1904 908 omnia
1922 851 2051 908 sub-

482 959 561 1012 ito
611 963 799 1009 vocata
819 954 891 1006 ita
920 951 1219 1006 adfuissent
1239 960 1489 1018 tanquam
1509 960 1854 1017 quzesemper
1876 944 2047 1000 exsti-

484 1047 651 1101 terint
676 1043 810 1116 (94).
853 1043 1006 1111 Quod
1035 1044 1079 1096 si
1120 1043 1244 1111 quis
1275 1042 1430 1096 nobis
1464 1038 1683 1106 objiciet
1711 1038 1859 1092 illum
1899 1039 2049 1106 Apo-

479 1138 604 1192 stoli
632 1152 964 1203 sermonem,
986 1150 1149 1206 quem
1185 1135 1253 1189 ad
1302 1133 1614 1190 Corinthios
1646 1131 1837 1186 scribit
1858 1131 1948 1184 ubi
1969 1130 2050 1184 di-

480 1232 578 1294 cit,
607 1231 734 1299 quia
763 1249 787 1283 ς
814 1227 1244 1296 contemptibilia
1271 1225 1453 1280 mundi
1472 1223 1632 1293 elegit
1656 1224 1821 1287 Deus,
1850 1231 1907 1277 et
1930 1235 2050 1290 quae

479 1335 587 1375 non
622 1330 771 1386 sunt,
811 1329 872 1374 ut
898 1334 960 1374 ea
1007 1333 1129 1389 quae
1167 1327 1293 1372 sunt
1327 1317 1654 1378 destrueret,
1700 1326 1761 1369 ut
1797 1329 1904 1368 non
1931 1313 2048 1383 glo-

483 1414 658 1468 rietur
690 1412 868 1467 omnis
897 1427 1026 1466 caro
1075 1425 1257 1465 coram
1293 1409 1400 1464 Deo
1415 1410 1459 1441 ⁵³
1491 1425 1506 1462 :
1543 1427 1562 1460 ι
1587 1417 1644 1462 et
1671 1407 1818 1462 dicat
1849 1421 2048 1461 secun-

477 1503 605 1556 dum
639 1501 784 1556 hanc
835 1502 1226 1572 expositionem
1259 1517 1367 1556 non
1417 1499 1710 1556 convenire
1742 1507 1802 1552 ut
1843 1496 2047 1552 destrui

479 1596 735 1651 dicantur
761 1609 881 1665 quae
935 1603 1066 1648 sunt
1109 1608 1233 1651 Cum
1278 1607 1342 1648 ea
1377 1607 1497 1658 quae
1546 1607 1654 1645 non
1701 1599 1830 1644 sunt
1875 1589 2047 1644 electa

477 1688 586 1741 sint
617 1687 754 1759 (95),
804 1688 1049 1741 dicemus
1092 1687 1158 1740 ad
1193 1687 1308 1740 hare
1333 1686 1462 1755 quia
1498 1686 1552 1738 in
1598 1684 1691 1738 illo
1739 1683 1860 1739 loco
1916 1682 2050 1737 alios

479 1781 616 1834 dixit
649 1793 748 1835 eos
765 1779 855 1850 qui
879 1788 1032 1843 sunt,
1055 1787 1110 1834 et
1142 1777 1278 1834 alios
1309 1777 1362 1832 in
1392 1779 1497 1833 hoc
1525 1777 1704 1847 capite
1732 1776 1785 1830 in
1810 1774 2048 1843 Epistola

480 1875 548 1925 ad
575 1871 872 1927 Romanos.
910 1869 1372 1929 Declaravitenim
1405 1869 1472 1923 ad
1495 1867 1806 1923 Corinthios
1832 1865 1958 1936 quia
1982 1865 2050 1920 de

2152 665 2409 720 sideravit
2439 680 2636 734 corpus
2685 679 2841 719 suum
2883 663 2997 732 jam
3041 671 3375 723 emortuum,
3427 677 3546 714 cum
3595 662 3692 716 fere

2149 768 2364 814 centum
2397 769 2542 812 esset
2567 771 2853 820 annorum,
2883 766 2938 810 et
2963 763 3265 809 emortuam
3303 752 3515 806 vulvam
3544 753 3690 809 Sane.

2151 851 2206 905 ln
2234 851 2652 921 repromissione
2689 851 2855 904 etiam
2895 849 2989 904 Dei
3025 862 3130 902 non
3163 845 3435 901 haesitavit
3472 846 3689 901 diffiden-

2153 943 2224 998 tia
2267 961 2280 997 :
2305 943 2397 996 sed
2427 940 2767 996 confortatus
2786 949 2872 994 est
2902 940 3008 994 fide
3033 979 3049 1005 ,
3083 939 3216 992 dans
3242 937 3471 1007 gloriam
3501 939 3622 1002 Deo,
3649 957 3694 994 et

2148 1034 2460 1104 plenissime
2491 1034 2669 1088 sciens
2695 1033 2821 1102 quia
2867 1045 3206 1102 quaecunque
3229 1029 3497 1100 promisit,
3525 1039 3692 1100 potetis

2149 1135 2234 1179 est
2268 1135 2324 1178 et
2362 1125 2563 1180 facere.
2594 1123 2716 1178 Ideo
2754 1133 2810 1177 et
2846 1132 3151 1192 reputatum
3196 1131 3280 1178 est
3329 1121 3406 1175 illi
3447 1124 3514 1175 ad
3549 1121 3688 1187 justi-

2153 1217 2279 1270 tiam
2333 1216 2446 1270 ⁵³.»
2505 1214 2729 1270 Videtur
2783 1214 2914 1269 mihi
2973 1215 3115 1286 quod
3178 1213 3319 1269 dixit
3385 1213 3691 1281 Apostolus,

2157 1326 2176 1360 ι
2207 1318 2396 1362 contra
2432 1321 2606 1377 spem,
2632 1325 2650 1359 ι
2687 1308 2971 1376 aspexisse
3022 1306 3150 1361 illud
3197 1306 3342 1375 quod
3402 1306 3455 1358 in
3520 1303 3690 1358 Genesi

2153 1398 2387 1454 refertur
2426 1399 2698 1455 Abraham
2751 1399 2954 1454 dixisse
3005 1399 3071 1452 ad
3115 1397 3448 1453 Dominum:
3486 1412 3505 1446 ι
3536 1397 3688 1448 Domi-

2151 1501 2311 1544 nator
2334 1490 2584 1559 Domine,
2625 1491 2754 1558 quid
2788 1489 2920 1543 mihi
2944 1490 3134 1544 (labis?
3181 1487 3292 1558 Ego
3329 1496 3511 1542 autem
3541 1486 3692 1541 dimit-

2152 1596 2236 1641 tor
2264 1585 2381 1641 sine
2412 1583 2578 1638 ﬁliis:
2612 1582 2698 1637 hic
2723 1590 2908 1636 autem
2951 1582 3090 1636 ﬁlius
3133 1580 3348 1634 Masech
3393 1579 3472 1650 (2)
3519 1595 3691 1634 verna-

2149 1677 2286 1733 cula:
2311 1691 2445 1732 meae
2470 1675 2767 1730 Damascus
2793 1674 3017 1729 Eliezer.
3047 1672 3112 1727 Et
3141 1674 3281 1727 dixit
3311 1671 3581 1726 Abraham
3611 1671 3689 1738 (5;:

2150 1771 2417 1839 Quoniam
2443 1769 2572 1823 mihi
2595 1783 2700 1822 non
2730 1768 2924 1822 dedisti
2960 1782 3182 1830 semen,
3235 1767 3326 1820 hic
3381 1764 3683 1838 vernaculus

2151 1879 2304 1919 meus
2332 1863 2506 1917 meres
2542 1875 2694 1915 meus
2712 1859 2818 1916 erit
2853 1859 2919 1918 '9.
2940 1876 2960 1911 ι
2992 1858 3068 1912 Ex
3100 1858 3297 1928 quibus
3324 1858 3512 1926 utique
3537 1856 3694 1910 verbis

483 1965 566 2018 his
595 1963 798 2018 diceret
833 1977 972 2033 quos
1019 1977 1184 2032 supra
1235 1970 1669 2018 enumeraverat.
1703 1932 1866 2012 Dixitv
1901 1957 2046 2012 enim
2079 1932 2122 1987 Β
2152 1955 2421 2012 Abraham
2467 1954 2535 2008 de
2585 1952 2709 2007 ﬁliis
2752 1951 3112 2021 suscipiendis
3163 1950 3494 2019 intelligitur
3517 1950 3694 2017 .despeo

476 2055 725 2124 superius
749 2055 836 2108 ’δε
877 2073 898 2108 ‹
932 2054 1124 2110 Videte
1183 2054 1326 2109 enim
1375 2052 1712 2108 vocationem
1771 2059 2044 2114 vestram,

475 2146 696 2211 fratres,
717 2147 845 2216 quia
869 2160 975 2207 non
1000 2147 1152 2203 multi
1171 2146 1444 2216 sapientes
1467 2144 1609 2199 inter
1631 2157 1726 2198 vos
1748 2142 2049 2197 secundum

481 2255 726 2303 carnem,
750 2254 856 2293 non
879 2238 1029 2294 multi
1049 2249 1295 2308 petentes
1339 2231 1474 2304 (96),
1499 2245 1610 2284 non
1629 2229 1782 2284 multi
1804 2230 2041 2286 ntb'lcs:

477 2333 572 2388 sed
598 2348 719 2404 qua:
749 2332 915 2390 stulta
948 2342 1076 2388 sunt
1113 2330 1297 2385 mundi
1332 2328 1495 2398 elegit
1525 2325 1688 2390 Deus,
1721 2337 1781 2379 ut
1818 2322 2048 2380 confun-

481 2427 572 2482 dat
597 2425 872 2496 sapientes
896 2434 984 2479 :et
1009 2424 1221 2478 inﬁrma
1251 2421 1439 2476 mundi
1468 2420 1630 2487 elegit
1659 2418 1898 2482 Deus,ut
1919 2430 2050 2470 con-

479 2515 674 2570 fundat
724 2514 908 2570 fortia.
940 2532 959 2566 ι
991 2511 1147 2568 Sicut
1199 2527 1328 2582 ergo
1379 2510 1546 2568 stulta
1592 2509 1778 2564 mundi
1822 2507 2050 2578 elegisse

477 2608 616 2664 dicit
638 2608 834 2671 Deum,
869 2609 972 2663 hoc
1015 2615 1098 2674 est
1126 2614 1334 2676 gentes,
1369 2614 1430 2658 ιιι
1452 2602 1804 2659 confunderet
1830 2602 2048 2670 sapien-

479 2713 585 2766 tes,
614 2702 733 2756 sine
764 2700 926 2756 dubio
951 2697 1166 2756 Judteos
1191 2715 1212 2764 ;_
1247 2705 1302 2752 et
1341 2695 1560 2750 infirma
1593 2693 1800 2758 mundi,
1835 2701 1893 2746 ut
1914 2706 2050 2746 con-

476 2795 670 2850 fundat
703 2795 890 2860 fortia,
921 2793 1112 2848 eodem
1147 2790 1341 2846 ordine
1375 2788 1429 2846 in
1463 2787 1565 2842 hoc
1590 2786 1717 2842 loco.
1743 2785 1878 2840 dicit
1907 2785 2052 2840 etde

477 2891 562 2944 his
591 2904 712 2958 quae
744 2903 848 2943 non
872 2898 1020 2953 sunt,
1055 2896 1114 2942 ut
1139 2901 1200 2941 ea
1229 2900 1351 2954 qua:
1375 2895 1503 2940 sunt
1534 2884 1777 2939 destruat
1806 2899 1822 2936 :
1858 2891 1914 2935 et
1942 2895 2050 2938 non

461 2978 602 3037 ‘esse
629 2991 838 3051 gentes,
861 2995 981 3038 esse
1005 2991 1188 3038 antem
1208 2977 1424 3034 Judaeos
1451 2977 1710 3043 ostendit,
1745 2976 1796 3030 id
1827 2984 1932 3042 est,
1957 2973 2051 3045 qui

477 3075 532 3128 in
568 3075 686 3141 lege
703 3081 884 3137 erant,
924 3074 1018 3132 sed
1043 3070 1218 3140 legem
1245 3083 1349 3123 non
1380 3067 1695 3138 implebant,
1719 3074 1778 3120 ut
1808 3066 2053 3120 destrue-

481 3175 696 3230 rentur,
722 3175 776 3218 et
809 3164 1198 3220 inducerentur
1230 3159 1342 3231 (97)
1376 3158 1455 3213 illi
1506 3159 1602 3228 qui
1659 3173 1769 3214 non
1802 3165 1964 3210 erant
1998 3146 2052 3209 in

479 3258 625 3326 lege,
649 3269 704 3312 et
726 3256 963 3313 Abrahae
1009 3253 1134 3309 fidei
1165 3251 1503 3308 credulitatis
1534 3249 1730 3305 merito
1757 3249 2053 3318 jungeren-
2079 3289 2126 3348 ο

483 3363 592 3408 tur.
621 3352 774 3420 Quod
798 3359 983 3410 autem
1013 3349 1192 3404 dixit:
1225 3363 1247 3402 ι
1270 3344 1654 3400 Utconfundat
1683 3344 1958 3413 sapientes
1986 3358 2000 3396 :
2025 3362 2046 3394 ι

482 3459 588 3498 non
619 3459 728 3514 quo
764 3457 894 3500 vere
923 3440 1200 3510 sapientes
1254 3446 1438 3493 essent
1489 3434 1639 3506 (98);
1679 3434 1884 3504 alioqui
1915 3450 2054 3490 nun-

482 3549 647 3604 quam
669 3534 1026 3594 confunderet
1059 3532 1200 3587 Deus
1224 3544 1320 3585 eos
1364 3529 1457 3599 qui
1495 3528 1794 3584 secundum
1823 3526 1916 3582 Dei
1960 3543 2050 3582 sa-

482 3628 749 3695 pientiam
793 3625 1070 3694 sapientes
1117 3635 1248 3679 sunt
1276 3624 1361 3689 ";
1416 3620 1512 3677 sed
1556 3621 1675 3676 illos
1700 3619 1836 3675 dicit
1871 3619 1964 3689 qui
1994 3635 2054 3674 se

485 3727 676 3789 putant
701 3732 823 3774 esse
846 3715 1142 3786 sapientes,
1164 3725 1221 3774 et
1254 3730 1359 3770 non
1383 3723 1534 3778 sunt,
1563 3712 1708 3767 sicut
1727 3719 1783 3766 et
1810 3709 1943 3766 alibi
1973 3711 2056 3765 di-

486 3813 594 3875 cit:
615 3831 634 3864 ι
663 3809 764 3868 Ubi
784 3809 1041 3879 sapiens?
1069 3807 1162 3862 ubi
1180 3807 1392 3862 scriba?
1414 3806 1504 3861 ubi
1535 3805 1874 3875 conquisitor
1897 3801 2056 3871 hujus

485 3903 716 3960 saeculi?
739 3901 924 3956 Nonne
953 3897 1172 3954 stultam
1204 3898 1334 3953 fecit
1365 3896 1508 3954 Deus
1533 3896 1862 3966 Sapientiam
1891 3893 2054 3963 hujus

487 3995 669 4052 mundi
695 3993 784 4046 “‘2.
815 4011 836 4046 ›
871 3991 1038 4061 Hujus
1073 3989 1264 4044 mundi
1291 4002 1424 4058 ergo
1461 3986 1738 4057 sapientes
1764 3982 2055 4039 confundit

2152 2064 2324 2105 rasse.
2352 2047 2506 2115 Quod
2532 2061 2663 2101 vero
2700 2045 2859 2110 dixit,
2896 2044 2980 2098 «in
3005 2059 3152 2114 spem
3193 2043 3452 2106 credidit,
3479 2060 3499 2093 ι
3535 2041 3692 2096 datam

2152 2156 2338 2197 rursus
2369 2141 2418 2194 ei
2449 2154 2623 2208 spem,
2655 2139 2867 2208 opinor,
2902 2137 3027 2191 inde
3067 2135 3275 2206 colligit
3325 2135 3419 2190 ubi
3459 2135 3694 2204 scriptum

2149 2243 2237 2289 est
2264 2249 2279 2286 :
2321 2232 2416 2286 «Et
2446 2247 2550 2286 vox
2574 2230 2787 2286 Domini
2820 2228 2962 2283 facta
2991 2238 3075 2284 est
3100 2228 3168 2281 ad
3199 2242 3326 2281 eum
3361 2227 3548 2281 dicens
3570 2225 3696 2280 :Non

2150 2335 2236 2380 est
2261 2325 2349 2380 hic
2382 2325 2557 2380 haeres
2588 2333 2712 2378 tuus
2744 2341 2759 2378 :
2787 2323 2879 2377 sed
2914 2321 3003 2390 qui
3038 2321 3236 2375 exierit
3266 2319 3334 2373 de
3359 2329 3446 2383 te,
3477 2320 3585 2388 ipse
3611 2318 3698 2373 erit

2152 2418 2330 2474 haeres
2366 2426 2509 2472 tuus.
2545 2415 2746 2470 Eduxit
2765 2423 2944 2467 autem
2974 2428 3096 2467 eum
3126 2411 3307 2477 foras,
3340 2421 3397 2467 et
3427 2411 3562 2466 dixit
3594 2411 3656 2464 illi
3681 2426 3693 2462 :

2153 2509 2381 2577 Respice
2403 2509 2471 2562 ad
2499 2506 2717 2571 coelum,
2771 2515 2826 2559 et
2863 2519 3088 2560 numera
3123 2502 3336 2567 stellas,
3385 2501 3432 2557 si
3482 2503 3697 2570 potueris

2152 2604 2498 2658 dinumerare
2525 2615 2642 2656 eas.
2692 2599 2762 2654 Et
2807 2601 2883 2652 ait
2923 2598 2991 2652 ad
3023 2611 3148 2652 eum
3181 2596 3321 2666 :Sic
3378 2598 3488 2650 erit
3537 2611 3697 2650 semen

2154 2705 2329 2748 tuum.
2369 2692 2685 2748 Etcredidit
2713 2692 2847 2756 Deo,
2878 2699 2934 2744 et
2964 2698 3274 2758 reputatum
3305 2697 3391 2743 est
3420 2687 3470 2742 ei
3508 2689 3572 2742 ad
3620 2685 3699 2754 ju—

2151 2780 2435 2837 stitiam“.
2454 2798 2474 2831 ι
2527 2783 2606 2838 Ex
2635 2782 2720 2838 his
2749 2795 2878 2850 ergo
2906 2779 3086 2835 verbis
3128 2789 3184 2832 et
3211 2778 3523 2848 deSpet-atio
3549 2778 3697 2846 prius,

2153 2885 2208 2928 et
2253 2873 2594 2942 postmodum
2627 2871 2750 2925 data
2807 2872 2858 2925 ei
2922 2883 3048 2938 spes
3113 2870 3208 2924 Dei
3271 2869 3701 2938 promissionibus

2155 2966 2484 3020 declaratur.
2518 2963 2615 3020 Cui
2659 2964 2786 3034 quia
2811 2963 3066 3028 credidit,
3110 2963 3376 3018 scribitur
3421 2965 3490 3017 de
3529 2977 3588 3015 eo
3617 2961 3700 3014 hoc

2156 3058 2301 3128 quod
2338 3072 2482 3111 nunc
2514 3057 2768 3126 proponit
2793 3055 2871 3126 (4)
2903 3055 3194 3126 Apostolus
3218 3094 3237 3120 ,
3284 3056 3421 3125 quia
3458 3072 3478 3106 ι
3511 3063 3700 3124 reputa-

2159 3159 2270 3211 tum
2297 3158 2386 3204 est
2412 3148 2461 3202 ei
2496 3149 2562 3201 ad
2584 3147 2851 3218 justitiam
2881 3146 2948 3200 “.
2975 3163 2996 3198 ι
3027 3145 3219 3200 Merito
3255 3156 3467 3210 autem,
3492 3153 3546 3198 et
3572 3157 3700 3196 more

2158 3240 2241 3312 (5)
2269 3239 2369 3295 sibi
2403 3239 2562 3294 solito
2604 3237 2691 3293 ubi
2724 3238 2791 3292 de
2822 3236 2927 3292 ﬁde
2973 3244 3192 3300 tractat,
3238 3235 3539 3304 Apostolus
3582 3249 3698 3288 cou-

2153 3329 2333 3401 jungit
2362 3338 2416 3384 et
2447 3342 2621 3399 spem,
2665 3326 2844 3383 sciens
2889 3325 3014 3381 ﬁdei
3072 3341 3228 3396 spem
3286 3325 3698 3395 inseparabiliter

2153 3423 2431 3484 coherere
2458 3460 2474 3485 ,
2505 3420 2644 3476 sicut
2676 3431 2729 3474 et
2759 3418 2812 3472 in
2861 3415 3103 3487 Epistula
3155 3418 3222 3471 ad
3273 3415 3534 3470 Hebraeos
3579 3416 3698 3467 idem

2155 3514 2312 3570 docet
2341 3513 2527 3567 dicens
2558 3528 2572 3566 :
2610 3511 2736 3566 tEst
2760 3517 2938 3563 autem
2964 3507 3095 3562 ﬁdes
3121 3507 3518 3577 sperandarum
3541 3519 3698 3560 rerum

2156 3606 2500 3670 substantia,
2554 3601 2815 3658 indicium
2871 3615 2977 3653 non
3033 3598 3416 3667 apparentium
3473 3598 3583 3650 ιδ’.»
3644 3593 3701 3647 Ει

2157 3697 2354 3751 iterum
2385 3697 2441 3750 in
2465 3695 2567 3750 hac
2589 3693 2774 3748 eadem
2809 3690 2875 3745 ad
2901 3690 3172 3743 Romanos
3205 3687 3451 3757 Epistola
3473 3688 3525 3740 in
3547 3695 3702 3754 poste-

2159 3787 2394 3843 rioribus
2421 3786 2556 3842 dicit
2586 3801 2600 3838 :
2633 3802 2652 3836 ι
2674 3783 2782 3853 Spe
2811 3793 2991 3836 autem
3023 3781 3156 3834 salvi
3188 3780 3321 3835 facti
3354 3795 3555 3835 sumus.
3587 3776 3703 3844 Spes

2157 3891 2341 3958 autem
2366 3893 2486 3948 quat
2515 3877 2750 3943 videtur,
2782 3889 2889 3928 non
2917 3883 3001 3928 est
3030 3889 3175 3943 Spes.
3214 3871 3374 3938 Quod
3410 3872 3550 3926 enim
3577 3869 3704 3922 videt

2159 3973 2303 4043 quis,
2331 3971 2460 4041 quid
2488 3967 2705 4036 sperat?
2731 3964 2787 4020 Si
2817 3979 2944 4020 vero
2963 3965 3105 4034 quod
3136 3979 3245 4018 non
3278 3964 3524 4018 videmus
3547 3957 3702 4030 spera-

2159 4081 2304 4130 mus,
2331 4079 2426 4134 per
2461 4059 2780 4132 patientiam
2811 4068 3191 4128 exspectamus
3225 4057 3294 4111 ⁶³.
3335 4075 3357 4108 ι
3407 4056 3554 4122 Quod
3601 4055 3702 4113 ait,

2165 4177 2183 4208 ι
2214 4172 2309 4227 spe
2346 4154 2479 4210 salvi
2515 4151 2642 4206 facti
2671 4166 2881 4215 sumus,
2937 4171 2955 4204 ι
2984 4151 3086 4204 hoc
3137 4148 3279 4201 idem
3309 4157 3395 4201 est
3433 4147 3568 4215 quod
3594 4144 3703 4196 alibi

2161 4248 2310 4313 dicit,
2340 4245 2468 4316 quia
2503 4263 2522 4295 ‹
2546 4258 2642 4312 per
2673 4242 2834 4296 fidem
2865 4239 3050 4296 salvati
3097 4254 3288 4294 sumus
3315 4239 3362 4270 ⁸⁵
3392 4261 3440 4297 :t
3481 4249 3552 4300 et,
3586 4255 3602 4288 ι
3627 4234 3703 4298 Fi-

485 4089 692 4158 eligens
739 4085 952 4151 stultos,
997 4098 1105 4138 non
1134 4081 1263 4152 quia
1305 4079 1564 4140 similiter
1601 4078 1755 4132 stulti
1785 4083 1970 4132 essent
2003 4081 2058 4128 et

487 4180 577 4235 isti
609 4194 706 4246 per
737 4177 852 4247 (99)
881 4175 1160 4246 penuriam
1207 4187 1400 4233 sensus
1425 4211 1441 4238 ,
1473 4171 1573 4226 sed
1605 4167 1900 4225 secundum
1929 4163 2058 4218 illud

487 4274 630 4342 qtth
657 4272 862 4326 dictum
888 4276 970 4322 est
991 4267 1036 4299 "
1065 4281 1080 4319 :
1124 4285 1149 4318 ι
1181 4264 1285 4332 Qui
1323 4264 1436 4320 vult
1486 4262 1703 4332 sapiens
1727 4273 1870 4321 esse,
1895 4255 2052 4328 531

489 4325 688 4422 stultus
742 4361 836 4417 ﬁat
880 4359 934 4414 in
989 4359 1092 4412 hoc
1145 4325 1367 4421 mundo,
1422 4363 1482 4409 ut
1523 4325 1595 4408 sit
1645 4351 1864 4420 sapiens
1910 4325 2059 4416 apud
2161 4339 2256 4392 des
2289 4349 2378 4397 uta
2422 4347 2472 4390 le
2499 4335 2702 4390 salvam
2749 4331 2876 4386 feeit
2911 4350 2956 4400 ;I
3014 4341 3087 4396 et,
3149 4347 3168 4380 ι
3197 4329 3511 4384 Secundum
3567 4325 3700 4379 ﬁdem

493 4419 839 4524 Deum:quia
875 4450 1142 4522 sapientia
1164 4449 1326 4520 hujus
1347 4419 1533 4515 mundi
1562 4419 1792 4504 stultitia
1816 4449 1900 4500 est
1920 4439 2060 4511 apud
2166 4441 2311 4491 tuam
2342 4428 2624 4501 contingat
2659 4423 2753 4524 tibi
2789 4422 2855 4475 ".
2880 4441 2899 4475 ›
2940 4421 3071 4489 Quae
3101 4422 3291 4490 utique
3343 4419 3449 4473 illis
3481 4419 3706 4472 dicuntur

491 4513 747 4605 Deum..-
941 4513 959 4522 ’
1235 4513 1255 4520 ⁷
1402 4513 1404 4515 ’
2163 4521 2253 4590 qui
2287 4520 2573 4576 credentes
2604 4518 2656 4572 in
2682 4515 2868 4575 Jesum
2907 4529 3056 4584 spem
3105 4520 3393 4583 gesserunt
3443 4513 3509 4565 ab
3552 4524 3611 4564 eo
3654 4522 3705 4560 se

561 4604 616 4696 ε,
650 4656 670 4696 ς
706 4637 806 4704 Qui
845 4647 1030 4696 contra
1065 4650 1215 4704 spem
1245 4634 1300 4689 in
1330 4649 1480 4704 spem
1502 4630 1737 4688 credidi;
1763 4668 1779 4694 ,
1813 4636 1871 4686 υι
1903 4625 2056 4680 ﬁeret
2089 4625 2134 4682 ι)
2163 4627 2323 4684 posse
2360 4610 2565 4666 curari.
2604 4607 2758 4664 Sicut
2783 4615 2964 4662 autem
3009 4604 3281 4658 Abraham
3325 4620 3346 4654 ι
3371 4613 3556 4657 coiitra
3580 4614 3705 4704 spritu

490 4741 645 4801 pater
673 4688 961 4785 multarum
995 4688 1236 4797 genitium
1260 4767 1276 4789 .
1319 4688 1620 4782 secundum
1667 4719 1810 4790 quod
1857 4718 2058 4771 dictum
2167 4707 2220 4761 in
2250 4719 2401 4778 Spem.
2431 4701 2664 4758 credidit
2690 4699 2758 4763 “.
2784 4719 2804 4752 ι
2842 4699 2917 4754 ita
2948 4712 3138 4752 omnes
3184 4697 3278 4765 qui
3310 4711 3411 4764 per
3444 4696 3595 4748 ﬁdem
3626 4688 3707 4801 filii

489 4781 576 4879 est
603 4824 655 4882 ei
696 4842 710 4880 :
744 4821 837 4877 Sic
872 4819 979 4879 erit
996 4781 1203 4880 "semen
1247 4827 1398 4884 tuum
1447 4814 1591 4880 sicut
1619 4781 1787 4868 stellae
1813 4806 1960 4875 caeli,
2005 4812 2060 4872 et
2163 4808 2292 4852 sum
2337 4794 2634 4858 Abraham.
2682 4801 2876 4846 εοηιΐει
2922 4803 3072 4858 Spem
3133 4788 3186 4841 in
3218 4801 3372 4856 spem
3405 4787 3624 4840 "eum"
3654 4781 3707 4833 de

563 4960 647 5014 ἐι
673 4959 798 5014 Cor.
829 4974 866 5022 ι,
901 4957 994 5020 es,
1017 4955 1106 5010 29.
1190 4954 1238 4986 ιι
1270 4954 1398 5007 ibid.
1431 4951 1524 5022 26,.
1553 4949 1644 5003 a7.
1689 4945 1915 5022 _f"_lsai.
1940 4960 1994 5004 ν,

2192 4938 2439 5022 “it-Cor.
2469 4949 2509 4994 ι.
2541 4932 2630 5022 20..
2707 4926 2960 5022 δςὶιιςοτ.
2993 4923 3412 5022 In,l83‘l9.“”
3457 4921 3620 5022 ᾕρει..
3646 4931 3708 5010 ιγ,

493 4992 806 5086 iter";
830 4992 994 5086 es:
1022 4992 1174 5087 an.
1246 4992 1644 5078 «vitam:
1683 5019 1728 5050 οι
1761 4992 1921 5070 rga;
1946 4992 2020 5083 te,

2214 5009 2259 5042 “
2289 5008 2450 5062 Hebr.
2497 4992 2574 5068 ti,
2601 5005 2652 5056 f.
2729 5001 2774 5031 ⁶³
2815 4997 2974 5055 Rom.
3004 5011 3116 5060 vnt,
3145 4995 3234 5059 24,
3288 4994 3380 5048 25.
3457 4993 3501 5024 “
3534 4992 3708 5061 Ephes.

492 5117 556 5168 ιι,
605 5103 661 5158 8.
739 5100 785 5133 ⁸⁸
819 5097 1009 5153 Matth.
1055 5111 1132 5162 tx,
1185 5093 1374 5157 22-29.
1450 5092 1494 5123 ⁶⁶
1529 5091 1688 5148 Rom.
1726 5103 1800 5154 tv,
1825 5087 1911 5142 18.

566 5210 680 5278 (94)
715 5210 792 5264 lta
843 5223 948 5264 ms.
999 5218 1141 5260 unus
1176 5201 1379 5278 Regius
1414 5215 1565 5254 num.
1599 5193 2070 5278 lﬁ5§l_.ul_labanns

497 5263 921 5345 veio,'edirti,iet
959 5290 1089 5345 mss.
1114 5263 1400 5345 qttidam,¢_
1425 5281 1484 5345 ut
1517 5285 1641 5324 cum
1673 5265 1808 5345 nihil
1837 5263 2073 5345 exsiste-

600 5329 1087 5423 Ῐξιιῖᾶἓῦξιετεῃι]
1103 5329 1303 5423 omnia
1319 5329 1497 5423 subito
1523 5348 1714 5392 vocata
1755 5329 2072 5389 itaadluisse

499 5409 629 5495 [ηιξ
646 5409 724 5477 mi
750 5422 954 5495 fuisse;
978 5409 1086 5478 al.,'
1096 5415 1170 5470 ita
1201 5421 1255 5464 ut
1277 5409 1472 5482 j'uissej
1499 5420 1756 5479 tanquam
1780 5420 1901 5478 quae
1926 5417 2071 5458 sem-

499 5490 596 5562 per
625 5490 956 5562 exstiterint.
998 5504 1016 5536 ι
1299 5559 1308 5562 _
1352 5549 1362 5559 .
1425 5548 1496 5562 _n
1542 5549 1552 5562 .
1627 5561 1632 5562 γ
1753 5542 1889 5562 nm

572 5544 685 5632 (93)
707 5544 794 5618 ita
815 5545 1006 5613 omnes
1038 5566 1170 5609 mss.
1194 5549 1362 5612 nostri
1388 5557 1444 5614 et
1460 5548 1732 5608 [tabanus
1753 5544 1895 5612 Editi
1917 5556 2065 5608 vero,

505 5651 525 5685 ι
558 5642 749 5688 vocata
779 5637 927 5685 sunt.
967 5645 985 5678 ι

572 5686 687 5785 (96)
730 5701 855 5755 Non
900 5695 1055 5750 multi
1088 5705 1341 5762 palentes.
1397 5688 1521 5754 Hac
1574 5688 1769 5750 desunt
1820 5686 1872 5752 in
1908 5691 2026 5737 ante

730 5839 896 5880 Δὶίεις-
926 5855 944 5880 ι
982 5833 1375 5880 iudicarentur-
1413 5849 1430 5880 ι
1474 5829 1634 5880 male.

2248 5686 2324 5744 (2)
2359 5686 2594 5725 Μαεεση.
2628 5686 2797 5736 bum,
2823 5686 2841 5716 ι
2868 5686 3068 5729 manet,
3097 5686 3116 5717 ι
3159 5686 3180 5719 n

2250 5747 2305 5814 (5
2363 5743 2525 5806 Etliti,
2555 5758 2573 5789 ι
2605 5736 2892 5791 Etaddidit
2922 5735 3180 5797 Abram.»

2252 5752 2328 5880 (4)
2358 5814 2481 5865 Mss.
2516 5825 2676 5871 unus,
2709 5825 2726 5858 t
2753 5806 3089 5873 pronuntiat.
3119 5826 3136 5857 ι

725 5839 898 5899 Alias,
926 5855 945 5892 ι
977 5833 1375 5910 iudicarentur,
1413 5849 1430 5880 ι
1474 5829 1634 5910 male.
1668 5898 1677 5906 .
3119 5826 3136 5857 ³

1048 5885 1484 5968 nosti-inpudica.
1539 5898 1680 5967 Editi
1720 5912 1870 5962 vero,
1914 5912 1931 5948 ε
1969 5911 2071 5959 non
2250 5890 2326 5957 (Ἰ)
2362 5885 2485 5937 Mss.
2518 5897 2677 5944 unus,
2712 5896 2729 5930 ι
2758 5893 2820 5930 ex
2854 5891 3018 5931 more.
3051 5894 3072 5928 ι

2172 5187 2474 5256 quod__vere
2496 5177 2767 5256 sapientes
2788 5185 2991 5256 essent.
3026 5189 3046 5222 ι

2246 5253 2360 5327 (99)
2400 5239 2676 5327 Sapientes
2707 5243 3444 5327 confunditeligensjtultos,
3463 5256 3574 5327 non
3603 5239 3710 5311 quia

2171 5308 2418 5381 siniililer
2455 5308 2603 5374 stulti
2641 5308 2818 5371 essent
2846 5323 2896 5367 et
2935 5312 3025 5366 isti
3050 5308 3161 5382 per.
3211 5313 3337 5368 Haec
3361 5308 3713 5367 desidei'amur

2171 5398 2226 5452 in
2252 5405 2409 5449 antea
2437 5390 2621 5444 editis.

2189 5459 2193 5465 ’
2243 5465 2318 5537 (l)
2348 5460 2493 5537 Sicut
2521 5457 2687 5537 stella;
2717 5451 2856 5520 οῳιὶ,
2887 5463 2934 5519 et
2963 5454 3502 5537 arenn.ntaris._lla'c
3523 5452 3711 5537 deside-

2172 5521 2362 5598 rantur
2419 5533 2473 5598 in
2516 5527 2765 5584 omnibus
2814 5539 2944 5578 mss.
2989 5525 3222 5592 nostris;
3266 5527 3365 5581 sed
3415 5532 3626 5579 exstant
3672 5521 3713 5571 in

2174 5611 2805 5744 ΘἻὲῗοΜαεέσΙι.-Εδίὲίι,
2823 5674 3068 5744 ἷ.¹“²Ϋῃθι’
3097 5684 3116 5717 ’
3159 5665 3318 5724 “me.
