3754 6540
94 449 189 504 981

1052 445 1402 503 ΕΟΜΜΕΝΤ.
1442 445 1506 500 IN
1542 443 1760 502 EPIST.
1803 443 1896 498 AD
1925 440 2092 498 ROM.
2127 439 2254 496 LIB.
2292 439 2382 500 iV.

94 571 328 640 singulis
366 569 672 640 quibusque
725 585 844 638 qua:
893 571 1146 635 credunt,
1187 573 1304 626 sive
1354 571 1420 626 de
1486 586 1670 626 resur-
1698 573 1747 631 Δ
1775 567 2019 623 irritatur
2054 581 2068 618 ;
2100 564 2283 620 omnia
2319 561 2535 626 tolerat,
2570 560 2755 616 omnia
2786 559 2984 623 credit,
3021 559 3200 614 omnia
3231 574 3354 629 spe-

95 663 343 715 rectione
371 669 733 728 mortuorum,
761 661 878 716 sive
909 662 978 715 de
1006 661 1323 716 haereditate
1376 665 1526 732 regni
1561 675 1678 718 cm-

95 749 296 804 lorum.
336 750 462 805 Hazc
501 751 664 812 enim,
707 757 968 818 quantum
999 752 1066 803 ad
1091 760 1346 806 naturam
1378 753 1677 806 humanam

94 849 332 908 spectat,
365 849 557 896 contra
586 855 736 910 spem
769 841 1053 905 videntur;
1088 852 1348 912 quantum
1389 854 1570 900 autem
1609 844 1678 899 ad

92 933 396 1000 potentiam
458 933 593 996 Dei,
632 933 684 987 in
719 947 870 1003 spem
923 935 1218 991 creduntur
1265 936 1382 1007 (6);
1432 937 1678 1007 exemplo

93 1024 383 1078 Abraham
440 1023 718 1096 credentis
773 1026 899 1095 quia
971 1045 991 1078 ι
1028 1041 1366 1098 quaecunque
1423 1029 1680 1099 promisit

96 1116 263 1181 Deus,
297 1127 496 1186 potens
523 1128 610 1172 est
635 1127 689 1172 et
717 1117 898 1173 facere
927 1119 1012 1185 '7;
1068 1138 1086 1173 ο
1125 1121 1173 1175 si
1221 1130 1398 1178 tamen
1449 1122 1534 1178 his
1584 1121 1678 1193 qui

94 1208 334 1260 credunt
367 1218 586 1263 maneat
631 1209 789 1275 ﬁdes,
817 1229 962 1282 spes,
1010 1221 1064 1267 et
1097 1213 1364 1268 charitas.
1427 1214 1494 1269 Et
1546 1224 1679 1283 puto

93 1299 240 1367 quod
265 1299 446 1369 prima
472 1300 665 1356 salutis
696 1303 871 1369 initia,
913 1313 969 1360 et
1001 1304 1116 1374 ipsa
1157 1304 1515 1362 fundamenta
1545 1306 1680 1362 ﬁdes

91 1399 176 1443 est
206 1408 224 1443 :
260 1391 544 1460 profectus
571 1408 702 1448 vero
725 1403 777 1449 et
819 1407 1108 1465 augmenta
1147 1396 1364 1452 aediﬁcii
1399 1412 1525 1467 spes
1551 1406 1679 1453 est:

93 1483 364 1552 perfectio
401 1495 584 1540 autem
623 1496 680 1541 et
708 1487 922 1542 culmen
959 1489 1129 1542 totius
1170 1490 1353 1557 operis
1383 1490 1629 1545 cbaritas
1661 1507 1677 1545 :

91 1585 148 1626 et
175 1575 304 1629 ideo
347 1593 366 1626 ι
394 1578 568 1648 major
615 1579 860 1633 omnium
892 1598 911 1631 ι
959 1579 1162 1634 dicitur
1211 1598 1230 1633 t
1263 1581 1507 1636 charitas
1560 1581 1674 1636 ⁸⁸.»

93 1665 268 1730 Igitur
293 1668 571 1722 Abraham
605 1679 835 1724 «contra
860 1685 1010 1738 spem
1045 1671 1100 1725 in
1135 1685 1285 1740 spem
1310 1671 1575 1740 credidit,
1621 1681 1682 1728 ut

92 1770 254 1826 pater
295 1759 452 1814 ﬁeret
474 1761 765 1815 multarum
796 1761 1039 1832 gentium
1071 1781 1088 1814 ο
1123 1778 1244 1833 qum
1278 1762 1476 1819 futura:
1497 1774 1683 1819 essent

91 1851 236 1905 sicut
277 1851 454 1906 stella:
497 1853 643 1916 caeli,
693 1869 798 1908 non
840 1852 1016 1908 solum
1060 1855 1446 1922 multitudine,
1489 1855 1582 1910 sed
1626 1865 1682 1910 et

1779 667 1886 722 rat,
1908 656 2087 712 omnia
2116 655 2366 719 sustinet,
2410 670 2430 704 ι
2467 662 2524 706 et
2551 660 2753 706 caetera
2783 650 2870 704 his
2899 647 3115 704 similia.
3142 648 3276 715 Quae
3306 651 3353 704 si

1776 748 1902 818 quis
1933 748 2132 803 habeat
2156 788 2171 814 ,
2206 753 2358 801 recte
2397 742 2528 798 mihi
2568 741 2779 797 videtur
2824 740 2930 795 dici
2981 738 3124 809 quod
3160 740 3358 793 habeat

1777 854 1998 894 omnem
2029 838 2354 894 charitatem
2386 852 2402 891 :
2435 849 2556 904 qua:
2576 832 2820 888 charitas
2846 830 2966 886 sine
2994 827 3156 884 dubio
3184 842 3250 882 ex
3273 828 3359 883 his

1777 929 2006 1000 singulis
2051 930 2120 984 ab
2175 928 2438 998 Apostolo
2485 941 2650 997 supra
2726 921 3045 979 memoratis
3108 919 3357 990 partibus

1778 1029 2012 1079 constat.
2066 1021 2334 1077 Similiter
2389 1028 2572 1074 autem
2625 1023 2682 1072 et
2721 1015 2789 1070 de
2827 1012 3238 1078 misericordia,
3300 1019 3357 1064 et

1780 1115 1982 1183 pietate
2034 1095 2364 1181 ceterisque
2415 1108 2710 1164 virtutibus
2749 1106 2992 1161 arbitror
3033 1103 3140 1157 dici
3173 1116 3354 1171 posse.

1781 1202 1850 1257 Et
1877 1203 2018 1258 forte
2045 1219 2141 1273 per
2162 1201 2282 1257 hate
2317 1200 2533 1272 singula
2559 1199 2702 1254 sicut
2749 1200 2816 1253 de
2866 1195 2973 1249 ﬁde
3013 1194 3216 1248 dictum
3249 1202 3358 1256 est,

1781 1297 1909 1366 quia
1945 1313 1965 1347 ι
1995 1294 2134 1349 ﬁdes
2165 1303 2418 1364 reputata
2439 1301 2523 1348 est
2547 1293 2616 1348 ad
2638 1291 2910 1361 justitiam
2938 1289 3006 1356 ",
3044 1307 3064 1341 ι
3103 1288 3180 1342 ita
3210 1295 3263 1340 et
3289 1284 3360 1339 de

1780 1387 2054 1443 charitate
2085 1387 2190 1442 dici
2216 1394 2414 1455 potest,
2459 1384 2586 1454 quia
2627 1392 2876 1454 reputata
2912 1389 2998 1437 est
3037 1379 3276 1434 charitas
3305 1375 3356 1430 ei

1781 1479 1848 1534 ad
1872 1478 2138 1547 justitiam
2168 1476 2272 1548 (8),
2303 1487 2398 1531 aut
2434 1477 2627 1547 pietas,
2664 1485 2756 1530 aut
2799 1470 3199 1530 misericordia.
3249 1468 3359 1523 Sed

1781 1569 2061 1625 videamus
2107 1569 2222 1639 jam
2272 1583 2340 1624 ea
2386 1582 2510 1638 qua:
2551 1576 2986 1636 consequuntur.
3052 1561 3163 1618 «Et
3224 1575 3359 1622 non,

1783 1649 1998 1731 inquit,
2053 1660 2361 1716 inﬁrmatus
2410 1667 2500 1715 est
2555 1659 2612 1714 in
2679 1660 2786 1715 ﬁde
2842 1673 2947 1713 nec
2992 1655 3362 1713 consideravit

1781 1766 1939 1808 suum
1965 1751 2288 1822 corpusjam
2314 1759 2647 1818 emortuum,
2675 1766 2796 1806 cum
2816 1749 2934 1806 fere
2950 1759 3168 1804 centum
3191 1761 3362 1801 anno-

1782 1861 1904 1900 rum
1937 1855 2104 1910 esset,
2151 1853 2206 1900 et
2238 1857 2544 1900 emortuam
2584 1843 2804 1898 vulvam
2852 1842 3005 1898 Sane
3031 1859 3046 1896 :
3075 1841 3129 1896 in
3171 1853 3361 1909 repro-

93 1941 355 1997 claritate
383 1958 397 1994 :
428 1945 631 2013 quique
661 1946 1000 2016 promittenti
1043 1947 1120 2016 (7)
1162 1947 1394 2000 ﬁdeliter
1427 1947 1678 2013 credens,
1709 1927 1753 1983 Β
1783 1938 2044 1993 missione
2077 1938 2244 1994 etiam
2279 1937 2373 1992 Dei
2420 1952 2530 1992 non
2567 1935 2842 1992 haesitavit
2889 1933 3184 1990 difﬁdentia
3205 1972 3221 1998 ,
3262 1931 3358 1986 sed

95 2052 112 2082 ι
141 2049 274 2098 non,
302 2035 499 2104 inquit,
540 2037 846 2092 inﬁrmatus
875 2048 959 2093 est
987 2039 1140 2099 ﬁde.»
1167 2039 1322 2106 Quod
1353 2040 1509 2107 dicit,
1540 2056 1677 2096 tuon

92 2125 405 2181 inﬁrmatus
441 2137 527 2182 est
579 2128 706 2193 ﬁde,
731 2149 751 2181 ι
799 2132 1092 2184 ostendere
1139 2131 1273 2185 mihi
1303 2133 1518 2186 videtur
1557 2147 1680 2190 esse

90 2216 389 2282 quamdam
429 2217 805 2273 inﬁrmitatem
846 2218 900 2274 in
939 2220 1064 2275 ﬁde.
1111 2220 1267 2287 Quod
1315 2222 1362 2276 si
1407 2233 1492 2277 est
1527 2223 1682 2277 inﬁr-

93 2309 282 2369 initas,
318 2319 405 2363 est
432 2310 747 2366 sine'dubio
790 2321 842 2366 et
886 2313 1131 2378 sanitas,
1186 2315 1330 2368 sicut
1366 2325 1420 2370 et
1459 2316 1514 2371 iu
1560 2316 1682 2372 aliis

89 2403 357 2466 ostendit,
396 2417 518 2458 cum
543 2406 676 2458 dicit
705 2428 716 2460 :
750 2429 768 2457 ι
798 2403 1022 2476 lncrepa
1066 2407 1190 2462 illos
1207 2409 1445 2474 acriter,
1475 2418 1536 2464 ut
1561 2412 1679 2467 sani

92 2493 204 2545 sint
239 2495 291 2546 in
329 2493 436 2548 ﬁde
464 2495 531 2549 ⁸³.
559 2513 576 2546 ι
609 2495 806 2550 Beatus
836 2511 970 2566 ergo
997 2508 1082 2553 est
1115 2499 1205 2568 qui
1231 2515 1336 2554 non
1372 2500 1683 2557 inﬁrmatur

95 2583 148 2635 in
174 2583 308 2636 tide.
347 2583 406 2636 Si
435 2599 565 2639 vero
585 2586 709 2655 quis
737 2585 1065 2648 inﬁrmetur.
1108 2604 1297 2644 curam
1325 2591 1445 2660 ejus
1473 2592 1683 2648 descri-

92 2674 170 2726 bit
217 2675 512 2742 Apostolus
562 2685 686 2732 cttm
718 2678 889 2735 dicit:
921 2699 940 2731 ι
984 2681 1348 2737 lnﬁrmautem
1397 2694 1577 2739 autem
1621 2685 1678 2740 in

92 2765 201 2818 ﬁde
237 2767 528 2831 assumite,
556 2783 663 2822 non
691 2769 744 2822 in
765 2770 1250 2842 disceptationibus
1265 2775 1677 2845 cogitationum.

92 2858 234 2911 Nam
293 2858 439 2913 alius
484 2861 654 2916 credit
701 2864 1031 2918 manducare
1085 2865 1303 2933 omnia;
1359 2869 1450 2937 qui
1495 2878 1678 2923 autem

96 2951 356 3006 inﬁrmus
395 2963 511 3018 est,
545 2953 694 3008 olera
729 2957 1022 3011 manducet
1044 2957 1112 3011 ⁷⁸.
1134 2976 1155 3009 ι
1184 2957 1288 3012 Per
1317 2960 1463 3028 quod
1497 2960 1682 3030 utique

95 3043 375 3112 designat,
411 3044 562 3099 verbi
593 3044 742 3100 olera
767 3049 1059 3117 praebenda
1081 3063 1204 3104 esse
1231 3050 1281 3104 ei
1313 3051 1404 3119 qui
1439 3051 1684 3105 inﬁrma-

97 3145 183 3186 tur
220 3135 274 3188 in
305 3135 436 3201 ﬁde,
459 3151 524 3192 ne
560 3136 714 3206 plena
757 3138 882 3193 ﬁdei
925 3140 1172 3195 doctrina
1211 3144 1600 3198 cunctantibus
1628 3145 1680 3198 in

95 3244 156 3281 ea
205 3240 262 3282 et
303 3230 712 3298 quodammodo
760 3234 1154 3300 tegrotantibus
1185 3235 1487 3303 ingeratur.
1534 3236 1678 3290 Sana

95 3326 278 3370 autem
315 3317 454 3373 ﬁdes
503 3317 710 3373 dicitur
749 3335 871 3389 qua:
908 3321 1146 3390 perfecta
1184 3334 1291 3388 eet,
1338 3333 1394 3380 et
1425 3326 1514 3380 cui
1547 3325 1681 3381 nihil

98 3411 250 3462 deest
287 3427 306 3463 :
341 3420 397 3462 et
437 3408 552 3478 ipsa
575 3418 660 3464 est
682 3424 802 3479 qua:
826 3411 1001 3466 credit
1028 3416 1363 3470 manducare
1388 3417 1595 3483 omnia,
1628 3417 1682 3471 id

96 3513 200 3560 est.
245 3515 373 3568 quae
424 3514 624 3568 capere
661 3511 840 3569 potest
883 3506 1064 3557 ottinia
1097 3520 1301 3573 :quam
1347 3507 1437 3576 qui
1484 3507 1679 3572 habet,

95 3594 364 3660 spiritalis
407 3593 729 3661 appellatur,
766 3603 822 3646 et
852 3594 1118 3663 dijudicat
1147 3600 1332 3652 omnia
1389 3600 1459 3665 τι,
1513 3610 1571 3654 et
1626 3601 1684 3655 in

97 3685 245 3737 nullo
272 3699 530 3740 sermone
567 3687 936 3741 scandalizari
974 3699 1171 3755 potest.
1219 3689 1374 3745 Unde
1398 3692 1682 3746 evidenter

95 3787 323 3845 apparet
349 3793 472 3833 esse
486 3791 774 3849 augmenta
799 3781 1048 3848 quaedam
1081 3791 1136 3835 et
1166 3781 1442 3852 profectus
1473 3783 1526 3837 in
1555 3784 1681 3849 ﬁde,

95 3880 149 3922 et
211 3868 435 3937 aliquos
484 3870 684 3924 habere
744 3883 953 3940 partem
1011 3871 1130 3927 ﬁdei
1181 3874 1434 3942 exiguam
1469 3911 1485 3936 ,
1545 3875 1682 3929 alios

98 3975 384 4028 magnam,
415 3961 551 4016 alios
581 3976 708 4016 vero
741 3963 941 4018 habere
972 3977 1191 4018 omnem
1221 3964 1402 4018 ﬁdem.
1446 3963 1600 4018 Unde
1627 3974 1682 4018 ct

98 4053 398 4122 Apostolus
428 4053 645 4109 dicebat
679 4070 695 4109 :
732 4072 754 4106 ι
777 4053 833 4110 Si
868 4055 1101 4108 habeam
1139 4070 1353 4109 omnem
1391 4055 1570 4119 ﬁdem,
1607 4056 1682 4110 ita

101 4157 156 4198 ut
205 4156 430 4200 montes
476 4149 800 4204 transferam
851 4149 920 4201 ".
949 4167 968 4200 ι
1015 4146 1124 4202 Sed
1169 4157 1223 4203 et
1278 4148 1332 4202 in
1377 4148 1684 4219 Evangeliis

101 4241 354 4310 discipuli
387 4241 572 4294 dicunt
595 4241 662 4295 ad
695 4241 1006 4306 Dominum,
1033 4241 1186 4308 quasi
1215 4241 1412 4310 quibus
1442 4240 1681 4295 nondum

99 4331 252 4400 plena
284 4333 491 4387 inesset
515 4331 651 4386 ﬁdes
677 4349 691 4384 :
734 4351 753 4383 ι
787 4333 938 4403 Auge
967 4332 1126 4387 nobis
1151 4332 1309 4386 ﬁdem
1344 4331 1412 4386 ⁷³.
1437 4351 1456 4384 ι
1489 4331 1684 4386 Consi-

99 4429 226 4477 dera
287 4439 444 4487 sane,
480 4425 525 4477 si
562 4427 859 4478 secundum
899 4439 970 4479 ea
1005 4439 1128 4494 quae
1163 4425 1230 4479 de
1267 4423 1375 4478 ﬁde
1423 4423 1682 4488 dicimus,

99 4516 264 4569 etiam
312 4515 380 4570 de
423 4516 714 4570 charitatis
757 4516 1065 4585 augmentis
1102 4515 1359 4571 similiter
1406 4515 1682 4585 possimus

1780 2029 2117 2085 confortatus
2143 2038 2226 2084 est
2259 2029 2366 2084 ﬁde
2391 2028 2475 2082 ⁷⁸.
2508 2046 2527 2079 ι
2565 2027 2842 2094 Quantum
2877 2025 3094 2095 quidem
3124 2024 3193 2078 ad
3230 2023 3361 2078 sim-

1781 2121 1977 2191 plicem
2029 2121 2266 2191 pertinet
2324 2120 2706 2186 intellectum,
2771 2119 3080 2175 evidentem
3135 2115 3361 2187 protulit

1783 2215 2072 2281 rationem,
2104 2215 2249 2285 quod
2290 2216 2564 2270 Abraham
2600 2228 2724 2267 cum
2773 2213 2991 2267 audiret
3019 2210 3121 2266 sibi
3165 2225 3194 2264 a
3246 2209 3359 2262 Deo

1782 2304 2021 2359 sobolem
2076 2304 2382 2373 repromitti
2412 2346 2428 2372 ,
2495 2319 2605 2360 non
2666 2303 2908 2373 respexit
2954 2303 3023 2356 ad
3083 2309 3361 2354 emortuas

1782 2397 2079 2451 centenarii
2103 2397 2351 2467 corporis
2373 2397 2545 2461 vires,
2575 2397 2643 2452 de
2671 2412 2779 2467 quo
2805 2397 2992 2465 utique
3017 2406 3361 2464 nequaquam

1783 2490 1991 2558 sperari
2027 2499 2243 2559 poterat
2271 2488 2379 2543 ulla
2415 2490 2736 2545 successio:
2775 2492 2868 2544 sed
2892 2491 3191 2558 potentiam
3236 2505 3362 2559 pro-

1783 2583 2053 2638 mittentis
2083 2581 2339 2647 intuitus,
2373 2581 2510 2636 nihil
2540 2580 2754 2636 diﬁicile
2783 2595 2907 2636 esse
2934 2579 3168 2636 credidit
3198 2581 3250 2635 in
3274 2580 3362 2636 his

1782 2691 1906 2746 quae
1963 2677 2320 2745 promittebat
2352 2673 2713 2745 Omnipotens
2744 2689 2759 2728 :
2789 2676 2886 2730 sed
2940 2674 3112 2740 dedit,
3163 2675 3360 2745 inquit,

1789 2787 1808 2821 ι
1834 2769 2060 2839 gloriam
2089 2770 2198 2824 Deo
2228 2770 2300 2832 ⁷⁷,
2333 2787 2353 2821 ι
2411 2767 2717 2836 intelligens
2747 2766 2911 2822 solius
2944 2767 3036 2822 Dei
3070 2781 3197 2822 esse
3241 2784 3361 2822 mu-

1783 2877 1909 2926 nus,
1960 2862 2338 2916 ubihumauae
2399 2860 2755 2915 fecunditatis
2800 2860 2928 2930 jura
2983 2867 3359 2915 cessaverant.

1784 2955 1975 3010 Merito
2003 2954 2167 3024 igitur
2197 2952 2345 3006 dedit
2369 2950 2600 3022 gloriam
2649 2950 2780 3014 Deo,
2815 2949 2907 3018 qui
2941 2960 3152 3004 natura:
3185 2951 3362 3006 fuerat

1783 3049 2032 3104 desertus
2061 3043 2299 3098 auxiliis.
2337 3042 2488 3107 Haec,
2512 3051 2571 3096 ut
2600 3039 2737 3105 dixi,
2764 3048 3027 3109 quantum
3058 3039 3125 3094 ad
3149 3040 3362 3109 simpli-

1782 3154 1900 3194 cem
1945 3135 2365 3207 intelligentiam
2397 3135 2654 3204 pertinet,
2687 3129 3016 3186 suﬁicienter
3040 3131 3181 3185 dicta
3211 3132 3360 3187 vide-

1733 3267 1755 3291 .
1787 3230 2010 3285 buntur.
2063 3226 2122 3282 Si
2176 3241 2304 3282 vero
2373 3224 2497 3296 quis
2549 3221 2773 3292 objiciat
2821 3223 2976 3277 nobis
3024 3239 3038 3276 :
3081 3221 3362 3290 Quomodo

1785 3319 1989 3388 poterit
2035 3318 2312 3372 Abraham
2362 3317 2415 3370 in
2463 3312 2783 3368 centenario
2837 3326 3098 3366 annorum
3136 3325 3362 3366 numero

1784 3411 1996 3482 positus
2023 3409 2257 3465 emortui
2288 3407 2544 3476 corporis
2567 3405 2696 3470 dici,
2740 3404 2833 3474 qui
2858 3412 3209 3474 posteaquam
3239 3416 3362 3458 sus-

1784 3501 2020 3571 cepisset
2046 3500 2218 3565 lsaac,
2262 3508 2319 3554 et
2365 3496 2620 3552 defuncta
2667 3507 2812 3551 esset
2841 3495 3020 3559 Sara,
3070 3508 3191 3564 qua:
3238 3508 3361 3550 eum

1786 3592 2151 3662 nonagenaria
2192 3597 2544 3660 conceperat,
2586 3599 2641 3644 et
2670 3588 2881 3642 vixerat
2936 3586 3094 3641 annis
3145 3593 3362 3641 centum

1783 3685 1978 3756 viginti
2013 3692 2242 3752 septem,
2289 3692 2474 3751 postea
2503 3683 2669 3735 etiam
2711 3695 2872 3750 quam
2923 3694 3194 3733 annorum
3223 3694 3362 3748 qua-

1783 3777 2036 3845 draginta
2078 3773 2262 3828 factus
2294 3772 2447 3828 lsaac
2477 3773 2691 3840 accepit
2725 3772 3027 3826 Rebeccam
3052 3811 3068 3836 ,
3109 3783 3234 3840 post
3260 3773 3360 3824 ista

1784 3867 1970 3923 omnia
2021 3864 2281 3920 scribitur
2313 3882 2328 3916 :
2358 3881 2376 3915 t
2399 3863 2467 3917 Et
2515 3877 2794 3934 apponens
2831 3862 3106 3916 Abraham
3155 3865 3363 3932 accepit

1785 3973 2012 4013 uxorem
2046 3956 2134 4010 cui
2181 3969 2378 4008 nomen
2431 3952 2671 4008 Cethura
2705 3970 2718 4004 :
2751 3965 2807 4006 et
2846 3952 3056 4023 peperit
3097 3954 3148 4006 ei
3193 3952 3354 4006 Zamr

1784 4067 1900 4106 ram
1925 4047 2026 4119 (9),
2049 4056 2105 4101 et
2134 4044 2350 4113 Jecsan,
2371 4053 2426 4098 et
2445 4044 2662 4108 Madan,
2687 4052 2744 4098 et
2763 4042 2998 4107 Madian,
3031 4053 3085 4097 et
3105 4041 3360 4106 Jesboch,

1783 4153 1838 4197 et
1866 4141 1976 4196 Sne
1996 4140 2070 4192 '3?
2101 4157 2120 4190 ι
2157 4137 2442 4204 Quomodo
2464 4151 2594 4204 ergo
2617 4136 2888 4190 videbitur
2906 4136 3139 4192 emortui
3168 4151 3362 4208 corpo-

1785 4233 1882 4299 ris,
1931 4234 2023 4304 qui
2079 4230 2252 4286 multo
2285 4230 2470 4284 senior
2520 4227 2747 4283 eﬁectus
2773 4245 2938 4298 quam
2967 4237 3098 4284 tunc
3135 4239 3273 4295 erat,
3309 4242 3364 4284 et

1784 4339 2011 4379 uxorem
2050 4322 2320 4391 accipere,
2374 4331 2432 4375 et
2477 4334 2572 4374 sex
2605 4319 2806 4376 liberos
2852 4320 2970 4392 (10)
3021 4323 3199 4390 potuit
3245 4336 3364 4391 pro-

1783 4413 2023 4470 creare?
2086 4412 2231 4480 Quas
2285 4411 2628 4482 objectiones
2669 4421 2730 4466 ut
2780 4411 3057 4468 decenter.
3091 4413 3364 4489 possimus

1786 4503 2112 4570 excludere,
2184 4502 2583 4571 expositionem
2648 4502 2883 4556 emortui
2952 4503 3203 4572 corporis
3269 4502 3365 4556 illo

101 4608 425 4676 intelligere,
460 4609 533 4662 ita
576 4616 634 4662 ιιι
664 4609 908 4662 dicamus
936 4617 992 4662 el,
1019 4608 1088 4663 de
1111 4609 1397 4672 clmritate,
1418 4609 1560 4663 sicut
1592 4607 1682 4661 ille
1714 4609 1759 4663 D
1791 4593 2187 4656 transierimus,
2225 4605 2282 4647 ut
2309 4592 2558 4648 dicamus
2588 4591 2865 4647 Abraham
2895 4609 3002 4648 non
3049 4593 3365 4648 inﬁrmitate

101 4701 256 4765 dixit,
296 4719 316 4751 ι
338 4701 396 4754 Si
430 4700 662 4756 habeam
693 4717 911 4756 omnem
946 4703 1132 4765 ﬁdem,
1158 4720 1176 4752 ι
1213 4701 1268 4756 Si
1301 4689 1525 4755 habeam
1561 4715 1680 4753 om-

106 4807 222 4846 nem
245 4791 623 4846 charitatem:
658 4803 715 4847 et
754 4794 902 4848 illum
941 4795 1143 4848 habere
1183 4807 1399 4847 omnem
1442 4791 1682 4846 charita-

103 4894 230 4949 tem,
267 4885 364 4953 qui
397 4885 586 4940 omnia
608 4885 694 4939 illa
725 4886 976 4941 habuerit
1001 4902 1119 4954 quae
1150 4886 1366 4955 propria
1394 4883 1681 4938 charitatis

103 4975 259 5046 532
318 4987 482 5043 sunt,
544 4977 686 5032 sicut
732 4980 866 5034 dicit
915 4978 1205 5049 Ap0stolus
1247 4977 1292 5010 '"
1329 4999 1340 5032 :
1374 4995 1394 5028 ι
1423 4975 1678 5031 Charitas

105 5071 316 5133 patiens
347 5077 451 5133 est,
478 5069 708 5138 benigna
737 5079 851 5132 est,
888 5086 992 5122 non
1042 5067 1280 5134 inﬂatur,
1315 5083 1423 5121 nou
1457 5067 1680 5120 azuudao

106 5170 209 5222 tur,
263 5176 374 5214 non
415 5161 700 5216 ambitiosa
753 5172 857 5226 est,
914 5178 1018 5217 non
1053 5177 1335 5238 perperam
1379 5160 1521 5230 agit,
1575 5175 1683 5213 non

1785 4687 1962 4744 anatis
2025 4695 2382 4749 emortuum,
2433 4686 2526 4743 sed
2573 4687 2870 4740 secundum
2914 4684 3060 4739 illaut
3103 4684 3360 4737 virtutem

1786 4795 1949 4848 quam
1980 4778 2154 4833 sancti
2197 4777 2251 4831 in
2281 4768 2592 4845 semetipsis
2626 4777 2803 4844 primo
2845 4777 3167 4846 implentes,
3197 4775 3359 4828 etiam

1785 4881 2016 4927 caeteros
2065 4870 2268 4924 habere
2320 4877 2572 4934 monent,
2621 4877 2676 4921 et
2727 4868 2958 4922 dicunt:
2994 4866 3362 4922 cMortiﬁcate

1786 4966 2031 5021 membra
2059 4971 2239 5020 vestra
2271 4977 2394 5033 quae
2422 4970 2550 5016 sunt
2575 4976 2736 5030 super
2765 4971 2966 5014 terram
2992 4959 3059 5012 ⁷⁸.
3087 4977 3108 5011 ι
3144 4959 3279 5012 Nam
3304 4969 3360 5012 et

1785 5059 2078 5114 absurdum
2105 5067 2236 5125 puto
2284 5056 2328 5110 si
2365 5034 2480 5109 'boc
2512 5055 2710 5108 bonum
2739 5054 2881 5120 quod
2932 5051 2985 5104 iu
3038 5065 3099 5105 se
3156 5051 3360 5106 Paulus

1789 5154 1979 5211 habuit
2009 5154 2225 5222 (neque
2257 5148 2401 5202 enim
2437 5144 2559 5200 aliis
2602 5146 2898 5213 imperaret
2932 5145 3076 5213 quod
3104 5143 3218 5213 ipse
3248 5159 3355 5196 nou

166 5277 207 5306 ⁸⁵
243 5275 403 5328 ﬂom.
431 5290 505 5334 tv.
535 5274 628 5328 21.
707 5277 753 5307 ⁸⁸
787 5276 805 5330 l
835 5278 963 5332 Cor.
988 5277 1202 5341 xm,l3.
1276 5276 1323 5307 ⁶⁹
1363 5275 1471 5329 Tit.
1503 5292 1543 5342 I,
1574 5274 1659 5328 15.

1851 5287 1967 5326 .οιη.
2001 5270 2188 5342 xiv,_l,
2214 5265 2321 5342 2.“
2346 5263 2392 5294 "
2422 5258 2788 5342 ’ξρᾳιοτιιλξᾶ
2813 5259 2956 5342 uti
2983 5261 3108 5315 Cor.
3147 5278 3265 5342 xui,

104 5344 146 5375 ⁷³
171 5346 304 5400 Luc.
330 5361 462 5403 xvtt.
495 5329 551 5400 Β.
624 5345 672 5378 ⁷⁸
695 5352 710 5400 't
735 5329 864 5402 Cor;
895 5329 1194 5412 xtu','i,"5,
1228 5347 1283 5400 7.
1353 5346 1399 5377 ⁷⁸
1435 5329 1593 5400 Rom.
1626 5360 1674 5399 ιν

1861 5344 1907 5376 το
1945 5329 2208 5404 inmitti.
2256 5335 2347 5390 eo.
2422 5332 2466 5363 ’τ
2491 5332 2620 5386 ibid.
2645 5329 2737 5385 20.
2813 5331 2860 5362 το
2889 5330 3026 5387 Gen.
3065 5348 3192 5400 xxv,
3219 5334 3352 5402 ιβ.

104 5416 156 5446 ’θ’
196 5416 407 5469 Coloss.
462 5430 546 5479 Ill,
595 5414 649 5469 5.

171 5528 249 5596 lli)
299 5528 470 5591 Alias,
524 5544 544 5578 ι
574 5527 628 5582 ἰιι
661 5542 758 5597 spe
787 5525 1125 5588 creduntur;
1159 5539 1178 5573 ι
1235 5521 1333 5588 al.,
1387 5540 1406 5574 ι
1437 5522 1491 5578 in
1522 5535 1672 5592 spem

109 5599 350 5651 credunt.
383 5617 404 5647 ι
927 5647 934 5652 .

171 5667 252 5733 (7-9
292 5668 458 5730 Editi,
496 5684 516 5718 ι
546 5667 743 5734 cuique
773 5665 1140 5734 promittenti,
1178 5685 1196 5716 ι
1235 5663 1393 5718 male.

172 5735 346 5806 (8)1“:
379 5748 426 5790 et
481 5739 544 5790 de
582 5737 842 5790 charitute
873 5737 995 5806 dici
1023 5746 1225 5802 potest,
1265 5736 1390 5801 quia
1432 5742 1677 5806 reputant

112 5817 173 5855 est
207 5804 440 5859 Charitas
467 5809 515 5859 ei
542 5809 611 5861 ad
643 5807 924 5864 iustitiam.
958 5805 1083 5862 Hch
1124 5807 1506 5864 desiderantur
1536 5804 1675 5872 apud

113 5873 348 5932 (leucbra
358 5878 536 5932 rdttm.

1781 5587 1876 5663 [aL
1889 5587 2243 5663 ,'_lllemb_t:au_t

1781 5657 1903 5715 dant
1929 5660 1960 5724 1.
2000 5670 2059 5730 ct
2113 5657 2325 5730 hiadian
2353 5697 2369 5730 ,
2414 5669 2501 5730 et,
2524 5661 2682 5712 Jesoc
2746 5657 2863 5730 [.al.
2885 5698 2903 5725 ,

1779 5731 1974 5787 Jeshoc
1997 5729 2022 5849 ι
2043 5740 2098 5784 et
2127 5728 2283 5790 Sne,»
2322 5728 2394 5782 al.
2422 5747 2440 5778 ι
2481 5729 2657 5788 Sne...

1854 5801 1968 5849 (illi
1996 5799 2124 5849 .lss.
2156 5799 2347 5849 nostri.
2376 5798 2488 5849 alii.
2527 5815 2656 5849 «se:

1851 5520 1929 5589 (9)
1955 5518 2108 5589 Mss.
2154 5517 2323 5589 nostri
2361 5529 2413 5570 et
2435 5515 2700 5589 [tabanus
2735 5517 2977 5589 habent,
3023 5515 3350 5589 t_.lembram

2287 5587 2394 5657 ]ct
2435 5585 2658 5653 Zexau,
2735 5597 2790 5642 et
2819 5587 3034 5657 Madet},
3062 5587 3196 5657 [al.,
3240 5587 3353 5641 Me-

2980 5655 3197 5724 Jeroch,
3253 5659 3352 5722 al.,

1786 5801 1968 5926 “’(IO)
1996 5795 2124 5854 Mss.
2156 5799 2348 5866 nostri,
2376 5798 2489 5865 alii,
2527 5815 2656 5854 «se:
2686 5799 2940 5865 liberos,»
2967 5795 3079 5863 alti,
3114 5809 3350 5866 «septem

1806 5890 1818 5926 l
1862 5888 2003 5926 eros.
2037 5891 2056 5923 ι

1806 5888 2003 5927 ιυυιύδ.
2037 5891 2056 5923 l
