3754 6572
411 437 518 491 983

1865 423 1955 477 Oli

2086 422 2184 475 NIS
3550 417 3637 471 381

416 546 665 618 fecerat).
688 546 757 612 si,
785 547 1027 615 inquam,
1046 543 1148 598 hoc
1169 542 1369 598 bonum
1393 541 1536 611 quod
1558 539 1757 594 Paulus
1778 538 1984 602 habuit,
2016 545 2064 600 Α
2093 537 2167 590 ita
2190 538 2405 592 demum
2439 534 2699 604 parturiat
2727 533 2863 589 ﬁlios
2897 534 3179 594 castitatis.
3209 545 3346 588 sicut
3373 542 3430 587 et
3469 538 3638 588 utulicr

415 642 695 697 Abraham
742 649 950 692 tantum
997 634 1388 706 patriarcbam,
1439 648 1601 702 quem
1637 633 1798 686 etiam
1824 647 1986 686 suum

414 743 622 802 patrem
656 727 792 783 dicit
815 725 1106 797 Apostolus
1135 723 1202 787 ⁸⁸,
1247 737 1353 776 non
1381 721 1670 777 credamus
1708 722 1984 780 habuisse.

413 827 543 882 Fuit
571 839 702 894 ergo
732 823 897 878 etiam
943 823 994 876 in
1037 821 1128 874 illo
1157 820 1504 876 mortiﬁcatio
1558 821 1658 876 ista
1713 819 1986 874 membro-

415 934 536 973 rum
570 935 586 971 :
618 932 724 971 non
763 913 1094 968 incitabatur
1126 911 1370 976 luxuria,
1420 929 1526 967 non
1571 913 1832 966 urebatur
1859 911 1984 966 libi-

415 1009 566 1074 dine,
601 1007 746 1062 sicut
769 1007 843 1060 illi
878 1007 944 1060 de
965 1005 1163 1073 quibus
1203 1003 1498 1073 Apostolus
1541 1005 1673 1059 dicit
1705 1026 1717 1059 :
1755 1023 1773 1055 (
1796 1003 1986 1058 Melius

413 1109 497 1154 est
522 1101 744 1162 nubere,
773 1113 932 1168 quam
967 1097 1051 1150 uri
1075 1096 1174 1151 ⁸⁸.»
1207 1096 1322 1152 Hoc
1350 1097 1490 1150 idem
1519 1105 1710 1150 eratet
1738 1096 1789 1149 in
1828 1095 1984 1159 Sara,

417 1191 540 1260 quia
572 1188 890 1245 defecerant
925 1187 1076 1243 Sara;
1108 1188 1223 1242 ﬁeri
1255 1188 1541 1243 muliebria
1573 1189 1642 1242 ⁸⁸.
1693 1186 1810 1242 Non
1839 1189 1983 1241 enim

413 1295 534 1339 erat
579 1283 634 1338 in
677 1285 776 1345 illa
821 1283 1048 1338 lascivia
1087 1282 1406 1348 muliebris,
1449 1290 1544 1336 aut
1577 1281 1984 1337 incontinentiae
2079 1339 2081 1343 ,

412 1375 719 1440 dissolutio,
754 1390 932 1444 neque
965 1375 1017 1428 in
1055 1389 1212 1428 usum
1235 1373 1478 1428 libidinis
1509 1371 1986 1443 praacipitabautur

409 1466 568 1521 inviti
606 1484 621 1520 :
645 1467 739 1521 sed
767 1465 856 1519 ubi
889 1465 1116 1518 audiunt
1146 1472 1348 1517 tantam
1377 1462 1711 1533 posteritatis
1731 1477 1904 1532 spem,
1932 1470 1985 1516 et

407 1559 610 1615 sobolis
633 1574 753 1614 suae
774 1558 1003 1628 gloriam
1033 1556 1174 1612 curio
1197 1566 1253 1611 et
1277 1557 1547 1612 sideribus
1566 1556 1982 1624 exzequandam,

409 1652 500 1705 ubi
540 1651 659 1705 haec
705 1652 961 1717 audiunt,
1004 1667 1112 1706 non
1158 1649 1432 1719 aSpiciunt
1463 1649 1529 1704 ad
1566 1647 1781 1719 pr0pria
1815 1649 1982 1712 bona,

408 1743 476 1795 ad
514 1742 864 1798 continentia:
891 1747 1146 1813 gratiam,
1189 1743 1256 1798 ad
1284 1741 1653 1797 membrorum
1688 1739 1983 1795 mortiﬁca-

410 1832 640 1899 tionem,
686 1834 782 1889 sed
808 1835 920 1889 haec
957 1837 1140 1888 omnia
1189 1849 1310 1904 quze
1355 1833 1458 1887 sibi
1494 1833 1646 1887 lucra
1688 1831 1977 1897 ducebant,

407 1923 742 1977 arbitrantur
769 1923 1122 1990 detrimenta,
1155 1933 1212 1977 ut
1239 1923 1517 1979 Christum
1546 1922 1890 1978 lucrifaciaot
1909 1921 1977 1976 ³³.

406 2012 518 2067 Sed
579 2013 831 2068 fortassis
885 2027 1100 2069 errasse
1155 2027 1241 2068 me
1277 2011 1482 2076 credis,
1540 2014 1682 2082 quod
1743 2027 1866 2066 cum
1916 2011 1982 2067 de

408 2104 731 2174 posteritate
761 2106 1036 2160 Abraham
1078 2115 1133 2160 et
1160 2106 1371 2160 semine
1403 2104 1520 2171 ejus
1561 2105 1745 2158 dicere
1779 2103 1982 2160 debue-

408 2197 532 2260 rim,
571 2195 639 2249 de
670 2196 896 2252 Christo
922 2198 1151 2251 dixerim
1190 2196 1327 2268 (11).
1389 2195 1507 2251 Non
1560 2209 1833 2260 erramus,
1888 2195 1982 2250 sed

407 2304 531 2342 cum
557 2288 824 2357 Aposwlo
872 2289 1166 2357 loquimur.
1200 2289 1318 2359 ipse
1351 2289 1499 2343 enim
1533 2288 1648 2343 haec
1673 2289 1737 2343 de
1763 2287 1981 2343 Christo

405 2378 554 2433 dicta
579 2395 701 2434 esse
724 2379 1124 2448 interpretatur
1151 2395 1276 2436 cum
1303 2382 1437 2436 dicit
1465 2397 1480 2432 :
1512 2400 1530 2433 t
1557 2381 1831 2449 Scriptum
1860 2391 1977 2434 est:

405 2472 527 2526 'l‘ibi
562 2473 703 2527 dabo
734 2481 937 2528 terram
965 2475 1138 2539 hanc,
1168 2484 1222 2528 et
1251 2473 1446 2528 semini
1488 2483 1600 2527 tuo.
1645 2473 1760 2526 Non
1800 2473 1979 2528 dixit:

403 2564 474 2621 Et
498 2563 819 2630 seminibus,
854 2575 1112 2636 tanquam
1140 2567 1194 2621 in
1226 2566 1409 2622 ultis
1441 2584 1458 2620 :
1484 2567 1602 2628 sed,
1626 2564 1833 2621 Semini
1866 2574 1978 2630 tuo,

404 2668 660 2727 tanquam
691 2659 742 2713 in
775 2674 902 2721 uano,
948 2658 1040 2728 qui
1081 2668 1165 2714 est
1195 2659 1450 2715 Christus
1474 2659 1543 2713 “.
1565 2677 1588 2712 ι
1628 2657 1794 2714 Vides
1841 2673 1975 2728 ergo

400 2750 682 2818 quomodo
717 2765 816 2804 nos
859 2749 1155 2819 Apostolus
1186 2751 1347 2806 docet
1384 2753 1467 2806 sic
1502 2751 1793 2806 Dominum
1824 2753 1979 2808 locu-

405 2850 518 2893 tmn
551 2855 671 2894 esse
701 2841 769 2894 ad
805 2841 1120 2906 Abraham,
1155 2849 1216 2896 ut
1241 2841 1294 2895 in
1325 2842 1534 2896 semine
1570 2857 1670 2897 suo
1697 2842 1976 2898 Christum

407 2931 736 3001 intelligeret
769 2931 884 3002 (12)
911 2934 1111 2988 debere
1138 2933 1328 2989 sentiri
1347 2951 1361 2987 :
1379 2942 1432 2988 et
1457 2933 1527 2989 ob
1556 2933 1658 2989 hoc
1676 2945 1806 3003 puto
1833 2936 1979 3003 quod

406 3023 667 3090 adjecerit
719 3024 1011 3095 Apostolus
1039 3064 1057 3093 ,
1115 3034 1172 3081 et
1230 3025 1472 3081 dixerit:
1509 3045 1527 3078 σ
1553 3026 1696 3082 Dans
1739 3028 1977 3097 gloriam

403 3112 514 3169 Deo
543 3114 611 3168 ⁸⁵.
631 3132 654 3166 ι
687 3113 802 3169 Non
825 3116 972 3170 enim
999 3125 1206 3171 tantum
1244 3122 1434 3187 gloria:
1459 3117 1734 3172 Abraham
1769 3119 1980 3184 potuis-

2093 630 2157 684 de
2181 645 2286 699 qua
2313 628 2444 682 dicit
2470 629 2761 696 Apostolus
2797 646 2812 682 :
2853 647 2871 680 ι
2912 626 3070 680 Salva
3097 635 3278 679 autem
3317 625 3428 679 erit
3469 638 3558 693 per
3589 629 3636 679 li-

2089 720 2284 776 liorum
2312 721 2742 790 generationem,
2786 719 2830 774 si
2864 718 3221 788 permanserit
3252 718 3307 771 in
3350 717 3460 769 ﬁde
3488 728 3637 770 etea-

2087 812 2272 866 stitate
2301 812 2368 865 ".
2407 830 2426 864 ι
2464 809 2617 865 Unde
2644 811 2808 865 etiam
2831 824 2931 877 pro
2968 810 3055 865 his
3083 809 3477 863 convenienter
3506 809 3636 862 addi-

2087 914 2200 958 tum
2245 915 2375 973 puto
2411 922 2424 960 :
2457 923 2475 954 (
2512 902 2578 957 Et
2619 913 2924 972 reputatmn
2963 911 3048 956 est
3091 903 3139 956 ei
3192 902 3260 980 ad
3301 899 3582 969 justitiam.
3615 919 3631 952 ι

2089 997 2370 1062 Quomodo
2400 996 2545 1051 enim
2575 1012 2682 1050 non
2711 997 2776 1048 ad
2801 996 3068 1064 justitiam
3099 1001 3452 1062 reputaretur
3480 992 3634 1059 ei,qui

2088 1104 2197 1143 non
2246 1087 2420 1143 solum
2469 1089 2522 1141 in
2572 1089 2711 1152 lide,
2743 1089 2838 1140 sed
2873 1097 2928 1141 et
2979 1087 3032 1139 in
3071 1087 3327 1140 erunibus
3374 1084 3636 1137 virtutibus

2083 1180 2473 1251 perfectionem
2507 1179 2722 1234 tenebat
2753 1177 2776 1231 ?

2159 1272 2212 1326 7.
2238 1290 2258 1322 (
2279 1272 2392 1326 Non
2410 1282 2493 1326 est
2515 1282 2689 1324 autem
2709 1257 2973 1339 scriptum
2987 1278 3206 1337 propter
3225 1269 3405 1337 ipsum
3431 1276 3635 1329 tantum,

2085 1366 2214 1434 quia
2253 1374 2558 1434 reputatum
2592 1372 2677 1416 est
2706 1363 2753 1417 ei
2784 1362 2850 1415 ad
2883 1359 3177 1428 justitiam,
3207 1362 3301 1416 sed
3346 1369 3407 1412 et
3444 1369 3638 1428 propter

2085 1472 2208 1518 nos,
2239 1457 2437 1527 quibus
2476 1457 2816 1525 reputabitur
2853 1452 3200 1508 credentibus
3222 1453 3277 1506 in
3303 1466 3432 1504 eum
3461 1453 3547 1520 qui
3569 1468 3635 1503 su-

2083 1551 2303 1605 scitavit
2327 1549 2511 1605 Jesum
2545 1549 2815 1603 Christum
2843 1548 3128 1602 Dominum
3163 1556 3414 1598 nostrum
3441 1559 3470 1596 a
3516 1559 3638 1596 mor-

2087 1645 2212 1707 tuis,
2245 1626 2337 1711 qui
2367 1642 2597 1697 traditus
2643 1651 2729 1696 est
2763 1651 2985 1711 pr0pter
3011 1639 3211 1694 delicta
3244 1647 3456 1699 nostra,
3485 1648 3536 1690 et
3567 1652 3636 1690 re-

2083 1737 2320 1789 surrexit
2343 1745 2562 1803 propter
2585 1732 3026 1802 justilicationem
3050 1739 3289 1786 nostram
3316 1729 3385 1783 ".
3416 1747 3438 1780 ι
3471 1727 3574 1782 Hoc
3593 1731 3634 1782 iu

2087 1825 2207 1880 loco
2239 1827 2380 1895 quod
2411 1825 2565 1892 dicit,
2591 1843 2611 1876 (
2647 1823 2762 1878 Non
2791 1834 3011 1893 propter
3045 1824 3218 1893 ipsmu
3251 1832 3488 1883 tantum,
3522 1841 3540 1874 ι
3566 1822 3636 1875 in-

2086 1917 2430 1986 telligendum
2463 1927 2548 1972 est
2574 1918 2638 1971 de
2659 1917 2804 1986 ipso;
2835 1927 2890 1971 et
2919 1916 3114 1970 iterum
3149 1916 3294 1984 quod
3322 1915 3482 1974 dicit,
3501 1933 3519 1965 ι
3547 1914 3637 1967 Sal

2080 2020 2136 2064 et
2165 2019 2392 2079 prepter
2421 2025 2539 2073 nos,
2575 2029 2593 2061 ι
2644 2009 2746 2063 hoc
2773 2017 2854 2062 est
2901 2018 2956 2060 et
2988 2010 3054 2062 de
3101 2008 3274 2061 nobis.
3312 2006 3634 2060 Manifestum

2081 2115 2313 2170 namque
2361 2109 2446 2155 est
2521 2099 2653 2170 quia
2697 2104 2806 2160 hoc
2861 2102 3006 2173 quod
3097 2099 3324 2163 dicitur,
3365 2119 3384 2150 ι
3420 2099 3637 2152 Credidit

2079 2192 2356 2247 Abraham
2381 2191 2512 2256 Deo,
2536 2203 2592 2246 et
2617 2203 2923 2261 reputatum
2953 2201 3039 2246 est
3065 2191 3141 2246 illi
3163 2192 3232 2245 ad
3256 2191 3529 2259 justitiam
3549 2192 3632 2252 ⁹¹,ι

2081 2302 2188 2341 non
2221 2295 2506 2356 propterea
2533 2284 2749 2356 Moyses
2774 2287 2998 2354 scripsit
3033 2295 3090 2338 ut
3117 2283 3400 2338 Abraham
3435 2289 3635 2353 legeret.

2079 2379 2171 2448 qui
2203 2381 2389 2447 utique
2415 2379 2544 2433 olim
2578 2379 2760 2434 fuerat
2789 2377 3100 2443 defunctus,
3125 2378 3218 2432 sed
3249 2386 3310 2430 ut
3341 2391 3446 2430 nos
3482 2376 3637 2445 prole.

2080 2483 2227 2528 ctum
2262 2472 2385 2528 fidei
2433 2487 2498 2528 ex
2555 2471 2863 2540 hujusmodi
2895 2472 3133 2528 lectione
3165 2485 3491 2540 caperemus
3523 2472 3635 2540 (l6).

2082 2564 2444 2635 intelligentes
2465 2565 2590 2634 quia
2621 2573 2676 2618 et
2700 2563 2744 2618 si
2781 2576 2883 2616 nos
2918 2562 2995 2615 ita
3017 2562 3310 2616 credamus
3345 2561 3462 2616 Deo
3490 2573 3539 2615 ut
3564 2562 3638 2615 ille

2079 2658 2334 2722 credidit,
2359 2657 2522 2712 etiam
2551 2656 2712 2712 nobis
2735 2655 3078 2727 reputabitur
3102 2654 3237 2707 lides
3271 2654 3344 2708 ad
3387 2653 3635 2722 justitiam

2084 2768 2105 2802 ι
2155 2749 2500 2804 credentibus
2552 2749 2606 2803 in
2645 2762 2768 2802 eum
2807 2747 2898 2817 qui
2948 2744 3232 2800 suscitavit
3259 2745 3452 2800 Jesum
3497 2745 3636 2800 Chri-

2079 2851 2222 2896 stum
2286 2841 2570 2896 Dominum
2615 2851 2857 2895 nOStrum
2897 2853 2928 2892 a
2961 2838 3214 2893 mortuis.
3254 2857 3275 2891 ι
3308 2835 3482 2892 Velim
3523 2853 3638 2891 sane

2080 2933 2356 3004 requirere
2381 2933 2510 3003 quid
2534 2942 2618 2987 est
2645 2933 2860 3001 quodin
2891 2934 2995 2987 hoc
3015 2932 3134 2986 loco
3165 2931 3465 2999 Apostolus
3493 2931 3637 2984 Deum

2082 3027 2385 3092 nominans,
2411 3027 2496 3082 cui
2529 3026 2803 3082 credimus
2833 3025 2970 3095 (l7),
3006 3034 3062 3079 et
3108 3023 3193 3078 cui
3227 3024 3508 3078 Abraham
3537 3036 3638 3074 cre-

2080 3119 2233 3181 didit,
2267 3134 2375 3174 non
2409 3119 2567 3183 dixit,
2595 3137 2614 3172 ι
2655 3119 3006 3174 credentibus
3029 3119 3122 3172 tiu
3155 3116 3324 3170 Deum
3359 3114 3633 3176 excelsum,

401 3215 487 3262 set
524 3205 726 3262 oﬂerre
755 3208 822 3264 de
851 3209 1136 3264 nativitate
1174 3209 1351 3273 lsaac,
1393 3219 1652 3278 quantam
1700 3210 1814 3281 (l5)
1848 3211 1978 3266 dare
2005 3224 2046 3281 ο
2080 3211 2188 3278 vel,
2223 3229 2244 3263 (
2283 3211 2630 3267 credentibus
2653 3211 2708 3265 in
2741 3226 2866 3266 eum
2896 3229 2916 3262 ι
2951 3212 3045 3281 qui
3075 3209 3206 3264 fecit
3230 3208 3438 3263 caelum
3467 3218 3518 3262 et
3545 3215 3637 3258 ter-

401 3300 577 3368 potuit
599 3297 828 3368 gloriam
867 3299 999 3365 Deo,
1042 3300 1087 3355 si
1133 3299 1402 3355 intellexit
1446 3301 1723 3356 Christum
1768 3304 1836 3357 de
1876 3318 1976 3359 suo

400 3401 650 3445 emortuo
701 3391 817 3461 jam
862 3401 918 3447 et
965 3393 1116 3447 vitiis
1149 3392 1414 3448 defaecato
1449 3409 1681 3462 corpore
1730 3397 1973 3454 nascitu-

401 3497 547 3536 rum.
573 3481 686 3538 Sed
715 3493 769 3538 et
799 3495 855 3537 tu
889 3485 936 3540 si
972 3485 1268 3542 mortiﬁces
1311 3490 1550 3543 membra
1578 3499 1666 3543 tua
1695 3505 1817 3560 qua:
1851 3502 1978 3546 sunt

395 3586 564 3641 super
594 3582 797 3629 terram
829 3575 898 3640 ⁸⁸,
927 3576 996 3641 si,
1035 3578 1252 3647 abjeclo
1277 3581 1426 3634 omni
1477 3581 1691 3637 l'ervore
1736 3582 1977 3638 libidinis

399 3673 709 3718 emortuum
739 3681 926 3723 serves
949 3679 1005 3722 et
1037 3670 1205 3725 nullis
1237 3672 1534 3726 obnoxium
1569 3673 1717 3728 vitiis
1753 3689 1975 3744 corpus,

393 3762 555 3824 potes
605 3758 772 3811 etiam
830 3769 884 3812 tu
930 3760 1140 3816 fructus
1189 3778 1255 3818 ex
1304 3777 1371 3818 eo
1418 3766 1656 3834 optimos
1688 3782 1974 3838 generare,

397 3867 558 3924 potes
600 3865 865 3920 generare
889 3850 1066 3919 Isaac,
1098 3857 1240 3924 quod
1269 3868 1354 3912 est
1382 3859 1665 3929 gaudium;
1703 3868 1760 3914 et
1784 3860 1870 3914 hic
1895 3871 1980 3916 est

399 3941 628 4007 primus
673 3943 903 4010 spiritus
971 3944 1236 4001 fructus:
1284 3957 1464 4016 potest
1531 3963 1718 4004 semen
1788 3960 1973 4016 tuum,

398 4034 450 4088 id
506 4044 613 4100 est,
659 4051 825 4106 opera
863 4047 952 4091 tua
1003 4037 1118 4108 (16)
1173 4040 1470 4094 ascendere
1521 4041 1590 4095 ad
1642 4040 1880 4106 caelum,
1920 4050 1977 4094 et

396 4124 533 4181 edici
575 4142 740 4196 opera
785 4129 962 4197 lucis,
999 4143 1054 4184 et
1095 4131 1378 4185 stellarum
1421 4132 1618 4203 {uigori
1673 4133 1976 4201 splendori-

398 4230 506 4284 que
551 4218 829 4285 conferri,
870 4229 932 4274 ut
983 4237 1106 4276 cum
1165 4223 1284 4277 dies
1319 4223 1745 4278 resurrectionis
1787 4226 1973 4279 adfue-

400 4308 494 4370 rit,
557 4316 814 4378 tanquam
853 4311 1007 4366 stella
1050 4328 1080 4366 a
1119 4314 1276 4368 stella
1327 4313 1443 4387 (15)
1491 4315 1710 4371 differas
1763 4317 1818 4371 iu
1857 4318 1972 4373 cla-

401 4399 563 4454 ritate
609 4400 678 4453 ⁸⁷.
713 4401 963 4470 Amplius
1011 4405 1188 4461 adhuc
1236 4406 1361 4462 dico
1397 4424 1413 4462 :
1453 4417 1608 4476 potes
1643 4409 1690 4463 si
1731 4419 1839 4464 tam
1874 4427 1973 4480 pu-

399 4504 492 4546 rus
515 4488 678 4561 533
703 4501 904 4556 mente,
938 4503 1045 4548 tam
1087 4507 1310 4553 sanctus
1336 4513 1588 4570 corpore,
1632 4509 1738 4555 tam
1773 4501 1971 4556 imma-

396 4559 613 4636 culatus
637 4559 850 4636 actibus
869 4582 1059 4648 fueris,
1099 4587 1267 4640 etiam
1305 4559 1481 4655 ipsum
1507 4559 1770 4657 generare
1807 4588 1970 4644 Chri-
2001 4559 2048 4616 Β

394 4683 560 4738 ειυιιι,
595 4675 892 4728 secundum
925 4675 1072 4730 illum
1113 4679 1204 4746 qui
1235 4679 1451 4734 dicebat
1497 4698 1511 4734 :
1551 4699 1570 4733 ι
1612 4681 1788 4736 Filioli
1837 4683 1971 4749 mei,

395 4781 532 4834 quos
559 4768 755 4823 iterum
785 4771 1054 4837 parturio,
1099 4774 1275 4826 donec
1323 4773 1590 4830 formetur
1620 4774 1872 4830 Christus
1916 4775 1968 4830 in

393 4858 547 4914 vobis
569 4858 638 4913 ⁸⁸.
671 4878 692 4911 ι
724 4859 792 4914 Et
820 4861 901 4916 sic
929 4861 1044 4930 ipse
1094 4863 1162 4917 de
1199 4878 1258 4918 se
1293 4864 1549 4919 Dominus
1585 4866 1716 4920 dicit
1755 4882 1769 4919 :
1813 4885 1834 4918 σ
1865 4867 1969 4933 Qui

393 4947 584 5003 fecerit
607 4951 940 5006 voluntatem
973 4951 1154 5009 Patris
1187 4955 1288 5007 utei
1333 4955 1426 5024 qui
1458 4956 1510 5009 in
1545 4956 1701 5012 cmlis
1726 4966 1828 5020 est,
1854 4958 1971 5027 ipse

394 5052 548 5092 meus
575 5039 764 5104 frater,
791 5051 846 5096 et
877 5056 1032 5096 soror
1052 5082 1066 5105 ,
1098 5051 1151 5096 et
1199 5053 1373 5098 mater
1395 5053 1479 5098 est
1506 5044 1573 5098 ⁸³.
1619 5064 1638 5097 ›
1677 5047 1806 5112 Quae
1840 5061 1970 5115 ergo

391 5129 500 5182 erit
540 5141 712 5186 mater
739 5131 893 5198 .lesu,
937 5134 1040 5188 nisi
1078 5137 1235 5204 cujus
1273 5135 1427 5189 vulva
1474 5147 1721 5191 emortua
1753 5149 1836 5193 est
1863 5139 1888 5192 ?
1913 5149 1970 5193 ut

2079 3318 2216 3366 ram,
2243 3303 2327 3358 vel
2361 3321 2380 3354 ι
2425 3303 2478 3356 iu
2515 3318 2638 3357 eum
2689 3321 2709 3355 ι
2748 3303 2839 3372 qui
2889 3301 3019 3357 fecit
3060 3300 3281 3372 angelos
3319 3310 3636 3367 ceterasque

2076 3391 2317 3449 caelestis
2359 3392 2544 3462 gloriae
2589 3393 2860 3459 virtutes;
2892 3391 2989 3447 sed
3015 3392 3091 3445 ait
3119 3406 3151 3444 ες
3183 3410 3203 3442 ι
3241 3391 3339 3461 qui
3379 3389 3638 3445 suscitavit

2078 3485 2365 3541 Dominum
2387 3484 2569 3540 Iesum
2598 3501 2629 3540 a
2663 3485 2912 3540 mortuis.
2947 3503 2967 3538 ι
2993 3483 3106 3551 Qua
3133 3499 3264 3553 ergo
3296 3485 3371 3538 de
3401 3496 3555 3536 causa
3577 3481 3632 3532 ad

2078 3581 2543 3650 comparationem
2595 3578 2721 3634 ﬁdei
2768 3579 3002 3634 Abrahae
3046 3577 3235 3632 titulus
3269 3578 3376 3632 iste
3411 3591 3633 3631 resurre-

2079 3669 2280 3723 ctionis
2342 3669 2554 3723 Domini
2617 3669 2915 3724 assumitur
2981 3667 3348 3737 requiramus.
3407 3665 3633 3735 Nunquid

2076 3759 2356 3814 Abraham
2410 3760 2465 3814 in
2515 3774 2641 3815 eum
2674 3759 2984 3815 crediderat
3014 3761 3104 3829 qui
3149 3760 3441 3815 suscitavit
3471 3759 3632 3812 Domi-

2079 3869 2207 3906 num
2267 3851 2450 3908 Jesum
2491 3866 2519 3905 a
2568 3854 2834 3918 mortuis,
2875 3867 2995 3905 cum
3032 3850 3189 3906 Jesus
3235 3862 3366 3906 tunc
3421 3853 3631 3904 nondum

2078 3941 2271 3998 fuisset
2322 3943 2678 3998 resuscitatus
2711 3959 2743 3996 a
2777 3944 3007 3998 mortuis
3038 3945 3061 3996 ἲ
3094 3941 3262 3998 Velim
3296 3958 3434 4014 ergo
3473 3941 3631 3996 cousi-

2078 4035 2272 4090 derare
2295 4036 2424 4105 quid
2456 4037 2629 4090 visum
2652 4037 2724 4090 sit
2750 4036 2920 4091 Paulo
2953 4037 3288 4106 promittenti
3331 4037 3493 4090 nobis
3524 4037 3630 4102 quia

2080 4125 2220 4179 sicut
2246 4126 2482 4180 Abrahae
2514 4135 2762 4195 reputate
2809 4137 2894 4182 est
2941 4127 3183 4181 credenti
3223 4127 3360 4180 ﬁdes
3407 4128 3473 4179 ad
3496 4125 3630 4193 justi-

2078 4219 2231 4281 tiam,
2255 4217 2331 4271 ita
2371 4227 2425 4271 et
2469 4218 2624 4272 nobis
2660 4219 3002 4287 reputabitur
3044 4217 3399 4274 credentibus
3435 4218 3487 4271 in
3523 4231 3628 4270 eum

2077 4311 2168 4377 qui
2205 4309 2691 4366 suscitavitJesum
2733 4312 3022 4366 Dominum
3055 4320 3299 4367 nostrum
3331 4326 3362 4363 a
3403 4308 3626 4364 mortuis.

2075 4400 2132 4454 lu
2160 4416 2267 4470 quo
2290 4416 2391 4472 ego
2427 4417 2525 4471 pro
2555 4402 2826 4471 parvitate
2867 4417 3060 4457 sensus
3089 4401 3194 4457 mei
3238 4401 3375 4456 illud
3405 4403 3627 4461 adverto,

2076 4494 2218 4563 quod
2255 4495 2425 4548 multo
2451 4496 2522 4550 sit
2551 4496 2984 4564 magniﬁcentius
3013 4495 3066 4550 in
3098 4495 3348 4550 laudibus
3374 4494 3466 4548 Dei
3499 4507 3629 4546 resu-

2077 4587 2304 4642 scitasse
2333 4585 2516 4642 Jesum
2541 4588 2827 4642 Dominum
2875 4599 3123 4643 nostrum
3155 4603 3185 4639 a
3215 4587 3465 4650 Inoa-tuis,
3489 4598 3627 4653 quam

2079 4677 2275 4732 fecisse
2303 4681 2501 4734 caelum
2531 4690 2586 4735 et
2627 4690 2851 4746 terram,
2879 4695 3096 4736 creasse
3121 4679 3366 4748 angelos,
3395 4687 3447 4731 et
3487 4675 3630 4729 carie-

2077 4780 2192 4825 stes
2220 4771 2529 4827 condidisse
2559 4773 2809 4827 virtutes.
2842 4771 2978 4827 Illud
3011 4773 3155 4826 enim
3183 4771 3283 4824 fuit
3321 4771 3498 4824 facere
3527 4779 3627 4835 qua:

2076 4877 2184 4917 non
2217 4876 2391 4927 erant,
2425 4865 2526 4920 hoc
2553 4875 2736 4920 autem
2766 4880 3020 4934 reparare
3039 4878 3159 4934 quae
3189 4863 3486 4933 perierant.
3515 4855 3628 4912 Illud

2076 4953 2180 5007 fuit
2203 4956 2438 5009 nondum
2469 4954 2643 5010 deleta
2671 4956 2982 5019 instituere,
3005 4956 3110 5010 hoc
3128 4953 3242 5022 jam
3278 4953 3458 5008 deleta
3489 4948 3624 5004 resti-

2077 5053 2228 5098 tuere
2285 5045 2418 5116 (18).
2452 5045 2588 5099 Illud
2650 5047 2883 5116 denique
2934 5045 3200 5116 jussione,
3247 5045 3352 5101 hoc
3396 5041 3624 5113 passione

2075 5142 2374 5211 perfectum
2419 5151 2524 5196 est.
2577 5140 2684 5195 Sed
2719 5139 2879 5208 hujus
2932 5139 3066 5193 tauti
3103 5147 3324 5208 tamque
3377 5128 3621 5205 tttaguilici

464 5249 512 5280 ⁸⁸
542 5249 698 5306 Rom.
723 5267 798 5318 tv,
841 5254 894 5307 1.
968 5256 1017 5286 ⁸⁸
1045 5255 1062 5307 1
1090 5258 1216 5311 Cor.
1257 5273 1355 5322 γυ,
1383 5258 1434 5312 9.
1515 5256 1715 5315 “Gen.
1745 5274 1894 5323 xvnt,
1923 5263 1960 5315 1η

397 5318 444 5350 se
467 5318 654 5350 Γηιιωι.
719 5337 774 5350 ...
830 5323 858 5350 r:
954 5324 1000 5350 η
1035 5326 1048 5350 I
1078 5327 1185 5350 ιη..-
1261 5343 1333 5350 -.--
1410 5329 1460 5350 ιι
1564 5326 1611 5350 ιιι
1637 5328 1786 5350 μη..
1873 5346 1922 5350 ---

2087 5261 2282 5350 Plillip:
2319 5280 2402 5350 ut,
2436 5264 2489 5327 7,
2518 5263 2570 5316 8.
2594 5262 2692 5350 vn“
2714 5263 3006 5350 Calatini,
3043 5259 3254 5350 “in.”
3277 5259 3434 5350 flora.
3457 5252 3616 5350 Iv,

467 5318 801 5398 Coloss._tt_|_.
827 5323 883 5378 5.
954 5324 1000 5357 ⁸⁷
1031 5326 1050 5378 1
1074 5327 1204 5398 Cor.
1261 5318 1353 5396 xv,
1400 5329 1490 5383 41.
1564 5326 1611 5358 ⁸⁸
1637 5328 1813 5388 Galat.
1869 5318 1944 5398 tv,

2153 5318 2415 5389 "Matth.
2456 5318 2554 5398 in,
2590 5333 2679 5388 50.
2755 5318 3104 5398 οοιτίιηζη,
3140 5333 3229 5387 is.
3304 5330 3616 5384 “Renum

393 5387 586 5443 εδοξε.
662 5391 710 5422 ’⁸
749 5394 887 5449 Gen.
922 5410 1020 5461 sv,
1063 5396 1115 5450 6.

440 5507 583 5587 ’(11)
612 5510 816 5577 Al.,.et
850 5515 1080 5594 seminis
1113 5518 1391 5594 ejnshlal”
1448 5533 1499 5577 et
1540 5525 1750 5581 semine
1806 5521 1960 5594 ejus}

395 5577 658 5642 dicerem,
696 5599 800 5635 non
833 5584 1113 5638 debuerim
1141 5577 1214 5640 ile
1235 5577 1454 5643 Christo
1481 5577 1738 5644 dicere:

392 5650 793 5776 saﬁiirzglAl’ias,
831 5670 850 5703 (
877 5655 1233 5725 intelligeres.
1264 5678 1282 5710 ι
1327 5661 1476 5725 Α1.,«
1510 5662 1736 5733 intelligi
1765 5663 1963 5718 debere

465 5790 579 5858 (t3)
628 5792 739 5860 AL,
798 5793 961 5850 «Non
1013 5795 1161 5850 enim
1215 5806 1421 5853 tantum
1475 5799 1734 5868 gloriam,
1793 5817 1962 5872 quan.
2035 5840 2037 5843 -

396 5867 526 5924 tum,
555 5879 577 5913 ι
619 5873 725 5918 etc.

2141 5520 2254 5594 (14)
2293 5519 2793 5594 Alias,Are_t_o.pera
2827 5523 2983 5594 t_ua,_i
3021 5526 3130 5572 etc.
3172 5589 3183 5594 _
3313 5587 3342 5594 η
3374 5585 3385 5594 _
3508 5591 3517 5594 _
3568 5578 3576 5586 ,

2143 5585 2256 5660 (15)
2284 5593 2324 5643 Α
2366 5588 2541 5642 stella.
2576 5585 2698 5642 Haec
2745 5589 2908 5641 verba
2941 5589 3138 5641 desunt
3172 5589 3226 5642 in
3258 5585 3438 5647 editis,
3474 5591 3524 5634 et
3568 5585 3610 5628 in

2070 5663 2327 5733 pluribus
2347 5676 2477 5712 mss.

2141 5734 2254 5797 (16)
2290 5730 2455 5790 1⁸](1111,
2483 5747 2502 5779 (
2539 5743 2820 5797 paremus.
2853 5741 2871 5778 t
2916 5726 3077 5780 male.

2142 5799 2252 5869 (l7)
2293 5801 2458 5863 Alias,
2492 5818 2508 5849 (
2547 5800 2636 5867 qui
2667 5799 2915 5850 credidit.
2959 5816 2977 5846 ι

2141 5867 2254 5940 (18)
2293 5870 2454 5935 lidJi,
2495 5886 2516 5919 ι
2547 5871 2688 5938 quod
2717 5867 3122 5937 perieratJllud
3153 5867 3253 5923 fuit
3281 5871 3503 5925 nondum
3531 5870 3613 5917 dc-
