3754 6548
67 446 162 502 985

1001 446 1360 504 COMMENT.
1401 445 1466 500 IN
1509 442 1728 501 EPIST.
1768 443 1860 497 AD
1898 444 2066 500 ROM.
2100 443 2227 498 LIB.
2270 441 2359 498 IV.

3196 445 3300 500 980

68 562 300 632 mysterii
335 562 386 617 in
425 561 530 618 ﬁde
555 562 791 618 Abraha:
819 562 992 618 forma
1031 575 1086 619 et
1124 566 1303 636 imago
1334 580 1624 636 przecesse—
1653 573 1700 624 Α
1728 565 1869 619 sicut
1909 581 2007 621 nec
2034 565 2123 618 lux
2161 578 2283 618 cum
2310 561 2576 628 tenebris,
2605 575 2704 616 nec
2747 562 2856 614 vita
2888 576 3012 615 cum
3038 563 3297 616 morte”.

70 667 162 709 rat.
188 651 280 707 ille
315 655 456 708 enim
493 654 800 709 crediderat
834 669 957 709 cum
999 655 1198 712 oﬂ'erre
1230 658 1447 712 unicum
1471 657 1636 724 jubem

69 758 226 813 retur,
257 747 385 815 quia
416 755 472 800 et
499 761 529 799 a
558 747 788 802 mortuis
807 763 932 804 eum
974 751 1241 806 suscitare
1271 760 1458 820 potens
1481 758 1624 805 esset

68 837 225 900 Deus;
252 837 555 890 crediderat
581 837 745 892 etiam
784 842 932 908 quod
966 857 1071 896 non
1117 842 1190 896 illi
1240 849 1444 895 tantum
1475 841 1625 895 Isaac

68 943 143 981 res
167 937 293 980 tunc
329 938 628 996 gereretur,
653 930 746 982 sed
775 940 830 984 et
855 933 1048 985 semini
1079 933 1199 1000 ejus
1236 933 1329 1000 qui
1360 941 1437 987 est
1463 933 1621 986 Chri-

66 1028 188 1082 stus,
214 1017 372 1085 plena
397 1020 726 1073 sacramenti
765 1021 967 1075 veritas
999 1032 1327 1088 servaretur.
1373 1021 1499 1075 inde
1528 1027 1622 1075 de-

68 1112 210 1178 nique
238 1110 485 1179 gaudens
503 1113 721 1166 unicum
755 1111 1043 1177 oﬂ‘erebat,
1079 1115 1204 1183 quia
1231 1115 1286 1168 in
1311 1129 1376 1169 eo
1400 1131 1506 1168 non
1533 1115 1620 1168 itt-

67 1203 268 1255 teritum
306 1203 662 1270 posteritatis.
711 1205 806 1259 sed
859 1207 1262 1276 reparationem
1315 1207 1522 1271 mundi,
1566 1216 1622 1260 et

67 1293 448 1348 innovationem
482 1297 642 1350 totius
677 1308 963 1361 creatura}.
992 1314 1114 1366 qua:
1142 1313 1238 1367 per
1265 1299 1620 1354 resurrectio-

65 1400 168 1438 nem
210 1385 429 1441 Domini
476 1389 726 1442 restituta
763 1399 870 1453 est,
904 1390 1204 1458 cogitabat,
1237 1403 1292 1446 et
1339 1392 1459 1446 ideo
1489 1393 1620 1446 dicit

61 1478 305 1534 Dominus
337 1480 406 1534 de
438 1495 524 1545 eo,
547 1481 672 1549 quia
697 1499 715 1533 ι
751 1481 1022 1536 Abraham
1055 1493 1208 1552 pater
1233 1492 1411 1538 vester
1436 1485 1619 1539 exsul-

61 1571 178 1624 tavit
207 1581 265 1624 ut
298 1571 507 1626 videret
553 1573 696 1627 diem
748 1589 972 1640 meum;
1021 1585 1076 1628 et
1123 1576 1261 1630 vidit
1298 1587 1354 1630 et
1396 1577 1617 1645 gavisus

60 1673 128 1718 cst
148 1663 209 1716 “.
240 1683 260 1713 ι
299 1663 417 1718 Hoc
454 1679 585 1734 ergo
617 1667 776 1720 modo
805 1676 1178 1734 competenter
1211 1668 1484 1723 videbitur
1519 1669 1616 1723 ha-

61 1757 150 1809 bita
172 1757 506 1826 comparatio
551 1757 674 1811 tidei
717 1758 1020 1824 Abraham,
1050 1769 1105 1815 et
1136 1775 1327 1815 eorum
1367 1761 1459 1830 qui
1485 1776 1612 1814 cre-

60 1849 173 1899 dunt
197 1848 249 1902 in
285 1861 415 1902 eum
460 1848 550 1917 qui
599 1847 884 1902 suscitavit
918 1850 1205 1906 Dominum
1236 1851 1454 1917 Jesum;
1485 1852 1609 1920 quia

59 1938 176 2006 quod
208 1937 298 1992 ille
333 1936 577 1992 futurum
603 1939 904 2005 credidit,a
935 1941 1090 1994 nobis
1119 1943 1362 1996 creditur
1383 1942 1607 1997 factum.

63 2031 209 2082 Simul
233 2040 416 2084 autem
451 2041 506 2084 et
540 2031 669 2084 illud
695 2032 1004 2087 ostenditur
1033 2035 1178 2102 quod
1206 2035 1476 2091 haereticis
1505 2051 1610 2089 ttou

59 2126 226 2188 placet,
269 2123 403 2192 quia
436 2121 579 2178 Deus
607 2125 694 2178 cui
729 2125 962 2180 credidit
1010 2128 1312 2192 Abraham,
1357 2138 1414 2181 et
1449 2127 1608 2181 ﬁdem

59 2215 152 2282 ejus
181 2215 244 2268 ad
278 2216 558 2285 justitiam
594 2217 705 2289 (l9)
741 2218 1014 2289 reputavit
1050 2218 1118 2282 ",
1151 2219 1266 2284 ipse
1306 2227 1387 2272 est
1429 2219 1520 2287 qui
1555 2228 1612 2273 et

60 2306 316 2360 Dominum
353 2303 538 2362 Jesum
584 2309 930 2364 resuscitavit
954 2323 985 2363 a
1013 2311 1242 2364 mortuis
1273 2326 1288 2375 ;
1324 2325 1424 2364 nec
1448 2309 1610 2364 relin-

58 2399 215 2465 quitur
253 2397 407 2453 locus
431 2407 492 2451 ut
520 2397 661 2452 alius
702 2399 844 2452 Deus
861 2399 1023 2469 legis,
1045 2400 1184 2454 alius
1204 2400 1414 2456 Domini
1437 2401 1607 2456 nostri

57 2486 156 2541 Jesu
193 2487 395 2542 Christi
442 2487 606 2544 Pater
653 2489 1011 2558 intelligatur.
1059 2491 1165 2546 Sed
1219 2493 1397 2547 adhuc
1431 2493 1610 2562 requi-

59 2594 231 2642 ramus,
283 2593 410 2634 cum
457 2583 566 2634 sint
594 2581 994 2650 quamplurima
1043 2596 1164 2650 quae
1205 2583 1455 2636 Christus
1482 2593 1606 2637 esse

57 2667 224 2721 dicitur
247 2676 400 2738 (nam
428 2678 485 2722 et
537 2669 833 2736 sapientia,
878 2678 935 2722 et
981 2669 1180 2727 virtus.
1201 2667 1517 2737 etjustitia,
1549 2676 1607 2722 et

57 2763 268 2824 verbum,
301 2770 361 2815 et
405 2763 630 2826 veritas,
659 2769 715 2814 et
756 2760 866 2813 vita
910 2762 1028 2830 ipse
1079 2760 1381 2830 appellatur
1407 2758 1474 2827 ’⁵)
1505 2774 1606 2813 cur

58 2852 372 2910 potissimum
415 2853 483 2906 de
517 2853 926 2907 resurrectione
969 2849 1087 2920 ejus
1142 2854 1195 2905 in
1251 2851 1358 2905 tide
1415 2859 1600 2904 nostra

58 2944 310 3012 Apostolus
345 2944 458 3016 (20)
493 2943 655 3000 faciat
689 2945 1037 2998 mentionem.
1074 2943 1213 2998 Dicit
1236 2943 1288 2996 in
1313 2942 1436 2997 aliis
1462 2942 1602 2997 idem

56 3038 330 3104 Apostolus,
355 3038 485 3108 quia
508 3057 526 3090 ι
556 3053 678 3092 cum
713 3037 932 3091 Christo
955 3037 1284 3092 coexcitavit
1315 3051 1412 3089 nos
1437 3035 1600 3101 Deus,

57 3139 98 3180 et
114 3129 255 3183 simul
297 3143 426 3183 cum
473 3129 592 3198 ipso
627 3129 820 3182 sedere
852 3127 982 3182 fecit
1028 3127 1084 3181 in
1127 3127 1440 3183 ctelestibus
1468 3127 1535 3182 ’⁸.
1574 3146 1594 3180 ι

1727 658 1801 710 ita
1825 674 1956 728 ergo
1979 668 2034 713 et
2060 655 2408 711 credentibus
2433 655 2654 724 quidem
2698 653 2944 717 Christo,
2983 667 3082 707 nec
3114 664 3293 707 tamen

1727 749 2122 818 deponentibus
2160 758 2400 804 veterem
2439 745 2710 802 hominem
2754 759 2878 798 cum
2927 745 3140 798 actibus
3184 747 3298 800 suis

1728 839 1946 906 injustis
1974 841 2015 903 ¹,
2050 840 2183 894 lides
2234 840 2477 907 reputari
2525 851 2632 890 non
2683 844 2863 906 potest
2896 836 2964 889 ad
2999 835 3293 905 justitiam.

1722 929 1901 986 Simili
1927 940 2108 986 autem
2132 931 2295 986 modo
2323 943 2606 998 possumus
2641 927 2846 994 dicere,
2865 926 2991 996 quia
3023 927 3165 981 sicut
3211 925 3295 978 in-

1714 1023 1862 1091 justo
1918 1039 2022 1078 non
2072 1035 2249 1092 potest
2280 1022 2490 1092 justitia
2543 1021 2815 1090 reputari,
2860 1020 2934 1073 ita
2978 1033 3078 1073 nec
3124 1017 3298 1086 impu—

1722 1117 1844 1171 dico
1875 1117 2158 1186 pudicitia,
2191 1132 2293 1171 nec
2328 1116 2516 1185 iniquo
2541 1113 2797 1182 aequitas,
2828 1129 2925 1166 nec
2959 1125 3128 1166 avaro
3153 1110 3295 1164 lihe-

1722 1209 1932 1274 ralitas,
1967 1225 2070 1264 nec
2099 1209 2266 1279 impio
2297 1209 2474 1279 pietas
2505 1205 2741 1276 reputari
2775 1214 2972 1271 potest,
3002 1203 3174 1258 donec
3204 1216 3298 1255 ve-

1724 1307 1862 1354 tusta
1893 1299 2147 1353 vitiorum
2182 1299 2496 1352 indumenta
2530 1311 2634 1350 non
2664 1293 2870 1363 abjicit,
2937 1303 2993 1348 et
3014 1312 3032 1346 ι
3061 1309 3295 1348 novum»

1719 1403 1778 1444 se
1804 1389 1981 1443 induit
2001 1388 2112 1459 (22)
2135 1402 2153 1436 ι
2178 1378 2586 1456 hominem,qui
2610 1383 2909 1438 secundum
2942 1381 3109 1436 Deum
3140 1395 3294 1435 crea-

1716 1485 1804 1530 tus
1831 1486 1936 1539 est,
1964 1489 2020 1532 et
2051 1486 2340 1531 renovatur
2361 1475 2417 1531 in
2451 1474 2729 1544 agnitione
2773 1472 2868 1526 Dei
2907 1471 2972 1524 ad
3004 1470 3293 1540 imaginem

1716 1567 1834 1636 ejus
1857 1567 1948 1636 qui
1981 1567 2186 1622 creavit
2213 1580 2336 1620 eum
2363 1566 2405 1620 ⁸.
2449 1583 2470 1617 ι
2506 1564 2795 1633 Propterea
2842 1563 2985 1617 enim
3034 1563 3166 1617 etin
3201 1577 3292 1617 se-

1716 1659 2011 1728 quentibus
2037 1659 2285 1730 adjungit
2312 1667 2368 1713 et
2393 1657 2524 1712 dicit
2554 1657 2622 1712 de
2665 1656 2898 1711 Domino
2919 1653 3044 1711 Jesn
3075 1673 3087 1710 :
3128 1673 3145 1706 ι
3187 1655 3292 1722 Qui

1718 1749 1953 1804 traditus
1996 1757 2116 1813 est,
2175 1748 2388 1818 inquit,
2446 1757 2666 1817 propter
2713 1757 2930 1816 peccata
2982 1755 3190 1809 nostra,
3237 1753 3295 1800 et

1717 1847 2018 1901 resurrexit
2047 1855 2268 1915 propter
2308 1843 2752 1912 justiﬁeationem
2783 1851 3023 1897 nostram
3054 1841 3075 1872 ³
3108 1857 3124 1906 ;
3169 1859 3190 1894 ι
3235 1849 3296 1894 ut

1715 1941 1972 1994 ostendat
2002 1939 2130 2008 quia
2163 1953 2226 1992 ea
2254 1952 2352 2006 pro
2394 1936 2594 2005 quibus
2627 1933 2880 1990 Christus
2929 1933 3158 1988 traditus
3182 1941 3292 1996 est,

1712 2033 1877 2086 etiam
1910 2046 2009 2086 nos
2044 2031 2342 2085 abhorrere
2366 2029 2682 2087 debeamus.
2703 2037 2760 2080 et
2786 2025 3042 2095 abjicere.
3068 2023 3124 2077 Si
3146 2023 3291 2078 enim

1712 2133 1937 2192 propter
1955 2132 2173 2191 peccata
2200 2133 2387 2174 nostra
2431 2120 2687 2173 traditutn
2706 2133 2828 2171 eum
2848 2116 3143 2178 credimus,
3163 2127 3295 2183 quo-

1711 2216 1871 2269 modo
1901 2230 2009 2268 non
2047 2213 2287 2268 alienum
2334 2212 2490 2267 nobis
2511 2221 2564 2266 et
2593 2211 2872 2265 inimicum
2894 2209 3112 2263 ducitur
3132 2220 3294 2261 omne

1711 2315 2029 2376 peccatum,
2058 2319 2157 2374 pro
2187 2319 2295 2374 quo
2331 2304 2661 2371 Redemptor
2691 2312 2878 2355 noster
2904 2301 3139 2354 traditus
3177 2314 3294 2354 me‘

1710 2407 1956 2452 moratur
2008 2396 2063 2451 in
2127 2394 2412 2450 mortem?
2466 2391 2600 2447 Nam
2653 2391 2698 2446 si
2749 2391 2904 2445 nobis
2947 2388 3131 2458 aliqua
3169 2404 3291 2442 rur-

1707 2505 1830 2544 sum
1858 2487 2092 2544 societas
2128 2501 2251 2541 cum
2282 2493 2529 2552 peccato,
2560 2492 2654 2536 aut
2677 2480 2918 2534 amicitia
2957 2479 3074 2542 iiat,
3101 2487 3296 2532 osten-

1707 2584 1889 2637 dimus
1918 2582 2062 2650 quod
2100 2578 2237 2634 nihil
2287 2576 2552 2633 ducamus
2601 2583 2832 2629 mortem
2885 2571 3090 2626 Christi
3135 2569 3286 2634 Jesu,

1705 2675 2094 2744 amplectentes
2141 2683 2197 2726 et
2238 2679 2528 2738 sequentes
2566 2682 2629 2721 ea
2667 2681 2792 2736 qua:
2832 2665 2923 2720 ille
2956 2663 3292 2734 expugnavit

1705 2778 1761 2823 et
1807 2770 1955 2820 vicit.
2008 2765 2172 2834 idque
2223 2773 2394 2818 totum
2421 2760 2582 2816 simul
2610 2769 2942 2814 cunnectens
2969 2750 3285 2826 Apostolus,

1707 2868 1963 2926 tanquam
1982 2870 2181 2924 corpus
2214 2855 2390 2923 ipsum
2421 2851 2656 2922 peccati,
2684 2849 3055 2903 indutuentum
3084 2851 3287 2902 veteris

1705 2951 1940 3005 hominis
1966 2947 2295 3019 appellavit,
2323 2945 2467 3016 quod
2503 2941 2878 3010 deponendum
2922 2939 3114 2994 suadet
3146 2940 3166 2970 ⁸
3203 2939 3287 2992 his

1702 3045 1794 3113 qui
1818 3042 2048 3097 credunt
2069 3040 2118 3094 ei
2145 3039 2239 3109 qui
2261 3035 2546 3093 suscitavit
2579 3033 2863 3088 Dominum
2891 3030 3074 3085 Jesum
3093 3049 3121 3084 a
3142 3047 3287 3083 tuor-

1705 3140 1833 3202 tuis,
1866 3149 1924 3187 ut
1945 3133 2158 3202 abjecto
2189 3131 2508 3186 indumento
2539 3125 2821 3194 injustitia:
2846 3124 3075 3178 induant
3104 3137 3162 3176 se
3189 3122 3287 3173 Do-

58 3219 146 3274 lloc
172 3231 250 3276 est
279 3235 414 3290 ergo
443 3219 586 3288 quod
612 3219 868 3274 admonet
894 3235 909 3273 :
944 3219 1003 3274 Si
1045 3221 1275 3275 creditis
1320 3221 1596 3275 Christum

1779 3245 1906 3284 num
1949 3224 2171 3292 Iesum,
2215 3224 2309 3293 qui
2355 3233 2441 3278 est
2485 3238 2676 3276 verum
2718 3219 2945 3290 justitiae
2990 3217 3282 3271 indumen-

57 3315 322 3368 suaexisse
346 3329 378 3366 a
408 3312 878 3377 mortuis,credite
900 3314 1064 3368 etiam
1087 3313 1449 3382 vosmetipsos
1468 3328 1592 3368 cum

59 3407 145 3476 ipso
171 3406 371 3476 pariter
399 3405 732 3480 surrexive;
771 3416 828 3460 et
871 3407 916 3461 si
946 3407 1173 3461 creditis
1197 3407 1324 3474 quia
1353 3408 1505 3460 sedet
1526 3407 1594 3461 ad

56 3499 293 3552 ueneram
325 3498 507 3553 Patris
535 3499 587 3552 in
611 3499 786 3564 cmlis,
814 3498 978 3552 etiam
1010 3498 1368 3566 vosmetipsos
1387 3497 1596 3552 credite

53 3588 134 3654 jaut
165 3605 263 3643 non
298 3591 352 3644 in
394 3592 648 3652 terrenis,
683 3591 778 3644 sed
812 3590 866 3643 in
909 3589 1225 3644 caelestibus
1251 3589 1592 3652 collocatos;

56 3691 94 3732 et
123 3683 159 3734 si
188 3680 412 3736 creditis
441 3695 536 3734 vos
565 3681 784 3734 Christo
812 3689 1201 3744 commortuus,
1235 3681 1442 3734 credite
1468 3681 1593 3748 quia

56 3787 94 3827 et
116 3775 400 3828 convivetis
430 3780 514 3837 ei;
546 3774 673 3828 etsi
727 3773 950 3827 creditis
979 3773 1104 3840 quia
1148 3771 1401 3826 Christus
1442 3785 1591 3824 mor-

56 3876 150 3920 tuus
189 3878 265 3921 est
310 3876 570 3936 peccato,
611 3875 666 3920 et
700 3867 835 3919 vivit
881 3867 1010 3930 Deo,
1041 3866 1206 3918 etiam
1250 3863 1592 3918 vos‘mortui

57 3971 196 4013 estote
245 3970 498 4030 peccato,
540 3957 703 4030 534
739 3968 794 4012 et
836 3958 1004 4011 vivite
1046 3958 1238 4012 Deo”.
1269 3957 1332 4012 Et
1361 3957 1467 4011 hoc
1507 3965 1596 4012 est

56 4054 169 4117 quod
190 4056 508 4105 auctoritate
531 4051 822 4117 apostolica
843 4059 1201 4119 protestatur,
1219 4059 1272 4106 et
1297 4049 1455 4103 dicit:
1483 4067 1501 4100 ι
1533 4049 1590 4103 Si

57 4145 443 4198 consiti-resistis
477 4157 601 4196 cum
629 4143 872 4205 Christo,
899 4158 1017 4210 quae
1041 4157 1254 4196 sursum
1293 4151 1418 4196 sunt
1447 4156 1594 4210 qua:-

58 4236 148 4298 iite,
172 4238 252 4290 ubi
293 4237 548 4292 Christus
585 4244 670 4289 est
715 4235 766 4287 in
797 4236 1020 4289 dextera
1066 4234 1158 4288 Dei
1203 4235 1439 4297 sedens;
1472 4249 1594 4302 quae

57 4341 228 4382 sursum
258 4339 389 4383 sunt
415 4330 609 4398 sapite,
629 4345 736 4382 non
769 4342 891 4396 quae
919 4342 1081 4395 super
1109 4337 1312 4380 terram
1329 4327 1394 4390 ⁸⁸;
1423 4346 1443 4378 ι
1465 4329 1592 4396 quia

57 4422 123 4485 qui
159 4422 264 4476 hac
296 4424 450 4492 agit,
488 4423 574 4478 hic
605 4439 666 4478 se
707 4422 946 4477 ostendit
987 4420 1214 4475 credere
1257 4421 1314 4474 in
1345 4435 1466 4473 ettm
1499 4420 1591 4487 qni

59 4517 296 4568 suscitavit
327 4514 512 4569 Jesum
561 4516 844 4570 Dominum
887 4523 1136 4568 nostrum
1179 4527 1210 4566 a
1250 4511 1506 4575 mortuis,
1537 4521 1591 4565 et

1699 3333 1809 3377 tum
1837 3321 1974 3393 (Ξῖ),
2000 3329 2058 3374 ιιι
2100 3319 2297 3373 merito
2341 3315 2688 3370 credentibus
2740 3314 2876 3368 lides
2905 3313 2973 3366 ad
3009 3310 3282 3380 justitiam

1698 3425 2004 3485 repntetur.
2069 3430 2088 3464 ι
2146 3411 2404 3466 Traditus
2464 3421 2549 3464 est
2609 3422 2740 3477 ergo
2804 3413 3023 3476 propter
3061 3411 3284 3470 peccata

1694 3518 1881 3561 nostra
1908 3545 1924 3568 ,
1955 3512 2009 3559 et
2055 3503 2360 3557 resurrexit
2405 3509 2628 3570 propter
2677 3495 3124 3568 justilicationem
3184 3509 3282 3545 nu-

1694 3612 1865 3653 stram
1889 3597 1934 3650 ⁸.
1977 3615 1997 3648 ι
2047 3595 2258 3648 Etenim
2301 3593 2348 3646 si
2383 3590 2829 3646 consurreximus
2859 3602 2982 3641 cum
3015 3583 3280 3647 Christo,

1693 3691 1784 3760 qui
1811 3687 2148 3755 estjustitia,
2179 3695 2236 3739 et
2279 3685 2331 3738 in
2377 3683 2616 3737 novitate
2648 3681 2774 3734 vita:
2816 3679 3176 3740 ambulamus,
3222 3689 3279 3734 et

1693 3780 1992 3836 secundum
2040 3775 2309 3845 justitiam
2357 3773 2610 3834 vivimus,
2655 3770 2899 3823 surrexit
2932 3768 3090 3822 nobis
3119 3767 3283 3822 Chri-

1693 3883 1812 3929 stus
1852 3873 1921 3926 ad
1963 3870 2412 3939 justiiicatiunetn
2462 3875 2724 3920 nostram.
2765 3863 2821 3916 Si
2879 3877 3008 3916 vero
3040 3862 3279 3915 nondunt

1694 3964 2048 4029 deposuimus
2098 3971 2335 4016 veterem
2371 3956 2651 4012 hominem
2706 3969 2828 4008 cum
2879 3953 3090 4006 actibus
3140 3951 3277 4015 suis,

1695 4061 1789 4114 sed
1820 4058 1874 4111 in
1916 4055 2180 4126 injustitia
2215 4053 2446 4108 vivimus
2471 4092 2486 4114 ,
2517 4053 2688 4104 audeo
2730 4049 2912 4104 dicere
2947 4045 3091 4113 quod
3144 4058 3280 4098 non-

1696 4150 1823 4204 dum
1876 4149 2034 4204 nobis
2080 4145 2384 4202 resurrexit
2420 4143 2670 4211 Christus
2709 4140 2776 4194 ad
2803 4136 3274 4208 justilicatinnem,

1696 4257 1794 4296 nec
1813 4241 2043 4296 traditus
2076 4251 2163 4295 est
2193 4252 2414 4310 propter
2433 4246 2650 4306 peccata
2675 4243 2884 4287 nostra.
2910 4231 2969 4286 Si
3001 4229 3144 4284 enim
3174 4229 3276 4282 hoc

1696 4336 1883 4397 credo,
1921 4333 2194 4402 quomodo
2229 4330 2357 4386 illud
2416 4346 2572 4393 amo,
2605 4343 2703 4398 pro
2753 4339 2862 4403 quo
2915 4322 3003 4376 ille
3057 4320 3277 4390 pertulit

1697 4437 1927 4481 mortem
1954 4427 1978 4480 ?
2005 4426 2062 4479 Si
2090 4424 2192 4479 hoc
2232 4422 2398 4477 credo
2435 4421 2577 4489 quod
2611 4420 2699 4472 ille
2735 4418 2803 4470 ad
2826 4415 3277 4482 justiiicationetu

1700 4534 1877 4573 meam
1914 4517 2174 4580 surrexit,
2221 4515 2494 4584 quomodo
2540 4513 2671 4566 mihi
2721 4510 2832 4582 (Ἡ)
2869 4507 3128 4578 injustitia
3164 4511 3280 4574 pla-

59 4602 153 4657 huic
171 4621 286 4660 vere
319 4607 454 4660 lides
484 4615 768 4676 reputatur
807 4605 873 4658 ad
908 4605 1204 4674 justitiam.
1233 4603 1418 4672 Neque
1446 4605 1589 4658 enim
1624 4593 1668 4646 Ῑ)
1697 4621 1782 4664 cet
1806 4611 1829 4663 ?
1851 4608 2124 4663 Justiticat
2165 4620 2298 4674 ergo
2334 4621 2428 4661 eos
2473 4607 2724 4662 Christus
2769 4601 3140 4658 tantunnnodo
3183 4596 3277 4667 qui

61 4698 269 4759 possibile
291 4708 376 4753 est
406 4709 462 4752 ut
490 4699 710 4752 habenti
754 4698 808 4752 in
836 4711 895 4752 se
933 4697 1135 4764 aliquid
1163 4696 1442 4764 injustitia:
1467 4712 1590 4766 pos-

59 4788 109 4837 sit
135 4789 323 4856 jnstitia
352 4791 466 4862 (il)
499 4791 762 4860 reputari,
789 4791 953 4843 etiam
985 4790 1031 4844 si
1055 4791 1243 4844 credat
1273 4791 1324 4844 itt
1356 4789 1588 4858 eumqui

59 4883 297 4937 suscitavit
345 4883 632 4938 Dutttinunt
689 4883 872 4939 Jesunt
927 4899 957 4937 a
1015 4885 1264 4937 mortuis.
1319 4883 1587 4951 Injustitia

60 4983 245 5040 uanique
276 4991 402 5030 cum
428 4976 637 5050 justitia
667 4976 804 5031 nihil
833 4985 1011 5047 potest
1042 4976 1245 5031 habere
1270 4989 1587 5044 commune,

95 5113 130 5184 θ’
152 5114 290 5171 Joan.
309 5134 428 5181 VIII,
457 5117 546 5175 56.
621 5119 668 5151 ”
693 5117 852 5174 Βοιῐιο
876 5134 950 5184 ινφ
981 5119 1036 5172 5-

1700 4715 1894 4754 novant
1923 4701 2092 4752 vitam
2135 4697 2386 4767 exemplo
2427 4691 2844 4751 resurrectionis
2879 4693 3047 4763 ipsius
3093 4702 3278 4742 susce-

1696 4801 1914 4861 perunt,
1939 4800 1994 4844 et
2023 4800 2236 4845 vetusta
2266 4789 2544 4860 injustitia
2585 4796 2750 4856 atque
2789 4783 3092 4853 iniquitatis
3116 4781 3275 4834 indu-

1697 4892 1882 4937 menta
1902 4881 2046 4936 velut
2077 4897 2298 4938 causam
2324 4882 2522 4936 mortis
2555 4880 2839 4948 abjiciunt.
2877 4878 2982 4931 Sed
3023 4874 3152 4928 illud
3178 4888 3273 4926 ve-

1695 4975 1790 5029 lint
1824 4974 2128 5044 requirere,
2172 4975 2218 5029 si
2243 4988 2342 5043 pro
2382 4974 2486 5028 hoc
2513 4973 2628 5028 solo
2667 4973 2797 5026 dicit
2834 4970 3122 5038 Apostolus
3145 4970 3274 5036 quia

1113 5118 1159 5151 θ’
1185 5118 1203 5173 1
1233 5119 1358 5175 Cor.
1379 5121 1602 5187 1.24.30

1775 5140 1872 5182 n.t,
1903 5123 1953 5186 l;
1988 5136 2098 5184 κη’,
2123 5118 2176 5173 6.
2253 5119 2298 5150 ’⁸
2325 5116 2520 5187 Ephesi.
2545 5131 2599 5187 tt.
2627 5114 2679 5167 6.
2744 5112 2786 5144 ’⁷
2822 5111 2977 5187 Rom.
3010 5108 3158 5187 vt,_8_,
3185 5107 3274 5172 10,

61 5182 124 5234 ll.
150 5255 156 5256 ί
185 5190 226 5218 ’⁸
259 5179 464 5242 Coloss.
510 5205 592 5252 Ill,
654 5191 702 5251 1,
735 5189 792 5243 9..
868 5179 985 5242 "ll
1017 5189 1142 5244 Cor.
1177 5207 1248 5256 vt,
1307 5179 1527 5256 “,15.
1599 5199 1602 5223 ³

1775 5179 2040 5253 ιδεξιιιξυ.
2086 5179 2130 5220 ’²
2158 5190 2284 5244 ibid.
2336 5179 2420 5241 ii).
2496 5186 2516 5216 ³
2544 5185 2700 5239 Rom.
2736 5198 2811 5246 tv,
2847 5180 2938 5236 ‘25.
3014 5179 3035 5210 ⁸
3062 5182 3270 5236 Coloss.

62 5266 119 5314 tu,
140 5255 186 5321 9,
217 5259 299 5314 i0.
373 5259 396 5291 ³
424 5259 579 5314 Boni.
609 5275 682 5324 tv,
705 5259 796 5314 25.

58 5404 163 5474 inccta
205 5401 522 5474 instituere,
559 5401 664 5474 hoc
717 5411 900 5474 autem
955 5401 1161 5474 dejecta
1192 5401 1527 5474 restituere.
1569 5419 1589 5453 δ

63 5464 148 5540 Sed
168 5472 370 5524 codices
404 5472 578 5524 nostri
609 5486 740 5524 mss.
771 5470 976 5540 legunt,
1008 5464 1096 5523 alii
1118 5487 1137 5522 ι
1173 5471 1424 5534 dilecta,i
1457 5473 1598 5525 sicut

63 5543 98 5582 ει
120 5536 387 5611 iiahanus;
426 5541 540 5611 alii,
576 5559 595 5592 s
629 5536 852 5611 deleta}
891 5558 924 5611 si
948 5541 1046 5611 alii
1075 5556 1204 5592 vero
1236 5558 1254 5592 ι
1293 5543 1534 5611 dirupta.
1571 5561 1588 5593 ι

115 5607 205 5680 ([9)
236 5611 310 5680 {id
331 5610 614 5677 justitiam.
645 5606 810 5673 Editi,
849 5628 868 5661 ι
907 5610 999 5664 Dei
1029 5610 1321 5680 justitiam.
1353 5630 1374 5663 ι

116 5675 203 5741 ('20)
233 5677 295 5732 In
332 5675 458 5749 V/t'der
483 5691 664 5733 nostra
698 5681 1003 5749 Apostolus,
1031 5675 1145 5736 etc.
1177 5681 1269 5734 Sic
1312 5689 1456 5734 recte
1484 5681 1588 5735 duo

434 5748 606 5820 Regii.
633 5748 822 5804 Alii'et
842 5751 1027 5818 editi,t
1061 5751 1112 5805 in
1134 5749 1238 5805 [ide
1268 5766 1408 5806 nunc
1438 5753 1588 5820 Apoc

99 5829 207 5880 mna,
237 5837 254 5869 ι
279 5829 381 5873 etc.

115 5885 204 5948 ΩΙ)
233 5890 397 5952 Alias.
443 5907 462 5943 ι
499 5890 742 5961 Ῑιιειίιίειι.
783 5907 804 5943 ι

1775 5395 1888 5466 (22)
1927 5395 2016 5450 Sic
2053 5410 2181 5448 mss.
2221 5374 2413 5466 uestri,
2446 5390 2772 5466 Salodianus
2793 5397 2849 5443 et
2875 5387 3151 5442 Merlinus.
3173 5387 3276 5444 Ge-

1706 5460 2008 5521 nchra'rdus
2032 5481 2180 5528 vero,
2211 5482 2230 5514 ι
2272 5465 2580 5517 indumenta
2611 5460 2856 5529 abjiciat,
2888 5470 2941 5514 et
2991 5473 3187 5514 novum
3218 5478 3276 5513 se

1705 5539 1946 5658 iniuncti},
1985 5555 2003 5586 ι
2033 5546 2168 5598 etc.,
2193 5549 2292 5604 pro
2321 5549 2340 5584 ‹
2374 5531 2582 5597 induat,
2605 5548 2626 5582 ι
2649 5543 2707 5596 ut
2736 5531 2920 5600 legunt
2948 5529 3275 5585 Salodianus

1705 5620 1744 5658 Bl
1823 5625 1881 5658 er
1907 5622 2047 5658 lllllS.

1693 5620 1744 5662 et
1772 5608 2047 5660 Merlinus.

1767 5677 1880 5747 (ὦ)
1911 5676 2082 5740 Alias,
2121 5692 2140 5726 ι
2175 5674 2321 5743 quod
2364 5682 2448 5728 est
2488 5687 2675 5726 verum
2716 5669 2944 5741 justitize
2984 5669 3274 5726 indumen-

1696 5757 1889 5887 tutg‘)’
1920 5813 2074 5871 Mihi.
2100 5813 2450 5870 Desideratur
2471 5812 2527 5868 in
2552 5823 2712 5868 antea
2738 5813 2922 5868 editis.
