3768 6538
461 441 551 494 »87
1700 506 1708 514 _
1919 429 2250 491 .outeENts
3587 413 3674 468 εδδ

457 570 476 601 ι
513 569 619 609 non
645 565 866 624 propter
901 575 922 610 ι
950 557 1224 612 Abraham
1245 575 1262 608 ι
1285 556 1460 611 solum
1494 556 1608 628 (9.5)
1635 563 1899 624 scriptum
1922 562 2024 616 est,
2057 552 2100 608 Α
2128 554 2213 600 est
2237 545 2284 599 ei
2317 543 2575 596 Dominus
2597 540 2639 572 “
2674 534 3017 604 :iqnomodo
3034 533 3198 588 etiam
3231 532 3335 586 hoc
3367 543 3474 582 non
3516 543 3673 581 Loultti

456 647 544 700 sed
569 656 623 701 et
652 657 877 716 propter
901 663 998 702 nos
1026 650 1070 713 ⁸,
1105 669 1121 698 ι
1162 650 1305 718 quod
1330 649 1466 703 dixit
1495 666 1510 702 :
1543 668 1561 700 ι
1599 645 2023 703 CrediditAbra-

455 739 581 793 ham
631 737 775 801 Deo,
819 747 874 793 et
924 749 1229 808 reputatum
1280 749 1362 795 est
1400 740 1473 794 illi
1517 740 1583 794 ad
1619 737 1955 810 justitiam’.
1999 755 2019 788 ι

456 829 691 885 Putasne
718 834 868 888 solus
903 834 992 888 hic
1032 851 1211 889 sermo
1239 851 1304 890 ex
1333 836 1582 890 onmibus
1616 849 1738 902 qua:
1773 833 2027 887 dicuntur

456 919 522 972 de
546 921 846 988 Abraham,
880 939 985 979 non
1015 926 1190 979 solum
1237 935 1458 996 propter
1491 925 1662 985 illum,
1699 924 1792 979 sed
1815 932 1867 978 et
1897 935 2025 990 pro-

456 1021 576 1081 pter
609 1029 706 1069 nos
749 1016 983 1085 scriptus
1019 1028 1103 1071 est
1128 1019 1151 1071 ?
1172 1019 1251 1072 An
1286 1029 1340 1072 ct
1369 1017 1470 1070 alia
1498 1018 1677 1086 aliqua
1705 1015 2028 1069 videbuntur

457 1118 562 1156 non
580 1105 750 1158 solum
769 1117 989 1174 propter
1011 1107 1185 1170 illum,
1204 1110 1298 1164 sed
1326 1117 1380 1163 et
1404 1117 1624 1178 prepter
1649 1123 1747 1162 nos
1775 1106 1974 1174 scripta
2003 1104 2028 1158 2

457 1192 534 1245 An
577 1204 728 1249 certe
752 1197 934 1250 omnia
963 1213 1081 1263 quae
1114 1200 1180 1252 de
1205 1199 1322 1267 ipso
1360 1199 1638 1262 dicuntur,
1667 1212 1774 1252 non
1809 1198 1875 1250 de
1912 1195 2028 1263 ipso

455 1283 587 1345 solo,
616 1286 710 1338 sed
740 1296 796 1340 et
826 1303 922 1356 pro
951 1287 1107 1342 nobis
1145 1289 1400 1342 dicuntur
1424 1286 1535 1358 (26)
1563 1287 1586 1340 ’ἒ
1615 1285 1681 1340 Et
1718 1302 1823 1340 non
1851 1286 2027 1341 solum

455 1375 523 1427 de
573 1374 870 1441 Abraham,
906 1379 1000 1433 sed
1031 1379 1152 1433 vide
1183 1394 1249 1433 ne
1283 1378 1424 1433 forte
1473 1380 1588 1432 haec
1634 1379 1822 1432 eadem
1866 1377 2028 1431 etiam

455 1466 522 1517 de
559 1465 704 1521 Isaae
747 1468 1000 1522 similiter
1035 1470 1348 1538 accipienda
1389 1471 1519 1532 sint,
1552 1479 1610 1523 ut
1645 1485 1766 1539 qua:
1815 1468 1881 1522 de
1915 1469 2031 1534 ipso

454 1556 659 1630 scripta
688 1567 835 1625 sunt,
858 1574 963 1614 non
999 1559 1172 1629 ipsum
1205 1560 1401 1626 solum,
1421 1559 1514 1615 sed
1543 1569 1597 1613 et
1628 1575 1725 1614 nos
1745 1561 2030 1628 aspiciant.

458 1645 721 1701 Similiter
749 1659 802 1704 et
841 1651 907 1704 de
943 1649 1111 1706 Jacob
1149 1659 1206 1706 et
1257 1652 1473 1706 eaateris
1517 1651 1860 1720 patriarehis.
1895 1651 2031 1705 Nam

457 1754 578 1807 quae
625 1741 765 1796 ratio
811 1741 1082 1797 videbitur
1126 1753 1185 1798 ut
1231 1743 1299 1800 de
1338 1743 1612 1799 Abraham
1652 1744 1869 1813 quidem
1913 1760 2035 1814 quae

459 1833 663 1900 scripta
695 1841 844 1897 sunt,
874 1835 1036 1889 etiam
1066 1836 1132 1890 ad
1169 1851 1269 1893 nos
1305 1836 1577 1905 pertinere
1619 1837 1894 1900 dicantur,
1927 1852 2030 1891 non

2126 646 2345 706 propter
2370 635 2666 695 Abraham,
2691 630 2786 685 sed
2812 638 2868 683 et
2892 637 3111 698 propter
3145 637 3249 677 nos
3297 621 3560 689 scriptum
3606 619 3673 670 vi-

2126 729 2339 791 deatur,
2376 735 2434 778 ut
2467 723 2811 778 ambulemus
2837 723 3138 776 secundum
3168 713 3350 768 omnia
3384 725 3502 780 qua
3539 710 3664 762 iocu-

2127 829 2213 872 tus
2259 827 2342 872 est
2395 815 2673 870 Dominus.
2705 812 2810 866 Sed
2849 819 2905 865 et
2949 809 3017 862 de
3052 804 3223 872 Isaac,
3250 803 3336 857 vel
3376 803 3445 855 de
3483 798 3679 854 caeteris

2124 925 2246 980 quae
2293 909 2544 964 similiter
2586 905 2924 968 scribuntur,
2956 897 3231 970 quomodo
3282 893 3449 948 etiam
3494 890 3558 943 ad
3593 903 3676 942 nos

2126 1001 2397 1073 pertinere
2425 999 2730 1053 videantur.
2761 993 2878 1050 Non
2909 1000 2992 1048 est
3017 1003 3198 1044 autem
3239 981 3526 1055 praesentis
3557 991 3678 1033 tem-

2125 1072 2276 1165 poris
2295 1091 2476 1147 omnia
2531 1104 2628 1144 nos
2667 1087 2935 1141 adducere
2979 1084 3031 1136 in
3075 1079 3336 1141 medium,
3389 1083 3445 1128 et
3487 1072 3676 1140 singula

2127 1201 2352 1258 quaeque
2381 1187 2675 1247 discutere,
2721 1195 2827 1249 quo
2879 1177 3071 1232 ordine
3101 1174 3265 1228 etiam
3314 1171 3370 1224 in
3421 1166 3570 1222 nobis
3599 1165 3678 1234 qui

2128 1257 2402 1334 credimus
2447 1277 2500 1331 in
2538 1291 2660 1330 eum
2695 1274 2781 1328 cui
2835 1268 3068 1328 credidit
3115 1263 3424 1324 Abraham,
3465 1273 3582 1329 qua:
3624 1257 3680 1311 de

2128 1370 2399 1425 Abraham
2441 1368 2526 1422 vel
2555 1366 2622 1422 de
2645 1365 2860 1421 caeteris
2889 1360 3094 1417 sanctis
3128 1359 3182 1413 in
3230 1353 3530 1422 Scripturis
3556 1351 3680 1404 divi-

2131 1464 2215 1518 nis
2234 1463 2376 1518 dicta
2403 1460 2486 1516 vel
2519 1460 2660 1515 facta
2696 1468 2825 1514 sunt
2850 1453 3232 1522 compleantur
3265 1469 3278 1505 :
3317 1446 3412 1501 sed
3448 1446 3499 1499 in
3522 1458 3680 1506 quat;-

2135 1564 2245 1608 tutn
2299 1553 2585 1620 przesentis
2628 1550 2810 1619 operis
2859 1545 3158 1602 necessitas
3216 1540 3453 1611 patitur,
3487 1535 3682 1605 aperui.

2132 1659 2252 1698 mus
2284 1645 2423 1697 viam
2459 1658 2563 1712 qua
2597 1642 2764 1695 latius
2793 1642 2887 1710 qui
2915 1641 2967 1692 in
3001 1633 3303 1704 Scripturis
3335 1629 3573 1685 exerceri
3597 1629 3680 1681 de-

2133 1733 2356 1798 siderat,
2385 1731 2556 1802 possit
2591 1731 2861 1785 incedere.
2898 1727 3174 1782 Hactenus
3219 1723 3290 1776 de
3334 1720 3544 1775 ratione
3573 1715 3680 1770 fidei

2133 1824 2250 1895 ejus
2275 1838 2396 1893 quae
2427 1824 2493 1876 ad
2520 1821 2791 1892 justitiam
2840 1827 3084 1888 reputata
3116 1824 3218 1877 est,
3267 1821 3324 1868 et
3360 1810 3680 1865 diversarum

461 1932 644 1977 autent
673 1924 835 1979 simili
869 1924 1046 1982 forma
1078 1928 1241 1983 etiam
1273 1932 1340 1983 de
1382 1929 1554 1994 Isaae,
1582 1938 1634 1983 et
1656 1930 1722 1984 de
1749 1899 1942 1992 Jacob,
1978 1941 2034 1984 et

2148 1919 2314 1985 legum
2356 1913 2724 1976 observantia,
2752 1925 2818 1966 ac
2865 1907 3113 1978 praeputii
3163 1901 3684 1968 circumcisionisque

459 2015 530 2070 do
556 2016 714 2083 Juda,
751 2018 834 2073 vel
873 2021 936 2074 de
981 2019 1202 2090 Joscph,
1233 2030 1290 2076 et
1335 1991 1600 2077 caeteris?
1633 2021 1784 2088 Quod
1826 2023 1869 2076 si
1903 1991 2034 2076 nihil
2135 2007 2480 2070 diversitate,
2525 2003 2906 2073 disputationis
2953 2013 3134 2056 sermo
3179 1995 3503 2052 cucurrerit.
3550 1991 3683 2045 Nunc

462 2106 691 2161 rationis
711 2108 982 2164 videbitur
1018 2081 1206 2166 cur-de
1233 2128 1342 2166 uno
1377 2081 1686 2181 patriarcha
1717 2114 1819 2167 hoc
1847 2113 1918 2166 ita
1945 2128 2035 2166 ac-
2130 2099 2241 2168 iam
2282 2099 2514 2169 qualiter
2556 2097 2606 2151 hi
2636 2096 2730 2164 (ιυί
2768 2108 2837 2149 εἰ
2878 2092 3003 2159 “de,
3031 2099 3085 2145 θῑ
3109 2105 3214 2144 non
3242 2102 3308 2140 ex
3343 2081 3682 2154 ονετῑὺυεὶυ·

463 2194 566 2262 cipi
611 2195 840 2263 debeat,
871 2208 927 2252 et
958 2216 1066 2256 non
1115 2202 1278 2256 etiam
1310 2170 1389 2257 de.
1416 2204 1668 2265 caeteris,
1701 2216 2037 2270 consequens
2136 2191 2353 2245 stilieati
2407 2195 2570 2253 sunt,
2615 2185 2978 2241 iuformentur
3022 2181 3134 2254 (50)
3180 2170 3278 2234 ab'
3302 2174 3574 2248 Apostolo,
3609 2173 3680 2226 vi-

463 2285 571 2337 erit
597 2295 654 2338 ut
671 2287 736 2340 de
756 2289 1012 2345 omnibus
1035 2307 1153 2360 qua:
1177 2293 1378 2362 scripta
1410 2305 1559 2359 sunt,
1579 2310 1686 2348 non
1717 2293 1890 2350 solum
1914 2309 2038 2362 pro-
2138 2282 2376 2336 domnus.

465 2385 584 2444 pter
617 2377 734 2432 illos
764 2381 853 2448 qui
884 2391 1014 2436 tunc
1048 2394 1224 2449 erant,
1245 2387 1337 2440 sed
1373 2395 1428 2441 et
1457 2395 1677 2455 propter
1707 2401 1805 2441 nos
1833 2353 2036 2453 scripta

2208 2371 2263 2426 8.
2300 2390 2318 2422 ι
2345 2366 2633 2424 Justiiieati
2665 2365 2830 2436 igitur
2851 2379 2916 2418 ex
2952 2363 3076 2429 lide,
3100 2376 3291 2431 pacem
3318 2359 3600 2414 habeamus
3624 2353 3684 2407 ad

465 2467 775 2524 Videanlur.
803 2473 858 2526 In
879 2489 986 2541 quo
1018 2473 1128 2544 (27)
1167 2491 1250 2529 me
1277 2449 1573 2546 pracipuc'
1594 2476 1784 2531 suade;
1815 2477 1888 2529 ira
1921 2449 2041 2530 sic"-
2137 2463 2306 2515 Deum
2335 2459 2446 2529 (51)
2476 2474 2574 2528 per
2604 2456 2890 2511 Dominum
2916 2462 3158 2508 nostrum
3192 2450 3379 2506 Iesum
3406 2449 3681 2510 Christum,

470 2575 570 2617 ure
601 2563 688 2616 ille
716 2559 987 2630 Evangelii
1019 2542 1228 2621 sermo,
1259 2542 1312 2611 in
1339 2542 1460 2626 quo—
1476 2556 1737 2610 Dominus
1775 2564 1831 2609 et
1860 2555 2047 2608 Satva-
2139 2567 2236 2622 per
2263 2567 2421 2622 quem
2453 2559 2509 2605 et
2549 2564 2826 2605 accessqu
2860 2546 3123 2601 habemus
3167 2559 3264 2612 per
3297 2544 3458 2598 fidem
3497 2542 3544 2594 in
3573 2556 3683 2608 gra-

471 2663 556 2708 tor
591 2662 778 2707 noster
817 2652 883 2706 ad
921 2667 1016 2707 eos
1069 2650 1158 2720 qui
1208 2651 1308 2704 sibi
1347 2651 1623 2712 dixerant,
1663 2648 1786 2718 quia
1831 2667 1849 2698 ι
1896 2656 2048 2717 pater
2138 2645 2272 2698 tiam
2307 2644 2464 2697 istam
2492 2644 2543 2698 in
2573 2657 2678 2711 qua
2705 2652 2934 2704 stamus,
2960 2649 3016 2693 et
3041 2638 3341 2707 gloriamur
3370 2636 3427 2690 in
3457 2650 3547 2702 spe
3583 2633 3683 2702 glo-

467 2757 654 2800 noster
682 2746 950 2800 Abraham
977 2753 1060 2799 est
1087 2763 1104 2794 ι
1131 2743 1444 2812 respondit:
1476 2761 1494 2792 ι
1522 2741 1576 2794 Si
1601 2755 1785 2795 semen
1817 2739 2048 2793 Abrahae
2141 2737 2236 2792 riae
2288 2736 2379 2790 Dei
2410 2737 2474 2788 “.
2506 2753 2526 2787 ι
2566 2734 2918 2803 Apertissime
2961 2746 3058 2800 per
3103 2730 3206 2783 hoc
3233 2741 3361 2782 eum
3407 2727 3500 2794 qui
3544 2726 3684 2779 intel-

467 2839 681 2902 essetis,
710 2855 874 2909 opera
905 2838 1092 2907 utique
1115 2836 1345 2890 Abrahae
1375 2833 1644 2888 faceretis.
1680 2832 1838 2886 Nunc
1864 2840 2046 2884 autem
2141 2828 2277 2884 lexit
2305 2827 2416 2898 (δὲ)
2445 2826 2573 2896 quid
2603 2826 2675 2880 sit
2703 2841 2769 2880 ex
2804 2824 2908 2878 lide
2933 2831 2987 2877 et
3022 2836 3126 2875 non
3158 2835 3225 2874 ex
3271 2817 3527 2888 operibus
3547 2815 3684 2883 justi-

466 2930 706 3000 quaeritis
735 2946 822 2984 me
854 2929 1122 2993 occidere,
1154 2927 1427 2980 hominem
1468 2924 1559 2993 qui
1585 2923 1868 2979 veritatem
1900 2922 2050 2996 loeu-
2143 2922 2314 2984 ficari,
2355 2923 2421 2974 ad
2478 2933 2662 2989 pacem
2725 2919 2819 2972 Dei
2868 2932 2988 2986 quae.
3043 2921 3268 2984 superat
3309 2926 3528 2966 omnem
3557 2925 3686 2963 men—

469 3031 556 3075 tus
581 3037 700 3074 sum
729 3020 903 3083 vobis,
931 3035 1091 3089 quam
1117 3018 1297 3072 audivi
1325 3033 1354 3071 a
1380 3017 1538 3071 Patre
1567 3031 1691 3070 meo
1717 3034 1728 3069 :
1757 3016 1860 3069 hoc
1883 3013 2050 3067 Abra-
2142 3021 2248 3068 tem
2281 3011 2347 3076 ¹⁸,
2382 3011 2434 3064 ἰιι
2467 3025 2568 3078 qua
2599 3017 2654 3062 et
2695 3021 2906 3062 summa
2935 3002 3289 3073 perfectionis
3318 3001 3584 3064 consistit,
3615 3001 3682 3052 in-

468 3112 594 3165 ham
642 3127 749 3165 non
794 3111 922 3166 fecit
956 3112 998 3164 ⁸.
1033 3129 1050 3161 ι
1084 3110 1187 3163 Per
1213 3109 1358 3179 quod
1393 3109 1580 3178 utique
1625 3108 1890 3171 ostendit,
1923 3109 2048 3175 quia
2142 3105 2297 3158 vitat.
2331 3103 2437 3157 Sed
2463 3111 2521 3154 ut
2549 3099 2861 3169 diligentius
2891 3111 3112 3151 sensum
3145 3093 3542 3164 perspiciamus
3567 3093 3685 3159 Apo-

466 3203 558 3272 qui
589 3203 795 3257 faciunt
812 3218 975 3271 opera
995 3202 1246 3267 Abrahae,
1273 3201 1362 3255 isti
1386 3209 1514 3254 sunt
1534 3199 1628 3253 ﬁlii
1649 3199 1878 3253 Abrahze
1901 3198 2010 3267 (28)
2032 3214 2047 3262 ;
2069 3237 2111 3294 ο
2144 3196 2291 3258 stoli,
2320 3194 2448 3264 quid
2481 3194 2584 3248 sibi
2613 3191 2748 3246 velit
2770 3189 2919 3258 pacis
2942 3202 3164 3251 nomen,
3194 3196 3250 3240 et
3271 3187 3394 3256 ejus
3420 3185 3564 3253 pacis
3583 3199 3683 3252 qua

466 3306 524 3350 et
557 3305 775 3365 propter
803 3295 922 3348 illos
950 3295 1149 3363 scripta
1178 3302 1324 3358 sunt,
1356 3308 1476 3361 quae
1511 3293 1579 3347 de
1608 3292 1879 3346 Abraham
1913 3291 2050 3345 scri-
2070 3277 2111 3294 υ
2145 3303 2239 3356 per
2263 3286 2544 3341 Dominum
2581 3291 2824 3337 nostrum
2857 3281 3131 3335 Christum
3162 3287 3280 3342 est,
3307 3277 3681 3347 perquiramus.

467 3395 559 3455 pta
594 3395 740 3440 sunt.
786 3385 885 3438 Hic
909 3386 1019 3455 jatn
1049 3385 1310 3454 sapientis
1340 3385 1440 3440 viri
1470 3393 1526 3439 et
1552 3401 1584 3439 a
1625 3385 1735 3438 Deo
1765 3384 2048 3438 illuminati
2143 3381 2253 3435 Pax
2287 3380 2485 3434 dicitur
2524 3375 2614 3430 ubi
2648 3387 2806 3428 nemo
2827 3372 3268 3452 dissidet,pemo
3294 3369 3589 3429 discordat,
3610 3365 3681 3417 ubi

466 3477 763 3532 cstintueri
784 3485 837 3532 et
857 3477 1162 3546 perspicere
1177 3477 1448 3546 quomodo
1470 3477 1890 3546 unumquodque
1912 3491 2049 3546 opus
2143 3471 2280 3528 nihil
2307 3469 2522 3534 hostile,
2552 3467 2690 3522 nihil
2717 3465 3010 3520 barbarum
3042 3461 3279 3532 geritur.
3320 3458 3435 3514 Nos
3464 3472 3583 3528 ergo
3610 3456 3682 3523 qui

470 3572 617 3641 quod
639 3572 707 3625 de
727 3571 999 3625 Abraham
1017 3571 1290 3635 scribitur,
1312 3571 1368 3624 in
1390 3572 1681 3640 semetipso
1695 3571 1944 3625 videatur
1963 3586 2050 3624 ex-
2145 3564 2432 3634 aliquando
2461 3561 2660 3615 fuimus
2693 3556 2899 3614 inimici
2939 3555 3056 3619 Dei,
3094 3562 3393 3622 sequentes
3434 3552 3624 3605 hostem
3641 3556 3683 3599 et

468 3665 600 3733 pleri
621 3683 634 3728 ;
658 3665 806 3720 verbi
831 3667 1019 3738 gratia,
1038 3667 1180 3736 quod
1203 3667 1404 3721 dictum
1426 3678 1510 3720 est
1528 3667 1595 3721 ad
1616 3667 1840 3720 illum’u
1865 3665 1960 3718 Exi
1982 3666 2051 3721 de
2147 3665 2433 3726 tyrannum
2458 3651 2756 3716 diabolum,
2783 3661 2926 3702 nunc
2947 3647 2992 3701 si
3025 3644 3172 3699 illius
3202 3658 3355 3698 arma
3381 3641 3682 3713 projicinius,

469 3765 610 3809 terra
637 3764 746 3822 tua,
771 3731 912 3812 etde
933 3731 1252 3828 cognatione
1276 3767 1386 3824 tua,
1409 3766 1466 3812 et
1486 3757 1552 3811 de
1578 3757 1739 3810 domo
1759 3756 1928 3826 patris
1949 3755 2048 3820 tui,
2145 3755 2200 3803 et
2227 3745 2439 3815 signum
2471 3741 2672 3797 Christi
2701 3747 2756 3794 ct
2801 3736 2981 3795 crucis
3012 3735 3131 3805 ejus
3157 3734 3358 3788 vexilla
3391 3731 3682 3801 suscipimus

467 3855 523 3902 et
553 3848 674 3902 veni
705 3848 863 3920 535
892 3851 945 3904 in
975 3823 1083 3921 (2'9)
1116 3859 1316 3904 terram
1348 3865 1509 3919 quam
1537 3850 1632 3904 tibi
1661 3823 1944 3904 ostendam
1971 3867 1984 3902 :
2025 3866 2044 3898 ο

2148 3838 2287 3911 (53),
2333 3849 2518 3906 pacem
2578 3833 2764 3901 utique
2814 3829 3076 3884 habemus
3117 3828 3183 3881 ad
3237 3826 3446 3890 Deum,
3480 3823 3569 3880 sed
3612 3836 3684 3892 per

465 3942 738 4009 quomodo
775 3951 830 3997 et
865 3943 912 3996 is
947 3916 1038 4012 qui
1066 3916 1145 4018 'de
1173 3916 1382 3998 semine
1411 3942 1644 3998 Abi-aha:
1673 3957 1794 3998 esse
1822 3957 1885 3996 ex
1916 3956 2051 4011 0pc-
2146 3929 2434 3984 Dominum
2472 3935 2717 3978 nostrum
2763 3920 2950 3977 Jesum
3005 3919 3282 3974 Christum
3332 3916 3426 3987 qui
3477 3930 3571 3970 nos
3611 3927 3686 3982 per

467 4033 618 4088 ribus
639 4035 754 4089 vult
773 4035 940 4090 videri
952 4003 1073 4100 ,lhis
1091 4016 1290 4091 debeat
1309 4037 1554 4105 obsequi,
1578 4052 1699 4106 qua:
1718 4035 1904 4105 urique
1924 4003 2053 4090 είιηι
2149 4023 2384 4078 hostiam
2401 4017 2689 4086 sanguinis
2713 4015 2794 4070 sui
2821 4012 3196 4068 reconciliavit
3223 4012 3357 4074 Deo,
3373 4009 3518 4063 sicut
3581 4003 3688 4063 scri-

466 4140 575 4178 non
623 4135 846 4196 propter
895 4097 1043 4180 illum
1079 4136 1287 4182 tantum
1335 4097 1557 4198 scripta,
1597 4097 1698 4182 sed
1735 4137 1792 4182 et
1817 4097 2052 4196 promer
2142 4115 2484 4186 ptumest“:
2513 4129 2531 4162 ι
2560 4109 2694 4164 Cum
2716 4121 2958 4161 essemus
2990 4104 3197 4158 inimici
3228 4102 3346 4164 Dei,
3385 4097 3683 4155 reconciliati

465 4233 561 4273 eos
600 4219 690 4288 qui
721 4220 952 4274 credunt
983 4221 1037 4273 in
1067 4235 1191 4274 eum
1221 4220 1312 4290 qui
1339 4221 1622 4276 suscitavit
1649 4220 1833 4274 Jesnm
1865 4219 2051 4273 Domi-

467 4324 600 4362 num
636 4318 884 4364 nostrum
922 4326 952 4364 a
991 4311 1253 4376 mortuis;
1296 4320 1353 4365 et
1397 4327 1520 4364 cum
1561 4311 1678 4365 haec
1726 4309 2048 4380 impleverit,

467 4401 740 4469 quomodo
772 4415 992 4472 sperare
1033 4403 1194 4456 etiam
1233 4372 1362 4456 illud
1396 4403 1540 4473 quod
1577 4372 1924 4474 subjungitur
1953 4372 2044 4457 de;

2149 4401 2248 4456 pro
2294 4383 2534 4447 Christo,
2563 4376 2992 4434 recouciliamiui
3045 4375 3153 4429 Deo
3191 4375 3256 4428 ¹⁸.
3287 4395 3306 4428 ι
3351 4372 3411 4428 Si
3442 4374 3558 4442 quis
3584 4382 3686 4437 ergo

468 4465 612 4557 beat,
641 4493 695 4548 id
731 4465 818 4549 est
845 4511 857 4546 :
892 4514 910 4545 ι
945 4495 1012 4549 Et
1041 4494 1231 4549 faciam
1262 4465 1430 4550 teoin-
1449 4465 1694 4567 gentem'
1714 4465 1961 4567 magnam
1996 4504 2053 4550 et
2152 4477 2313 4530 habet
2340 4489 2524 4544 Pacem
2561 4471 2629 4527 ad
2654 4471 2846 4567 Deli"):
2876 4479 2928 4525 ει
2957 4467 3349 4524 ΐθοοηθίιῖειιυε
3376 4479 3460 4520 εει
3486 4465 3588 4534 (⁵5)
3612 4473 3687 4531 li"

467 4554 786 4640 benedicam
818 4595 896 4649 te,
929 4596 985 4641 et
1025 4586 1380 4658 magniﬁcam
1424 4554 1625 4644 [Lmen
1651 4554 1833 4650 tuum:
1860 4597 1914 4642 ει
1942 4587 2052 4643 eris
2082 4570 2123 4623 D
2153 4567 2472 4636 sanguinem
2501 4563 2728 4624 Christi,
2755 4559 2898 4614 ultra
2926 4573 3032 4612 non
3060 4557 3347 4624 contingat
3374 4554 3483 4625 ('56)
3513 4569 3568 4607 ea
3591 4564 3687 4619 qua:

470 4675 786 4732 benedictus
819 4695 832 4729 :
869 4648 924 4731 et
953 4648 1267 4732 benedicam
1293 4678 1678 4734 benedicemgs
1704 4687 1776 4744 ιε,
1802 4648 1858 4733 ει
1879 4677 2051 4731 male-
2155 4659 2372 4714 inimica
2403 4665 2530 4710 sunt
2579 4654 2710 4711 Deo.
2739 4652 2834 4706 Vis
2861 4661 3041 4706 autem
3071 4649 3263 4703 audire
3297 4663 3420 4716 quae
3455 4656 3576 4699 sunt
3606 4648 3686 4736 ista

469 4768 642 4824 dicam
672 4769 1060 4824 maledicentes
1094 4779 1168 4835 te,
1199 4779 1256 4824 et
1279 4770 1672 4825 benedicentur
1693 4769 1746 4823 in
1763 4728 1832 4824 ,te
1860 4783 2044 4823 omnes

2153 4767 2278 4824 qua:
2309 4749 2530 4806 inimica
2573 4755 2702 4800 sunt
2755 4743 2904 4798 Deo?
2942 4739 3138 4796 Paulus
3180 4739 3297 4808 ipse
3343 4747 3395 4791 te
3422 4737 3587 4796 docet,
3614 4728 3687 4798 qui

469 4859 642 4916 tribus
680 4871 840 4919 terrae
872 4863 950 4929 ‘°;
995 4881 1014 4914 ι
1045 4823 1684 4918 dicit
1723 4861 2002 4932 Scriptura
2030 4875 2047 4914 :
2155 4823 2274 4898 ait:
2320 4861 2338 4894 ι
2369 4837 2652 4910 Sapientia
2678 4835 2861 4889 carnis
2885 4833 3104 4888 inimica
3131 4840 3214 4885 est
3253 4831 3365 4882 Deo
3393 4846 3407 4882 :
3447 4827 3544 4896 legi
3571 4823 3686 4876 enim

489 4961 508 4994 ε
535 4944 682 4998 Abiit
714 4954 896 4997 autem
932 4913 1209 4998 Abraham
1253 4913 2050 5012 εερυηᾶἱῆιιέἐξῖηᾶεέ
2159 4933 2255 4988 Dei
2289 4948 2395 4986 non
2429 4938 2515 4986 est
2541 4926 2786 4994 subjecta
2806 4925 2870 4977 ‘°.
2900 4942 2918 4975 ι
2955 4922 3013 4977 Si
3037 4935 3168 4989 ergo
3200 4917 3497 4974 carnaliter
3518 4913 3688 4982 sapiaS.

555 5059 576 5089 ⁶
605 5058 759 5113 Rom.
793 5075 863 5122 Iv,
895 5059 988 5115 25.
1050 5061 1219 5116 'ibitl.
1242 5062 1296 5117 3.
1363 5063 1385 5093 ⁸
1414 5061 1570 5116 Joan.
1602 5075 1721 5122 vul,
1747 5059 1836 5117 59.
1864 5058 1954 5111 40.
2028 5059 2044 5090 π

2148 5070 2277 5109 mes.
2311 5066 2408 5122 xtl,
2428 5049 2488 5122 ξ.
2568 5045 2610 5077 ¹⁰
2654 5042 2810 5122 ibid:
2845 5041 2902 5105 ‘2,
2947 5039 3002 5093 3.
3079 5037 3121 5068 “
3171 5035 3304 5090 ibid.
3350 5033 3408 5088 4.
3479 5033 3522 5064 ³¹
3557 5031 3685 5086 lium.

482 5145 532 5193 v,
562 5129 613 5194 ι,
639 5111 716 5186 Ξζ
747 5111 1040 5201 V‘V’Philip.
1065 5111 1223 5196 rm;
1245 5111 1346 5164 Ἧι
1371 5111 1542 5184 ιιὲιιιίζ
1561 5111 1620 5194 v,
1642 5111 1734 5185 to.
1754 5111 1769 5113 ⁷
1791 5111 1867 5161 ’ίυ
1892 5127 1935 5182 ιι
1961 5127 2044 5184 οο]

2151 5167 2164 5189 ,
2191 5124 2284 5178 20.
2362 5119 2404 5151 ¹⁶
2427 5117 2584 5171 Roiu.
2620 5128 2737 5175 vni,
2760 5111 2821 5164 7.

2148 4185 2336 4260 sumus
2385 4216 2482 4270 per
2537 4198 2854 4269 sanguinem
2898 4197 3078 4252 crucis
3119 4193 3245 4247 Filii
3289 4192 3410 4261 ejus
3435 4191 3561 4262 (54).
3590 4208 3604 4239 I
3636 4185 3685 4239 Et

2149 4291 2276 4346 alibi
2319 4291 2461 4345 idem
2511 4285 2712 4341 Paulus
2753 4284 2961 4339 addidit
2993 4283 3078 4337 his
3119 4281 3312 4336 dicens
3346 4300 3360 4335 :
3394 4299 3413 4330 ι
3452 4279 3686 4349 Rogamus

553 5245 665 5318 (25)
699 5248 901 5303 Solum.
935 5251 989 5303 In
1023 5251 1187 5306 editis
1218 5251 1512 5307 omittitttr.

553 5317 666 5392 (26)
686 5320 812 5392 _Ai.,
850 5339 867 5371 ι
907 5338 1026 5388 qum
1057 5324 1310 5376 dicuntur
1336 5323 1402 5377 de
1426 5322 1543 5392 ipso
1567 5319 1703 5386 solo,
1729 5318 1823 5376 sed
1853 5327 1908 5373 et
1947 5332 2044 5388 pro

483 5389 637 5442 nobis
667 5389 940 5446 dicuntur.
971 5411 989 5443 ι

554 5457 665 5528 (27)
704 5460 872 5522 Alias,
911 5479 928 5511 ι
972 5465 1026 5514 1η
1059 5461 1240 5528 quod;
1281 5479 1301 5514 ι
1335 5460 1434 5525 al.,
1467 5477 1486 5510 ι
1518 5461 1699 5528 idque.
1739 5477 1757 5510 ι

564 5597 570 5604 ι

699 5599 789 5722 1⁵ῗῖ
816 5600 1074 5654 Merlinus
1107 5611 1160 5653 et
1194 5597 1600 5686 Cei‘icbrardus,
1631 5617 1650 5649 ι
1676 5599 1768 5661 ad,
1795 5616 1813 5648 ›
1856 5597 2012 5676 male.

768 5693 812 5722 δ.
849 5673 1018 5724 codex
1061 5671 1454 5734 Vallis-clarae,
1511 5681 1566 5724 et
1625 5685 1765 5723 unus
1828 5666 2012 5736 Regius

577 5666 664 5736 50)
716 5668 812 5722 Hs.
849 5673 1018 5724 codex
1061 5671 1454 5734 Vallis-Clarae,
1511 5681 1566 5724 et
1625 5685 1765 5723 unus
1828 5666 2054 5736 Regius,

493 5753 513 5786 ι
551 5739 967 5792 confirmentur.
1015 5758 1034 5789 ι

558 5806 673 5874 (31)
712 5809 881 5872 Alias,
913 5827 931 5859 ι
963 5810 1223 5862 habemus
1249 5808 1313 5862 ad
1359 5807 1548 5862 Deum.
1583 5828 1600 5858 ι

564 5877 680 5949 (52)
720 5878 878 5943 Editi,
921 5899 938 5930 ι
973 5880 1026 5934 in
1061 5893 1154 5946 spe
1191 5879 1374 5946 gloria:
1409 5879 1639 5932 filiorum
1675 5878 1786 5935 Dei.
1825 5879 2066 5942 Apertis-

554 5527 666 5600 (ᾷὸ)
707 5529 806 5600 liis.
834 5545 971 5583 unus
1011 5527 1194 5593 habet,
1221 5551 1239 5581 ι
1272 5531 1416 5600 juste
1453 5527 1993 5600 iiunt’iiliiiAbrahze.
2027 5545 2046 5578 ι

2155 5243 2295 5298 sime
2319 5239 2463 5294 enim
2491 5249 2586 5306 per
2619 5223 3192 5306 hate_qua;_intellexit,
3230 5241 3250 5303 ρ
3283 5232 3392 5275 etc.
3557 5280 3665 5306 ut“:

2225 5295 2336 5383 ('55)
2396 5295 2524 5361 Mss.
2575 5303 2744 5382 nostri
2825 5297 2936 5359 alii,
2993 5312 3013 5344 ι
3052 5295 3436 5367 projirinuis...
3463 5297 3687 5383 lsuseipi-

2158 5357 2363 5444 unus?»
2551 5391 2572 5425 ι
2597 5357 2968 5440 ῃτοῇεεὶιιιιιε..
2986 5359 3377 5428 suscepimus"
3401 5357 3538 5420 ηυξ,
3560 5369 3689 5420 illru-

2147 5444 2902 5520 jicianms..suscipimnuﬁg
2925 5504 2958 5520 ι,
3207 5499 3313 5520 nu
3368 5495 3422 5520 αἱ
3451 5499 3530 5520 ___:

2226 5495 2960 5592 Giiuﬁiliti.'jeconei’liati
2989 5515 3178 5592 sumus

2158 5567 2342 5654 habvet',
2374 5567 2540 5640 ἴέιεὶ
2588 5581 2717 5654 Mss.
2759 5577 2979 5654 quidam
3015 5587 3112 5640 pro
3162 5589 3181 5621 ι
3205 5567 3528 5654 erui-‘is’it‘ilii
3555 5567 3687 5628 ejus.

2157 5637 2411 5716 iiiiiéih'.
2434 5637 2620 5710 crucis
2646 5637 2827 5717 ejus,»
2859 5637 3059 5717 omissa
3087 5655 3234 5717 vo_ce_
3256 5657 3273 5688 ι
3294 5637 3451 5717 _Ftlii.
3477 5655 3499 5716 ξ
3533 5703 3542 5712 _
3603 5701 3610 5708 _

2232 5706 2488 5799 (ξδ’)’Μεί
2511 5706 2690 5799 unus;
2730 5706 2817 5771 «Si
2841 5714 2964 5783 quis
2997 5725 3128 5799 ergo
3152 5707 3452 5764 habebatur
3475 5706 3696 5776 inimicus

2163 5792 2278 5857 Dei.
2310 5792 2365 5851 et
2395 5792 2773 5848 reconciliatus
2805 5796 2909 5847 est,
2937 5801 2954 5832 ι
2985 5793 3092 5834 etc.

2238 5849 2359 5932 (δῦ)
2387 5864 2551 5929 Editi,
2591 5879 2610 5912 ι
2639 5875 2747 5916 non
2775 5859 2996 5926 cogitat,
3031 5871 3049 5902 ι
3089 5849 3252 5906 male.
