3768 6556
120 490 209 546 939
1056 493 1414 550 COMMENT.
1451 492 1512 546 [Ν
1557 490 1774 547 EPIST.
1814 490 1906 544 ao
1949 489 2115 547 non.
2153 489 2282 544 Lm.
2327 471 2420 544 tv‘

3249 492 3351 549 95-0

119 615 190 668 vel
213 613 378 666 vitam
435 620 588 668 tuam
635 614 1023 683 cupiditatibus
1078 617 1265 670 carnis
1310 626 1550 685 exponas
1575 656 1588 678 ,
1623 624 1681 668 et
1709 618 1755 675 Α
1785 615 2083 668 habeamus
2133 614 2199 666 ad
2229 613 2400 666 Deum
2432 628 2446 664 :
2484 629 2502 661 ι
2533 611 2712 666 sciens
2741 610 2866 679 quia
2919 611 3116 664 bellum
3167 622 3356 666 contra

119 702 380 756 afﬂuentia
450 703 766 757 deliciarum
831 704 1122 759 resolvaris
1171 703 1326 776 (37),
1377 713 1472 757 aut
1530 705 1573 757 si
1618 703 1687 757 de

121 794 239 861 legis
263 792 552 847 intellectu
583 794 878 848 carnaliter
893 803 950 848 et
977 810 1082 849 non
1111 795 1434 864 spiritaliter
1461 796 1682 857 sentias,

117 897 164 940 et
196 885 306 940 bare
336 887 739 942 assertionibus
771 887 1003 940 humana
1041 897 1160 941 arte
1199 887 1464 956 quaesitis,
1513 887 1685 953 magis

117 991 265 1045 quam
303 975 550 1042 spiritali
587 976 764 1045 gratia
823 985 879 1032 et
938 977 1212 1030 intellectu
1254 975 1534 1030 subtiliore
1587 976 1704 1030 de-.

116 1065 319 1128 fendas,
338 1080 440 1133 per
462 1064 784 1134 sapientiam
809 1065 994 1120 carnis
1017 1066 1270 1121 inimicus
1292 1063 1520 1120 eﬁiceris
1549 1065 1678 1120 Deo.

117 1154 213 1209 Nec
239 1155 389 1210 solus
424 1156 543 1211 hzec
574 1155 772 1211 Paulus
803 1157 857 1210 in
900 1157 1012 1212 suis
1052 1156 1280 1216 Litteris
1301 1159 1528 1212 scribit:
1559 1159 1682 1214 audi

117 1256 164 1302 et
194 1245 457 1300 Jacobum
498 1247 723 1302 fratrem
768 1247 982 1303 Domini
1025 1248 1222 1303 similia
1254 1259 1679 1318 protestantem,

115 1355 223 1392 cum
261 1339 398 1394 dicit
431 1357 448 1395 :
496 1359 514 1391 ι
553 1341 652 1406 Qui
693 1341 923 1396 voluerit
954 1341 1165 1397 amicus
1194 1356 1316 1397 esse
1348 1343 1528 1397 saeculi
1578 1345 1679 1397 hu-

111 1429 211 1494 jus,
262 1430 524 1484 inimicus
572 1429 666 1484 Dei
703 1433 1072 1486 constituetur
1099 1433 1164 1489 ".
1202 1453 1219 1486 ι
1261 1434 1366 1487 Sed
1416 1442 1470 1488 et
1515 1433 1682 1489 Joan-

116 1536 200 1574 nes
223 1523 376 1590 paria
412 1531 691 1598 testatur:
736 1541 755 1574 t
806 1521 1006 1590 Filioli,
1047 1524 1242 1592 inquit,
1280 1525 1446 1580 nolite
1498 1541 1683 1581 amare

117 1613 389 1672 mundum,
427 1627 609 1680 neque
639 1627 702 1668 ea
728 1629 848 1682 quae
881 1613 994 1684 (58)
1030 1615 1082 1668 in
1115 1615 1316 1670 mundo
1341 1624 1468 1670 sunt
1497 1634 1512 1671 :
1547 1632 1684 1686 quo-

116 1704 247 1756 niam
281 1718 448 1759 omne
475 1705 618 1771 quod
652 1705 703 1759 in
737 1705 939 1761 mundo
967 1717 1068 1771 est,
1087 1708 1527 1776 concupiscentia
1553 1724 1679 1762 car-

116 1795 191 1849 nis
235 1805 342 1858 est,
382 1805 438 1849 et
488 1797 934 1867 concupiscentia
981 1798 1288 1864 oculorum,
1324 1809 1380 1854 et
1434 1801 1683 1871 superbia

114 1885 225 1938 vita:
255 1885 393 1956 (59),
432 1902 556 1954 qua:
610 1903 715 1941 non
757 1898 841 1942 est
880 1902 949 1942 ex
997 1889 1106 1943 Deo
1130 1889 1193 1942 ³⁸.
1224 1907 1243 1940 ι
1280 1889 1450 1959 Igitur
1480 1891 1530 1945 in
1575 1906 1685 1960 quo

114 1976 214 2031 hate
239 1988 387 2044 sunt,
439 1994 549 2032 non
587 1987 765 2048 potest
796 1979 1000 2034 habere
1049 1995 1238 2048 pacem
1269 1981 1336 2034 ad
1369 1979 1555 2044 Deum,
1586 1982 1680 2036 sed

116 2085 315 2123 rursum
366 2069 690 2124 inimicitias
729 2072 976 2138 suscitat,
1007 2071 1128 2126 illas
1174 2087 1273 2141 pro
1330 2073 1529 2142 quibus
1573 2074 1681 2128 sol-

113 2161 291 2213 vendis
323 2159 585 2215 Christus
642 2163 894 2227 advenit,
933 2163 1074 2217 sicut
1106 2173 1158 2216 et
1213 2165 1354 2218 idem
1390 2167 1681 2233 Apostolus

115 2249 233 2303 dicit
266 2249 334 2303 de
367 2249 638 2306 Christo:
677 2271 694 2302 ί
719 2251 832 2320 Ipse
861 2262 944 2306 est
993 2254 1141 2307 enim
1190 2269 1293 2323 pax
1340 2264 1549 2321 nostra,
1585 2257 1680 2325 qui

113 2339 231 2394 fecit
282 2351 517 2411 utraque
582 2357 772 2410 unum,
834 2353 891 2398 et
931 2345 1173 2400 medium
1222 2346 1486 2415 parietem
1537 2349 1682 2417 scpis

118 2431 342 2496 solvens,
378 2434 695 2489 inimicitias
737 2436 790 2488 in
832 2451 996 2491 carne
1027 2454 1122 2491 sua
1159 2456 1170 2490 :
1199 2441 1369 2509 legem
1401 2445 1687 2500 mandato-

115 2536 222 2575 rum
265 2523 320 2576 in
360 2525 598 2580 decretis
643 2543 928 2592 evacuans,
963 2538 1024 2583 ut
1066 2529 1202 2585 duos
1231 2533 1489 2588 conderet
1517 2536 1570 2589 in
1604 2552 1688 2592 se-

114 2615 353 2684 metipso,
397 2617 456 2672 in
510 2635 622 2674 uno
663 2636 803 2675 novo
835 2622 1054 2677 homine
1094 2623 1297 2680 faciens
1341 2642 1527 2694 pacem
1560 2629 1622 2684 ".
1657 2647 1678 2681 ι

111 2706 252 2770 Quod
290 2710 335 2763 si
375 2709 634 2766 Christus
685 2713 904 2767 advenit
952 2725 1009 2768 ut
1062 2716 1372 2772 inimicitias
1424 2719 1677 2787 solveret,

113 2808 286 2860 pacem
339 2795 568 2862 faceret,
611 2812 675 2850 ac
719 2799 1042 2856 dissidentes
1099 2816 1198 2856 nos
1237 2813 1456 2874 propter
1493 2820 1676 2874 sepem

113 2885 317 2939 malitiae
377 2903 546 2956 quant
601 2891 876 2956 peccando
935 2892 1250 2960 texuimus,
1302 2895 1679 2950 reconciliaret

113 2977 210 3031 Deo
233 2980 440 3047 peccati
481 2995 612 3048 sepe
650 2981 890 3036 resoluta
934 2999 949 3036 :
995 2983 1086 3052 qui
1128 2985 1322 3040 iterum
1357 2985 1424 3041 ad
1458 2998 1677 3056 peccata

111 3071 462 3133 convertitur,
499 3073 621 3126 sine
649 3073 811 3127 dubio
848 3089 1038 3130 rursus
1079 3077 1390 3132 inimicitias
1421 3091 1675 3147 reparat,

109 3170 158 3213 et
191 3176 372 3230 sepem
427 3164 791 3220 dissensionis
845 3167 1075 3231 intexit,
1129 3177 1184 3221 et
1236 3183 1333 3236 per
1379 3168 1495 3224 haec
1545 3185 1678 3238 opus

110 3251 300 3308 Christi
359 3254 549 3320 solvit,
589 3266 643 3310 et
678 3271 892 3311 crucem
949 3259 1221 3327 passionis
1259 3260 1376 3330 ejus
1424 3271 1670 3316 evacuat.

112 3342 203 3396 Sed
233 3362 332 3400 nos
367 3365 386 3398 ι
413 3347 700 3414 jnstiﬁcati
736 3363 798 3402 ex
831 3347 958 3416 ﬁde,
981 3364 1172 3419 pacem
1196 3351 1492 3408 habeamus
1517 3352 1679 3424 536

109 3433 165 3485 ad
193 3435 359 3490 Deum
389 3452 492 3506 per
526 3439 813 3493 Dominum
855 3451 1102 3495 nostrum
1134 3441 1318 3497 Jesum
1344 3441 1673 3498 Christum.»

109 3525 406 3583 Habeamus
437 3543 632 3598 pacem
665 3539 723 3583 ut
753 3530 892 3584 ultra
924 3547 1029 3586 non
1063 3535 1380 3589 adversetur
1411 3550 1538 3590 caro
1566 3537 1680 3606 spi-

107 3617 242 3682 ritui,
285 3635 386 3674 nec
426 3621 534 3690 legi
590 3621 684 3676 Dei
719 3623 1016 3678 obsistatur
1050 3640 1080 3678 a
1126 3627 1244 3696 lege
1290 3627 1677 3682 membrorum.

108 3707 210 3763 Non
242 3712 316 3765 sit
365 3712 418 3765 in
464 3711 628 3766 nobis
661 3730 680 3764 ι
701 3725 782 3769 est
809 3724 863 3769 et
886 3729 991 3768 non
1017 3717 1096 3782 ⁸⁸,
1121 3737 1140 3770 ι
1189 3718 1285 3772 sed
1314 3733 1478 3772 unum
1522 3719 1677 3773 dica-

109 3815 216 3855 mus
242 3817 463 3868 omnes,
505 3802 697 3858 eadem
746 3807 1048 3873 sapiamus,
1096 3823 1197 3864 nec
1247 3809 1386 3863 intra
1440 3819 1679 3864 nosmet-

109 3891 260 3960 ipsos,
295 3910 396 3949 nec
419 3896 767 3952 extrinsecus
789 3898 856 3952 ad
884 3899 1114 3953 invicem
1146 3901 1412 3955 habeatur
1432 3900 1539 3955 ulla
1565 3901 1677 3956 dis-

107 3984 299 4047 sensio,
324 3993 378 4038 et
409 3995 542 4038 tunc
573 4001 760 4055 pacem
795 3987 1118 4044 habebimus
1141 3988 1255 4061 (40)
1291 3991 1355 4043 ad
1387 3990 1554 4046 Deum
1583 4005 1678 4060 per

108 4073 380 4130 Dominum
439 4088 691 4132 nostrum
752 4077 935 4134 Jesum
967 4079 1267 4136 Christum.
1323 4081 1453 4135 Illud
1494 4090 1674 4136 autem

107 4168 404 4223 certissime
429 4169 716 4223 sciendum
746 4171 996 4239 est,quia
1025 4174 1204 4227 omnis
1233 4173 1286 4227 in
1316 4187 1426 4242 quo
1452 4182 1534 4227 est
1563 4187 1678 4226 ma-

105 4256 224 4313 litia:
257 4261 477 4324 vitium,
525 4276 804 4329 nunquam
842 4272 1022 4330 potest
1047 4265 1250 4319 habere
1287 4278 1498 4334 pacem.
1540 4264 1676 4319 Dum

107 4353 239 4403 enim
291 4367 516 4420 semper
567 4352 770 4422 cogitat
823 4358 1095 4423 quomodo
1146 4355 1304 4410 lazdat
1367 4355 1676 4426 proximum

107 4459 274 4507 suum,
296 4446 425 4497 dum
449 4458 670 4512 semper
691 4446 918 4500 nocendi
948 4457 1097 4501 artes
1120 4448 1373 4517 requirit,
1398 4462 1675 4517 nunquam

107 4549 244 4589 mens
273 4536 393 4602 ejus
430 4537 482 4588 in
526 4549 656 4603 pace
681 4538 949 4592 consistit.
981 4538 1133 4604 Quod
1174 4540 1221 4594 si
1252 4541 1500 4610 requiras
1530 4556 1560 4594 a
1590 4554 1676 4595 me

107 4626 564 4696 quomodojustus
587 4637 768 4692 potest
796 4627 997 4682 habere
1025 4643 1239 4698 pacem,
1264 4631 1356 4700 qui
1391 4630 1673 4700 impugna-

108 4722 184 4766 tur
213 4732 241 4768 a
274 4717 518 4784 diabolo,
550 4718 644 4784 qui
681 4719 1038 4773 tentationum
1071 4720 1214 4776 bella
1246 4729 1538 4783 sustentat,
1571 4736 1674 4790 ego

107 4806 267 4873 ipsum
301 4811 479 4877 magis
526 4825 689 4876 supra
718 4824 908 4865 omnes
949 4821 1175 4867 caeteros
1211 4813 1414 4868 habere
1440 4813 1672 4868 dixerim

105 4913 302 4965 pacem.
340 4899 475 4956 Vide
524 4902 668 4955 enim
702 4911 755 4955 et
797 4903 1088 4972 Apostolus
1117 4920 1282 4974 quam
1319 4907 1676 4961 observanter

105 4994 318 5046 scribat.
356 4991 475 5046 Non
505 4994 645 5048 dixit
678 5011 691 5047 :
729 5012 748 5046 ι
777 4993 1073 5050 Justiﬁcati
1115 4997 1280 5067 igitur
1317 5013 1384 5053 ex
1422 4998 1547 5064 ﬁde,
1575 5014 1674 5068 pas

105 5093 210 5136 cem
249 5084 574 5150 habeamus,
602 5104 623 5138 ι
667 5092 722 5142 et
753 5085 943 5150 siluit;
977 5087 1071 5142 sed
1103 5088 1391 5159 adjungit:
1431 5106 1451 5141 i
1483 5089 1676 5146 Pacem

170 5219 207 5250 ³⁷
229 5219 423 5275 Jacob.
453 5235 530 5283 tv,
561 5217 618 5272 4.
696 5219 775 5272 ¹⁸1
803 5218 963 5275 Joan.
998 5236 1059 5281 ιε.
1105 5223 1195 5285 15,
1231 5222 1318 5277 16.

166 5407 276 5478 (57)
312 5408 483 5471 Alias,
515 5426 534 5460 ε
555 5409 818 5464 resolvas.
841 5428 860 5462 υ

171 5478 281 5549 (38)
311 5479 475 5545 Editi,
511 5497 528 5529 ι
554 5483 672 5548 pari
704 5480 899 5548 spiritu
918 5490 1248 5536 attestatur:
1281 5479 1478 5544 Filioli,
1501 5479 1670 5535 nolite

108 5560 281 5602 amare
300 5564 360 5618 ea
393 5566 537 5618 quae,
567 5571 584 5600 ι
613 5560 717 5604 etc.
751 5549 1015 5607 Ms.unus
1038 5553 1224 5618 habet.
1247 5571 1264 5601 ι
1291 5551 1467 5605 Filioli
1505 5551 1664 5611 mei.»

111 5631 204 5697 pro.
254 5636 274 5667 ι
302 5605 738 5697 Filioli,:inqu_it.
765 5640 785 5673 ι
843 5605 1120 5697 Rabanus,
1161 5605 1224 5676 et’
1275 5637 1406 5676 tuss.
1449 5605 1668 5691 quidam

109 5690 359 5756 uniittunt
385 5699 440 5742 et
473 5707 492 5740 ‹
526 5690 704 5756 inquit
727 5709 746 5740 ι
773 5700 829 5745 et
859 5709 878 5740 t
903 5692 1028 5744 mei.
1052 5711 1069 5740 ι

112 5823 122 5833 ⁸
172 5757 282 5824 (59)
314 5754 382 5808 Ει
416 5754 666 5833 superbia
694 5760 828 5812 vitm.
864 5760 992 5833 ilice
1024 5762 1188 5815 verba
1214 5775 1320 5816 non
1351 5768 1668 5832 comparent

111 5829 157 5878 in
191 5830 570 5899 mss._nostris,
607 5843 706 5882 nec
739 5830 877 5899 apud
909 5829 1224 5890 Rabanum.
1479 5829 1502 5856 ’·

173 5895 281 5963 (ait!)
318 5897 484 5966 Alias,
527 5916 548 5955 ε
585 5895 860 5956 habemus.
893 5919 911 5953 ι

1397 5222 1440 5254 ¹⁹
1495 5221 1782 5292 Εριιεεηι,
1836 5222 1924 5291 14,
1971 5223 2060 5277 15.

106 5287 144 5318 "
165 5287 321 5345 Joan.
355 5307 414 5356 Χ,
434 5291 488 5346 9.
548 5290 594 5320 ²³
620 5287 776 5345 Joan.
804 5307 913 5358 XIV,
935 5291 988 5346 6.
1062 5292 1110 5324 ³³
1137 5292 1327 5347 Matth.
1352 5307 1428 5361 xt,
1455 5287 1560 5348 29:
1619 5293 1664 5324 ³⁸

1823 5295 1877 5347 ιι.
1910 5287 2040 5358 ‘xxv,
2069 5291 2125 5358 s,
2162 5292 2253 5344 10.

1787 704 2059 760 diabolum
2115 719 2305 774 pacein
2363 712 2586 772 praestat
2631 702 2746 771 (41)
2787 704 2855 762 ad
2896 703 3094 768 Deum,
3125 712 3182 758 et
3233 713 3359 758 tunc

1785 799 1958 867 magis
1997 800 2050 852 in
2095 811 2280 866 pacem
2329 795 2422 849 Dei
2479 793 2747 858 venimus,
2797 795 3016 862 quando
3071 796 3358 848 adversum

1783 889 2062 945 diabolum
2091 889 2431 958 persistimus
2481 887 2732 954 impacati
2765 885 2904 956 (12),
2927 896 2983 941 et
3017 889 3239 955 quando
3263 887 3360 939 ad-

1785 995 2002 1034 versum
2029 980 2210 1034 carnis
2234 979 2365 1033 vitia
2396 977 2738 1031 dimicamus.
2762 975 3008 1047 Denique
3036 986 3094 1030 et
3124 976 3358 1030 Jacolms

1783 1072 2058 1140 apostolus
2102 1071 2175 1125 ita
2209 1071 2343 1124 dicit
2376 1086 2390 1124 :
2426 1089 2445 1121 ι
2478 1069 2736 1124 Resistite
2779 1069 3018 1134 diabolo,
3054 1079 3102 1123 et
3130 1067 3300 1137 fugiet
3327 1084 3358 1122 a

1781 1163 1934 1216 vobis
1961 1183 1975 1218 :
2007 1163 2441 1231 appropinquate
2485 1161 2617 1227 Deo,
2662 1170 2716 1214 et
2769 1160 3224 1230 appropinquabit
3265 1176 3359 1212 vo-

1781 1253 1865 1308 bis
1887 1253 1953 1304 ".
1989 1271 2008 1306 ι
2043 1253 2206 1308 Vides
2243 1263 2301 1307 et
2333 1253 2512 1321 ipsum
2550 1253 2619 1305 ita
2648 1252 2904 1317 sensisse,
2919 1254 3062 1320 quod
3099 1261 3225 1306 tunc
3257 1268 3356 1320 ap-

1782 1345 2060 1414 propietur
2085 1344 2216 1407 Deo,
2239 1344 2456 1413 quando
2487 1343 2762 1398 resistitur
2793 1343 3032 1398 diabolo.
3069 1360 3088 1394 ι
3110 1343 3302 1398 Pacem
3331 1362 3352 1395 ι

1781 1451 1912 1505 ergo
1951 1454 1972 1487 ι
2009 1434 2306 1490 habeamus
2350 1434 2416 1489 ad
2447 1435 2614 1488 Deum
2649 1451 2747 1500 per
2779 1435 3068 1489 Dominum
3102 1444 3354 1490 nostrum

1781 1525 1963 1582 Iesum
2000 1525 2299 1580 Christum.
2331 1543 2351 1576 ι
2402 1525 2467 1579 Ει
2504 1525 2713 1579 addidit
2745 1543 2760 1580 :
2798 1543 2816 1576 ι
2844 1526 2946 1579 Per
2985 1541 3144 1591 quem
3171 1532 3227 1577 et
3265 1538 3358 1577 ac-

1783 1631 1998 1672 cessum
2033 1617 2294 1672 habemus
2325 1617 2377 1670 in
2404 1617 2639 1686 gratiam
2679 1617 2841 1670 istam
2874 1617 2928 1670 in
2956 1633 3061 1685 qua
3091 1624 3354 1668 stamus.»

1783 1707 2062 1774 Quomodo
2099 1723 2380 1762 accessum
2410 1708 2669 1762 habemus
2698 1709 2764 1760 ad
2793 1708 3025 1778 gratiam
3052 1722 3148 1777 per
3176 1705 3359 1760 Domi-

1788 1816 1914 1854 num
1951 1809 2196 1854 nostrum
2218 1799 2404 1854 Jesum
2429 1799 2731 1866 Christum,
2756 1801 2870 1868 ipse
2896 1799 3150 1854 Salvator
3177 1799 3310 1852 dicit
3335 1817 3351 1853 :

1792 1907 1811 1940 ι
1851 1889 1961 1958 Ego
2014 1904 2134 1943 sum
2184 1891 2385 1944 ostium
2411 1891 2488 1954 ²²;
2525 1907 2543 1940 ι
2580 1899 2628 1943 et
2664 1905 2678 1941 :
2712 1907 2731 1940 ι
2761 1889 2931 1942 Nemo
2964 1889 3111 1940 venit
3144 1887 3208 1939 ad
3256 1886 3359 1939 Pa-

1713 1966 1758 2024 Β
1790 1989 1948 2044 trem.
1976 1979 2079 2035 nisi
2109 1994 2206 2049 per
2236 1996 2322 2034 me
2348 1979 2418 2034 ".
2454 1999 2474 2032 ι
2521 1979 2622 2034 Per
2653 1981 2828 2048 ipsum
2868 1994 3000 2049 ergo
3031 1979 3123 2048 qui
3156 1979 3354 2034 ostium

1785 2080 1871 2124 est
1901 2070 2037 2142 (43),
2063 2084 2342 2125 accessum
2380 2069 2645 2125 habemus
2669 2072 2736 2122 ad
2767 2071 3017 2140 gratiam.
3045 2069 3151 2124 Sed
3179 2069 3359 2122 videa-

1787 2178 1909 2217 mus
1935 2162 2096 2232 quale
2129 2171 2212 2216 est
2237 2162 2458 2226 ostium,
2503 2170 2563 2214 ut
2610 2161 2852 2216 sciamus
2891 2159 3080 2229 quales
3109 2174 3230 2214 esse
3256 2159 3358 2213 de-

1787 2256 1948 2306 beant
1986 2251 2082 2322 qui
2111 2252 2318 2305 intrent
2348 2266 2446 2321 per
2483 2252 2680 2322 ipsum,
2712 2259 2768 2306 et
2805 2265 3088 2306 accessum
3123 2251 3360 2306 habeant

1786 2343 1855 2397 ad
1893 2345 2153 2414 gratiam.
2183 2343 2333 2397 Istud
2366 2345 2568 2398 ostium
2606 2344 2808 2398 veritas
2823 2354 2927 2408 est,
2945 2352 3001 2398 et
3035 2358 3131 2413 per
3154 2343 3357 2397 ostium

1786 2435 2032 2490 veritatis
2067 2451 2173 2489 non
2215 2445 2438 2504 possunt
2475 2436 2706 2490 introire
2740 2435 3060 2490 mendaces.
3113 2435 3180 2488 Et
3233 2450 3359 2487 rur-

1785 2541 1905 2582 sum
1942 2527 2088 2582 istud
2119 2527 2317 2582 ostium
2347 2526 2557 2596 justitia
2590 2535 2698 2587 est,
2740 2538 2797 2581 et
2827 2542 2924 2596 per
2964 2526 3166 2581 ostium
3194 2526 3360 2595 justi-

1788 2617 1877 2670 tiae
1921 2632 2023 2672 non
2076 2618 2459 2689 ingrediuntur
2508 2617 2720 2684 injusti.
2757 2618 2900 2671 Istud
2935 2619 3133 2673 ostium
3178 2619 3355 2674 dicit:

1791 2725 1808 2758 σ
1853 2706 2049 2761 Discite
2077 2723 2105 2759 a
2134 2722 2219 2760 me
2253 2707 2378 2776 quia
2408 2706 2557 2760 mitis
2590 2721 2710 2760 sum
2740 2716 2795 2760 et
2819 2707 3042 2761 humilis
3067 2707 3230 2760 corde
3251 2707 3352 2760 “.5

1783 2798 1887 2852 Per
1917 2801 2115 2852 ostium
2155 2813 2288 2868 ergo
2331 2798 2654 2855 humilitatis
2697 2809 2750 2854 et
2785 2800 3220 2854 mansuetudinis
3255 2815 3358 2854 nec

1786 2891 2079 2944 iracundus
2105 2891 2426 2959 ingreditur,
2462 2905 2561 2945 nec
2604 2893 2891 2961 superbus.
2937 2892 2994 2947 Si
3025 2894 3148 2962 quis
3175 2893 3358 2962 itaque

1783 2992 1865 3035 est
1910 2981 2000 3050 qui
2035 2982 2331 3035 secundum
2361 2982 2602 3050 Apostoli
2643 2984 2889 3046 verbum,
2927 2999 3024 3052 per
3063 2984 3354 3036 Dominum

1784 3085 2027 3126 nostrum
2060 3071 2242 3128 Jesum
2273 3072 2550 3128 Christum
2589 3091 2869 3130 accessum
2904 3075 3022 3130 vult
3063 3077 3266 3131 habere
3301 3078 3355 3130 iu

1783 3163 2010 3232 gratiam
2052 3163 2287 3228 Domini,
2321 3164 2373 3218 in
2408 3181 2514 3233 qua
2547 3165 2768 3232 Paulus,
2809 3179 2864 3222 ct
2891 3168 2936 3222 si
2961 3168 3056 3238 qui
3105 3178 3234 3221 sunt
3277 3170 3356 3222 si-

1785 3255 1940 3310 miles
1972 3255 2108 3325 ejus,
2134 3265 2281 3312 stare
2311 3273 2370 3312 se
2399 3258 2553 3324 dicit,
2572 3267 2795 3327 oportet
2819 3274 2942 3314 eum
2977 3259 3047 3314 ab
3071 3260 3156 3314 his
3181 3262 3358 3314 omni-

1783 3350 1886 3402 bus
1910 3364 2031 3418 quae
2064 3363 2227 3417 supra
2261 3349 2685 3403 memoravimus
2713 3364 2835 3404 esse
2858 3358 3168 3420 purgatum.
3200 3350 3357 3405 Alio-

1781 3439 1910 3508 quin
1947 3454 2054 3493 non
2095 3439 2330 3509 patietur
2386 3440 2488 3496 hoc
2536 3441 2738 3495 ostium
2790 3441 3017 3496 introire
3045 3456 3140 3496 eos
3169 3457 3268 3512 per
3293 3458 3358 3498 se

1782 3532 1874 3601 qui
1905 3546 1967 3586 ea
2008 3547 2128 3601 qua:
2155 3546 2185 3585 a
2229 3545 2291 3586 se
2337 3532 2513 3586 aliena
2543 3543 2672 3586 sunt
2718 3543 2935 3602 gerunt,
2969 3533 3066 3588 sed
3098 3533 3358 3589 continuo

1779 3625 2055 3678 clauditur
2094 3634 2148 3679 et
2187 3625 2424 3678 transire
2461 3637 2556 3694 per
2582 3639 2641 3679 se
2677 3641 2780 3678 non
2808 3625 2940 3679 sinit
2968 3624 3261 3680 dissimiles
3290 3626 3358 3680 si-

1776 3713 1853 3767 bi.
1886 3712 1999 3768 lloc
2028 3713 2287 3768 nimirum
2315 3721 2400 3768 est
2419 3712 2564 3781 quod
2591 3723 2643 3766 et
2674 3712 2781 3768 illis
2810 3714 3054 3782 quinque
3094 3711 3359 3781 insipien-

1781 3803 1923 3858 tibus
1950 3804 2248 3872 virginibus
2282 3803 2503 3868 accidit,
2541 3818 2661 3873 qua:
2691 3804 2950 3873 quoniam
2975 3803 3156 3858 oleum
3187 3802 3358 3857 bono-

1779 3909 1897 3947 rum
1927 3909 2151 3963 operum
2185 3895 2237 3949 in
2277 3894 2515 3949 vasculis
2554 3895 2670 3949 suis
2721 3911 2826 3950 nou
2882 3895 3236 3965 collegerant,
3263 3910 3359 3949 ve-

1779 3985 1992 4039 nientes
2019 3995 2142 4054 post
2179 4000 2385 4054 moras,
2416 3988 2661 4041 clausum
2701 3987 2899 4041 ostium
2931 3987 3258 4042 invenerunt
3285 3987 3356 4042 ”.

1779 4075 1888 4130 Nec
1915 4078 2059 4130 enim
2113 4088 2366 4148 poterant
2401 4078 2720 4148 insipientes
2771 4079 2970 4134 anima:
3011 4094 3106 4149 per
3154 4080 3355 4136 OStium

1787 4169 2018 4223 introire
2052 4171 2354 4240 sapientiae,
2390 4178 2445 4225 et
2481 4185 2760 4227 accessum
2794 4171 3000 4226 habere
3032 4170 3088 4224 in
3118 4171 3354 4240 gratiam

1779 4260 1914 4333 (44).
1941 4261 2087 4316 Bene
2133 4271 2316 4318 autem
2353 4262 2632 4331 apostolus
2676 4261 2878 4318 Paulus
2907 4262 2962 4316 in
2999 4262 3173 4331 gratia
3207 4269 3358 4316 stare

1779 4367 1838 4407 se
1873 4351 2024 4419 dicit,
2071 4352 2163 4422 qui
2205 4362 2262 4407 et
2302 4353 2430 4408 alibi
2473 4354 2648 4410 dixit:
2705 4353 3130 4408 «Abundantius
3175 4363 3356 4407 autem

1778 4457 1940 4514 quam
1970 4459 2160 4498 omnes
2192 4443 2268 4497 illi
2300 4443 2544 4499 laboravi
2573 4465 2586 4500 :
2612 4460 2716 4499 non
2749 4453 2933 4498 autem
2955 4457 3076 4514 ego,
3108 4443 3201 4497 sed
3228 4459 3354 4509 gra-

1777 4535 1851 4590 tia
1882 4533 1977 4587 Dei
2017 4547 2229 4589 mecum
2256 4534 2322 4590 '°.
2350 4553 2370 4587 ι
2409 4533 2563 4590 Unde
2593 4536 2640 4590 si
2667 4537 2789 4604 quis
2808 4544 2893 4589 est
2918 4535 3057 4589 alius
3077 4535 3170 4604 qui
3201 4533 3355 4587 labo-

1703 4654 1748 4709 ο
1780 4633 1861 4678 ret
1889 4624 2289 4690 abundantius,
2341 4633 2396 4678 et
2421 4625 2513 4694 qui
2551 4625 2815 4697 glorietur
2858 4627 2912 4682 in
2949 4622 3355 4679 inﬁrmitatibus

1777 4716 1913 4780 suis,
1937 4717 2030 4784 qui
2063 4715 2115 4768 in
2144 4716 2405 4786 periculis
2432 4731 2576 4788 saepe
2606 4728 2872 4784 versetur,
2908 4737 2926 4770 ι
2959 4716 3218 4789 periculis
3240 4730 3356 4768 ma-

1778 4810 1876 4873 ris,
1893 4808 2144 4879 periculis
2169 4807 2449 4866 ﬂuminum
2479 4808 2618 4882 (45),
2639 4809 2898 4878 periculis
2928 4809 3224 4872 latronum,
3249 4818 3348 4873 pe-

1778 4900 1970 4956 riculis
1995 4900 2048 4954 in
2075 4898 2230 4954 falsis
2259 4899 2528 4956 fratribus
2553 4901 2623 4965 '7,
2649 4920 2668 4954 ›
2695 4911 2752 4956 et
2781 4902 2832 4954 in
2865 4901 2948 4954 his
2971 4899 3224 4953 omnilms
3246 4904 3356 4951 stet

1780 5007 1996 5062 semper
2027 4992 2081 5046 in
2108 4993 2242 5059 ﬁde,
2270 5004 2374 5046 iste
2394 4993 2644 5047 similiter
2671 5003 2818 5046 stare
2843 4991 3041 5047 dicitur
3064 4991 3117 5044 in
3146 4989 3351 5059 gratia.

1783 5088 1891 5148 Sed
1924 5097 1982 5143 et
2011 5088 2157 5157 quod
2182 5088 2450 5155 sequitur,
2491 5103 2510 5137 ι
2541 5085 2609 5139 Et
2633 5083 2930 5154 gloriamur
2956 5083 3010 5136 in
3034 5097 3132 5152 spe
3165 5081 3354 5151 gloria:

2159 5220 2205 5252 ³ο
2235 5219 2254 5273 ι
2280 5219 2408 5275 Cor.
2457 5234 2495 5282 ι,
2538 5219 2726 5274 17-19.
2801 5197 3067 5273 "'Jacoh.
3107 5234 3182 5282 tv,
3212 5221 3264 5282 7,
3297 5220 3354 5273 8.

2330 5290 2374 5321 ²⁶
2401 5290 2422 5344 ι
2448 5289 2576 5346 Cor.
2612 5303 2704 5353 xv,
2730 5288 2796 5343 10
2871 5289 2915 5319 ³⁷
2940 5290 2982 5344 ll
3001 5290 3128 5344 Cor.
3157 5306 3234 5355 XI,
3260 5292 3352 5344 ‘26.

1850 5409 1964 5480 (41)
2005 5407 2097 5465 Sic
2141 5421 2332 5462 omnes
2389 5422 2521 5464 mss.
2567 5409 2765 5462 nostri.
2811 5407 2960 5464 Eum
2991 5423 3158 5477 vero,
3209 5429 3228 5461 ι
3254 5425 3354 5479 pa-

1779 5490 1965 5621 "iis;
1995 5548 2170 5613 Alias,
2207 5565 2226 5600 ι
2247 5557 2436 5604 contra
2468 5558 2724 5621 peccata;
2755 5568 2774 5603 ι
2806 5549 2904 5616 al.,
2935 5569 2953 5605 ε
2978 5551 3032 5606 in
3055 5550 3347 5617 peccatis,»

1777 5619 1966 5756 milii)
2006 5687 2184 5755 Alias,
2219 5707 2237 5740 ε
2263 5688 2392 5756 (1"ia
2428 5689 2628 5743 “suum
2659 5702 2762 5746 es"
2795 5711 2816 5745 ’

1849 5759 1961 5828 (Η)
1999 5759 2165 5828 Alias,
2207 5777 2224 5808 ι
2262 5761 2314 5810 in
2347 5761 2576 5826 gratiam
2609 5761 2790 5816 istam.
2818 5782 2836 5814 ι

1849 5827 1962 5900 (45)
2003 5827 2259 5900 Periculis
2293 5830 2595 5900 ﬂunginum.
2628 5831 2748 5889 Haec
2784 5835 3056 5890 adduntur
3081 5830 3240 5887 verba
3273 5831 3344 5886 ab

1777 5897 1881 5958 uno
1911 5917 2009 5954 ms.
2045 5899 2211 5970 Regio
2243 5909 2296 5954 et
2333 5915 2363 5952 a
2400 5897 2642 5957 Rabhtto.
