3768 6544
438 439 535 496 991

1929 437 2252 496 ORIGENIS

3533 375 3547 399 ι
3578 435 3671 491 993

433 558 530 612 Dei
555 559 623 624 ",
648 547 672 610 ἰ
700 557 860 628 quale
886 557 958 612 sit
989 558 1291 615 videamus.
1327 559 1504 614 Movet
1542 574 1628 616 me
1665 574 1762 613 cur
1795 574 1900 614 non
1935 559 2016 613 di-
2043 565 2090 620 Α
2121 559 2257 612 riam
2283 555 2428 611 dicat
2451 572 2474 622 ;_
2510 557 2604 611 sed
2646 555 2749 611 hoc
2791 554 2920 609 mihi
2951 551 3165 609 videtur
3193 555 3507 616 ostendere,
3537 558 3671 623 quod

435 651 580 704 xerit
605 651 826 720 gloriari
857 665 917 706 se
966 651 1018 704 in
1067 651 1235 722 gloria
1272 650 1389 715 Dei,
1421 651 1515 706 sed
1551 671 1569 702 ι
1605 651 1657 704 itt
1698 667 1792 720 spe
1821 653 2008 721 gloria:

432 740 527 794 Dei
557 759 570 796 :
614 761 632 792 ι
671 741 723 793 in
751 757 858 808 quo
887 741 1075 794 deesse
1103 741 1320 810 quidem
1353 741 1555 809 aliquid
1583 741 1904 796 elocutionis
1927 744 2008 796 vi-

429 833 619 895 detur,
645 833 716 886 ita
752 841 808 887 ut
854 832 1135 886 subaudiri
1178 833 1394 893 debeat,
1444 853 1462 885 ι
1495 834 1546 887 in
1579 849 1674 902 spe
1708 853 1726 884 ι
1763 834 2007 888 videnda:

435 941 455 974 ι
491 923 677 994 gloria:
717 923 834 978 Dei.
873 943 892 974 ι
928 923 1135 978 Edocet
1161 935 1341 978 autem
1373 940 1472 979 nos
1498 940 1593 993 per
1617 924 1754 986 hac.
1779 924 1918 980 sicut
1951 936 2006 980 et

429 1019 558 1072 alihi
590 1019 704 1088 ipse
733 1019 889 1081 dicit,
921 1019 1052 1088 quia
1083 1036 1103 1071 ι
1127 1035 1249 1088 quae
1275 1030 1588 1088 sperantur,
1612 1031 1812 1074 aeterna
1843 1027 2001 1083 sunt;

429 1127 550 1182 quae
581 1119 759 1164 autem
793 1113 1067 1174 videntur,
1123 1110 1443 1179 temporalia
1467 1112 1533 1166 η.
1574 1130 1594 1164 ι
1629 1108 1764 1164 Nam
1804 1109 2006 1164 vidisse

434 1203 637 1254 dicitur
663 1215 719 1256 et
745 1201 958 1272 Moyses
981 1201 1206 1272 gloriam
1250 1203 1454 1265 Dei”;
1487 1201 1695 1257 vidisse
1717 1202 1916 1258 dicitur
1951 1209 2006 1254 et

432 1292 662 1360 populus
717 1292 770 1345 in
819 1293 1232 1348 consecratione
1285 1294 1478 1348 domus
1530 1291 1742 1346 Domini
1775 1291 2004 1362 gloriam

431 1382 526 1436 Dei
571 1381 815 1436 Israel".
851 1382 957 1436 Sed
995 1391 1051 1436 et
1089 1384 1156 1437 de
1207 1384 1509 1452 hujnsmodi
1543 1383 1713 1454 gloria
1767 1398 1888 1452 quae
1919 1383 2004 1436 vi-

431 1474 548 1526 deri
581 1474 779 1542 potuit,
810 1490 978 1528 ausus
1009 1484 1092 1528 est
1113 1474 1443 1544 Paulus,qui
1471 1485 1588 1529 erat
1619 1475 2000 1545 mysteriorum

2111 650 2229 706 ista:
2254 649 2436 720 gloriae
2465 664 2586 718 quas
2613 649 2698 703 vel
2725 664 2823 719 per
2853 648 3071 719 Moysen
3089 648 3389 718 prioribus,
3412 649 3500 702 vel
3525 649 3671 703 nobis

2108 757 2205 812 per
2233 742 2522 796 adventum
2547 741 2732 796 carnis
2763 739 2961 796 Christi
3005 741 3199 795 delatae
3234 751 3382 804 sunt,
3420 755 3525 794 non
3557 740 3668 796 fue-

2108 842 2235 887 runt
2280 832 2616 901 angelorum,
2669 831 2763 885 sed
2810 831 3137 898 hominum;
3189 831 3501 885 hominibus
3536 834 3665 885 enim

2107 925 2428 986 ministrata:
2461 934 2608 992 sunt,
2640 934 2695 979 et
2719 923 2938 990 fuerunt
2959 924 3078 992 ejus
3106 938 3375 978 mensurze
3425 938 3563 992 quas
3588 939 3668 976 ca-

2108 1031 2234 1085 pere
2266 1015 2519 1070 homines
2551 1021 2774 1085 possent
2812 1031 2828 1068 :
2861 1012 3128 1080 illavero,
3160 1015 3210 1068 in
3241 1030 3348 1082 qua
3379 1013 3548 1067 Filius
3583 1015 3669 1067 ho-
3704 1005 3706 1008 ’

2106 1107 2270 1162 minis
2293 1107 2359 1160 ad
2380 1102 2642 1177 judicium
2675 1094 2859 1161 mundi
2884 1114 3150 1160 venturus
3171 1117 3278 1171 est,
3305 1106 3480 1175 gloria
3503 1106 3664 1163 Patris

2107 1207 2254 1252 tanta
2286 1198 2410 1265 erit,
2442 1213 2565 1268 quae
2591 1213 2623 1252 a
2652 1199 2783 1253 solis
2811 1197 3018 1268 angelis
3045 1198 3160 1265 capi
3209 1199 3409 1266 possit.
3447 1197 3504 1253 Si
3548 1214 3665 1253 vero

2105 1287 2270 1342 etiam
2298 1299 2615 1344 sanctorum
2650 1289 2817 1358 aliqui
2844 1304 3074 1370 capaces
3101 1290 3248 1346 illius
3280 1289 3472 1360 gloria:
3505 1291 3664 1344 exsti-

2106 1381 2296 1442 terint,
2322 1377 2398 1434 illi
2429 1379 2684 1434 nimirum
2725 1391 2887 1448 erunt
2931 1381 2996 1434 de
3030 1381 3228 1447 quibus
3271 1380 3501 1446 dicitur,
3537 1382 3661 1447 Quia

2108 1481 2128 1516 ι
2170 1470 2332 1518 erunt
2379 1462 2520 1518 sicut
2559 1462 2732 1548 angeli
2779 1462 2873 1517 Dei
2908 1462 2972 1518 “.
3021 1481 3040 1513 ι
3085 1463 3152 1516 Εῑ
3191 1465 3297 1517 hoc
3335 1464 3498 1518 modo
3539 1478 3668 1521 rerte

429 1563 523 1617 Dei
579 1579 818 1633 gnarus,
863 1566 1221 1634 pronuntiare
1251 1565 1322 1630 ³⁸,
1355 1568 1500 1635 quod
1560 1565 1648 1620 illa
1689 1566 1862 1638 gloria
1907 1567 2000 1620 de.
2101 1557 2170 1613 de
2197 1555 2376 1611 futura
2404 1554 2590 1627 gloria,
2632 1571 2753 1625 quae
2797 1552 3062 1624 speranda
3098 1565 3200 1619 est,
3232 1555 3440 1610 dictum
3469 1557 3668 1612 videtur

419 1667 688 1722 struetur,
723 1671 844 1726 quae
879 1657 1049 1712 etiam
1084 1658 1135 1710 in
1163 1656 1314 1711 vultu
1346 1657 1520 1728 Moysi
1548 1657 1850 1713 videbatur.
1873 1656 2000 1715 Haec
2099 1649 2244 1719 ψιοά
2281 1649 2448 1703 Filius
2499 1649 2735 1704 hominis
2786 1648 2968 1703 veniat
3010 1667 3029 1700 ί
3075 1649 3128 1702 in
3169 1649 3338 1720 gloria
3379 1649 3583 1715 PatriS.
3621 1662 3667 1706 et

418 1759 602 1802 autem
644 1749 813 1813 gloria
862 1763 982 1817 quae
1029 1759 1302 1818 speratur,
1337 1749 1404 1803 de
1435 1765 1540 1818 qua
1571 1749 1726 1815 dicit,
1769 1769 1786 1801 ι
1815 1749 1872 1804 lu
1901 1764 1998 1820 spe
2098 1749 2406 1796 δδηεῐοτυηὶ
2437 1740 2778 1811 angelorum.
2823 1758 2842 1791 ³
2871 1739 2923 1793 id
2951 1747 3058 1804 εει,
3094 1754 3256 1809 quam
3292 1755 3405 1793 Ποη
3437 1741 3548 1809 iam
3581 1741 3666 1794 ιιο-

419 1842 610 1911 gloria:
675 1842 764 1896 Dei
813 1841 923 1906 ³³.»
985 1857 1261 1910 nunquam
1326 1843 1659 1896 destruetur,
1706 1841 1799 1896 Est
1846 1843 1995 1897 enim
2097 1833 2274 1888 mines
2311 1833 2530 1896 terreni,
2563 1832 2660 1887 sed
2691 1831 2862 1887 sancti
2895 1831 3068 1904 angeli
3107 1847 3305 1902 capere
3342 1842 3662 1887 mereantur.

421 1931 542 1986 talis
571 1933 636 1986 de
658 1947 762 2001 qua
811 1932 951 1986 idem
981 1931 1276 2003 Apostolus
1317 1931 1454 1986 dicit
1485 1933 1711 2000 loquens
1740 1935 1808 1987 de
1834 1932 1996 1988 Chri-
2020 1913 2068 1974 Β
2097 1926 2200 1981 Ρτο
2256 1925 2552 1995 capacitate
2605 1924 2805 1980 etenim
2875 1925 3138 1980 mentium
3195 1925 3480 1995 dispensat
3537 1925 3664 1979 Deus

415 2033 500 2076 sto
544 2041 559 2078 :
616 2041 634 2074 ι
681 2023 782 2089 Qui
831 2035 936 2089 est,
987 2025 1184 2094 inquit,
1223 2025 1483 2093 splendor
1511 2024 1719 2094 glorize,
1741 2033 1796 2078 et
1823 2024 1994 2092 ﬁgura

414 2129 672 2184 expressa
701 2115 1027 2170 substantia:
1049 2115 1167 2184 ejus
1187 2115 1254 2169 ³⁷⁸.
1285 2134 1304 2168 ι
1345 2115 1511 2182 llujus
1547 2129 1678 2184 ergo
1702 2113 1886 2182 gloriae
1917 2113 1996 2166 vi-

411 2207 602 2260 dendae
625 2223 776 2278 spem
803 2219 1002 2277 gerunt
1030 2209 1083 2262 hi
1111 2211 1176 2263 de
1201 2208 1400 2277 quibus
1414 2209 1617 2261 dictum
1647 2216 1732 2261 est
1758 2223 1772 2258 :
1799 2224 1817 2256 ι
1843 2205 1995 2260 Beati

414 2298 616 2354 mundo
671 2299 860 2365 corde,
892 2300 1153 2369 quoniam
1206 2299 1311 2368 ipsi
1372 2298 1540 2352 Deum
1583 2297 1937 2361 videbunt”,
1968 2316 1988 2350 ο

415 2399 546 2444 tunc
575 2406 698 2445 cum
726 2391 840 2460 jam
867 2392 1141 2461 aufugerit
1168 2391 1347 2456 dolor,
1373 2402 1428 2444 et
1452 2391 1702 2456 tristitia,
1737 2400 1792 2444 et
1826 2391 1995 2460 gemi-

415 2491 523 2548 tus,
553 2493 606 2536 et
632 2498 756 2537 cum
785 2497 848 2536 ea
875 2498 996 2551 quae
1032 2484 1085 2536 in
1127 2481 1346 2551 speculo
1377 2499 1522 2536 nunc
1576 2481 1829 2536 videntur
1853 2492 1906 2536 et
1939 2481 1993 2534 in

411 2575 721 2644 aenigmate,
769 2576 1140 2640 deStruentur,
1178 2587 1233 2629 et
1263 2575 1563 2632 manebunt
1609 2573 1722 2647 (46)
1757 2575 1842 2629 illa
1875 2591 1994 2645 qua:

423 2680 553 2722 sunt
583 2667 718 2724 facie
743 2672 811 2724 ad
841 2667 1037 2723 faciem
1071 2668 1138 2724 ³⁸.
1172 2669 1324 2736 Quod
1349 2669 1396 2724 si
1433 2669 1518 2722 cui
1552 2667 1692 2722 forte
1721 2668 1994 2722 videbitur

411 2769 538 2824 huic
560 2769 883 2840 expositioni
907 2781 1108 2826 nostrae
1134 2771 1266 2825 illud
1291 2771 1606 2825 econtrario
1638 2771 1803 2840 objici
1833 2784 1992 2841 posse

409 2863 554 2932 quod
592 2863 706 2932 ipse
744 2863 1039 2933 Apostolus
1070 2864 1243 2918 dicit:
1286 2882 1304 2916 ι
1348 2863 1456 2919 Nos
1511 2874 1692 2918 autem
1752 2863 1991 2917 revelata

407 2953 549 3008 facie
581 2953 810 3024 gloriam
865 2955 1076 3010 Domini
1111 2955 1479 3026 speculantes,
1507 2957 1696 3010 eadem
1748 2955 1990 3026 imagine

409 3045 864 3100 transformamur
877 3063 906 3101 a
922 3046 1095 3117 gloria
1121 3047 1174 3100 in
1191 3047 1709 3117 gloriam,tanquam
1732 3062 1760 3099 a
1777 3047 1992 3101 Domini

293 3197 306 3210 κ
406 3136 712 3208 Spiritu";
746 3158 765 3191 ι
804 3148 860 3194 et
889 3139 1021 3194 dicit
1054 3157 1067 3193 :
1101 3138 1384 3206 Quomodo
1411 3140 1590 3194 adhuc
1614 3155 1764 3208 spem
1802 3139 1992 3208 gloriae

2094 2019 2254 2074 etiam
2285 2019 2683 2090 magnitudines
2723 2018 3029 2090 glOriarum.
3072 2016 3178 2074 Sed
3206 2018 3350 2074 sicut
3377 2019 3534 2072 istam
3564 2018 3664 2090 glo-

2093 2113 2226 2168 riam
2254 2127 2414 2181 quam
2453 2112 2652 2168 vidisse
2679 2128 2740 2167 se
2779 2112 3005 2182 apostoli
3031 2113 3087 2167 in
3121 2113 3435 2184 Evangeliis
3463 2113 3659 2178 dicunt,

2101 2220 2120 2254 ι
2152 2201 2380 2273 gloriam
2419 2212 2677 2272 tanquam
2712 2201 2985 2272 Unigeniti
3018 2217 3047 2254 a
3070 2200 3258 2266 Patre,
3294 2201 3516 2270 plenum
3550 2217 3661 2270 gra-

2097 2296 2186 2348 tiae
2221 2303 2276 2350 et
2312 2295 2562 2368 veritatis
2592 2295 2660 2362 “,
2697 2313 2715 2346 ι
2765 2311 2863 2350 nec
2889 2296 3114 2350 credere
3142 2294 3288 2364 quis,
3337 2309 3445 2350 nec
3479 2309 3662 2361 capere

2096 2383 2290 2452 potuit,
2325 2384 2428 2438 nisi
2459 2394 2512 2440 et
2563 2384 2651 2439 illa
2695 2385 2865 2456 gloria
2909 2400 3030 2453 qua:
3075 2399 3170 2454 per
3202 2383 3427 2456 Moysen
3473 2384 3584 2453 (50)
3615 2386 3659 2437 in

2097 2475 2212 2547 lege
2235 2476 2537 2530 ministrata
2561 2486 2663 2538 est,
2690 2479 2830 2529 viam
2857 2476 3118 2530 tenuisset
3146 2475 3543 2544 intelligentiae,
3565 2477 3661 2530 sic-

2095 2577 2153 2622 ut
2205 2576 2544 2622 contestatur
2596 2565 2687 2621 ille
2747 2567 2840 2635 qui
2892 2565 3108 2621 dicebat
3181 2566 3250 2620 ad
3314 2565 3659 2620 Nathanael:

2103 2679 2121 2712 ι
2152 2659 2323 2726 Quem
2367 2660 2588 2730 scripsit
2635 2659 2874 2729 Moyses,
2924 2669 2977 2714 et
3025 2659 3325 2730 prophetae,
3366 2659 3662 2713 invenimus

2093 2750 2276 2806 Jesum
2309 2767 2337 2804 a
2369 2749 2638 2805 Nazareth
2678 2750 2724 2781 “
2768 2769 2793 2806 :.
2829 2769 2848 2801 ι
2901 2749 2992 2821 (ἰη
3034 2765 3143 2819 quo
3179 2750 3372 2818 utique
3413 2751 3658 2814 ostendit,

2095 2847 2221 2914 quia
2249 2859 2316 2900 ex
2344 2843 2487 2915 Lege
2515 2851 2571 2898 et
2609 2842 2897 2914 Prophetis
2918 2841 3235 2906 illuminati,
3267 2841 3432 2910 hujus
3462 2841 3660 2912 gloria,

2093 2952 2214 3006 quae
2246 2945 2364 2990 erat
2392 2947 2650 3005 tanquam
2683 2935 2959 3005 Unigeniti
3003 2950 3033 2988 a
3063 2934 3250 3003 Patre,
3295 2936 3485 2990 lumen
3518 2948 3661 3005 aspe-

2093 3027 2302 3099 xerint)
2338 3029 2416 3082 ita
2443 3039 2498 3082 et
2527 3029 2672 3099 quod
2702 3028 2994 3098 Apostolus
3021 3025 3250 3092 dixit“,
3288 3045 3307 3079 ι
3346 3025 3462 3083 Nos
3490 3037 3659 3079 autem

2096 3125 2342 3177 revelata
2373 3120 2514 3175 facie
2544 3120 2772 3189 gloriam
2799 3118 3016 3174 Domini
3061 3118 3431 3190 speculantes,
3481 3120 3660 3173 eadem

406 3235 664 3304 δεύῃ(ιυί
685 3235 1052 3304 revelatajam
1075 3236 1215 3290 facie
1232 3234 1501 3304 speculari
1524 3250 1584 3290 se
1603 3235 1984 3304 dicitgloriam
2012 3255 2055 3313 ρ
2095 3213 2840 3313 ίωθείηθκπθηδξθξηξδξηυτ
2881 3225 2913 3264 ³
2957 3211 3130 3313 βκξτξξξ
3163 3213 3215 3312 i_"
3246 3209 3505 3313 ξιξπίξλωι
3549 3218 3660 3313 if":

407 3298 656 3393 Domitii,
689 3339 745 3385 et
779 3346 807 3384 a
849 3298 1022 3400 gloria
1054 3331 1112 3383 in
1156 3298 1388 3399 gloriam
1420 3298 1836 3382 transformari?
1865 3329 1987 3384 vide
2015 3298 2055 3313 υ
2089 3317 2250 3400 qui“?
2281 3317 2311 3355 ³
2347 3302 2561 3400 θθιξδίίξί
2595 3300 2822 3400 δβξξίξυν
2927 3393 2939 3400 _
2961 3299 3190 3400 ime"_i3i
3239 3298 3407 3400 (ξθὶξθί
3435 3300 3576 3400 (ξυθά
3611 3307 3659 3400 iii

408 3415 568 3491 537
597 3422 642 3475 si
679 3423 952 3491 possimus
982 3423 1086 3476 hoc
1109 3425 1267 3477 modo
1299 3422 1510 3476 solvere
1539 3422 1684 3492 quod
1711 3423 1984 3492 obiectum

2087 3393 2180 3464 qui
2211 3394 2370 3448 istam
2407 3394 2634 3463 gloriam
2661 3391 2940 3462 Unigeniti
2973 3391 3216 3448 revelata
3248 3389 3414 3456 facie,
3443 3391 3546 3445 hoc
3561 3398 3657 3451 est,

407 3484 886 3565 Esi-Differentias
923 3510 1054 3563 mihi
1105 3510 1397 3579 Apostolus
1445 3484 1660 3566 videtur
1701 3484 1976 3568 ostendere

2111 3487 2248 3542 plena
2283 3486 2406 3542 fidei
2445 3487 2808 3556 intelligentia
2841 3486 3244 3555 contemplatur
3291 3485 3434 3554 (5|),
3479 3484 3657 3540 eadem

409 3601 731 3669 gloriarum,
761 3611 817 3655 et
847 3602 1007 3655 aliam
1037 3603 1208 3677 fuisse
1243 3603 1470 3674 gloriam
1519 3621 1638 3674 qua:
1687 3603 1856 3676 Moysi
1886 3605 1986 3658 mi-

408 3693 637 3747 nisterio
659 3693 776 3764 ’(47)
807 3687 1045 3749 revelata
1079 3708 1187 3760 εει,
1217 3695 1284 3750 de
1312 3710 1415 3766 qua
1444 3698 1556 3768 jam
1593 3698 1644 3752 in
1682 3698 1986 3766 superiori-

411 3782 513 3838 bus
541 3784 810 3840 diximus:
838 3787 999 3840 aliam
1044 3784 1212 3841 fuisse
1243 3803 1363 3856 quae
1408 3788 1460 3842 in
1497 3790 1734 3844 adventu
1775 3789 1985 3844 carnali

409 3874 710 3932 Salvatoris
744 3877 1052 3932 tninistrata
1093 3889 1200 3943 est,
1241 3882 1306 3934 de
1338 3894 1444 3950 qua
1481 3881 1615 3935 dicit
1658 3891 1712 3934 et
1748 3879 1986 3936 Joannes

408 3969 463 4020 in
498 3968 828 4040 Evangelio:
869 3990 887 4022 ι
917 3971 980 4024 Et
1013 3972 1251 4026 vidimus
1301 3973 1526 4042 gloriam
1573 3974 1710 4043 ejus,
1754 3973 1984 4042 gloriam

412 4071 666 4130 tanquam
704 4062 979 4134 Unigeniti
1009 4082 1039 4118 a
1073 4065 1259 4132 Patre,
1285 4067 1505 4136 plenum
1543 4068 1735 4137 gratiae
1757 4076 1810 4121 et
1840 4067 1980 4120 veri-

409 4155 538 4208 tatis
561 4155 624 4208 ³⁸.
646 4174 664 4206 ι
698 4155 770 4210 De
801 4171 905 4225 qua
938 4157 1117 4226 gloria
1157 4174 1266 4212 non
1298 4174 1584 4228 possumus
1616 4159 1800 4214 dicere
1842 4159 1984 4228 quod

409 4246 526 4316 ipsa
555 4247 626 4301 sit
651 4262 770 4316 qua:
798 4249 1069 4318 speranda
1098 4259 1182 4303 est
1223 4269 1236 4304 :
1289 4250 1431 4305 hanc
1477 4251 1622 4305 enim
1669 4251 1873 4306 vidisse
1905 4251 1986 4304 di-

407 4347 537 4393 cnnt
561 4341 786 4409 apostoli
817 4359 833 4406 ;
864 4351 921 4396 et
942 4357 1068 4398 vera
1108 4352 1192 4398 est
1231 4343 1318 4412 illa
1348 4345 1618 4400 sententia
1653 4359 1772 4414 quae
1809 4345 1980 4400 dicit:

409 4431 613 4496 (Quod
641 4433 788 4487 enim
821 4435 967 4488 videt
995 4434 1138 4503 quis,
1169 4434 1299 4504 quid
1337 4445 1519 4505 sperat
1541 4436 1626 4490 ”?
1665 4456 1685 4488 ι
1721 4435 1813 4490 llla
1853 4451 1984 4491 vero

402 4518 575 4587 gloria
607 4519 720 4589 (48)
754 4537 876 4591 qua:
909 4527 1178 4591 speranda
1207 4534 1313 4590 est,
1343 4526 1410 4579 de
1433 4541 1538 4594 qua
1559 4527 1726 4579 etiam
1759 4527 1812 4579 itt
1847 4543 1984 4597 pra--

402 4613 541 4665 senti
575 4613 699 4668 loco
725 4615 858 4668 dicit
893 4617 1180 4686 Apostolus
1221 4618 1442 4689 gloriari
1473 4633 1530 4672 se
1560 4618 1675 4688 (49)
1730 4637 1748 4668 ι
1790 4619 1842 4672 in
1882 4634 1978 4689 spc

402 4705 586 4774 gloria:
611 4707 728 4770 Dei,
771 4741 790 4758 .
829 4718 1006 4776 potest
1047 4711 1160 4778 ipsa
1204 4711 1430 4781 intelligi
1469 4712 1550 4776 de,
1579 4726 1684 4779 qua
1726 4709 1978 4766 Salvator

400 4795 530 4849 dicit
557 4796 607 4850 in
638 4795 936 4868 Evangelio
979 4817 994 4854 :
1055 4817 1074 4850 ι
1111 4799 1248 4855 Cum
1300 4803 1508 4857 venerit
1541 4803 1709 4856 Filius
1743 4803 1977 4858 hominis

400 4890 454 4942 in
478 4890 646 4960 gloria
677 4890 880 4957 Patris,
909 4904 964 4946 et
986 4905 1304 4948 sanctorum
1329 4895 1646 4964 angelorum
1670 4897 1737 4948 ιο.
1767 4916 1785 4948 ι
1823 4896 1977 4963 Quod

400 4991 580 5035 autem
625 4982 785 5047 dixit,
826 5002 845 5036 ι
895 4984 1096 5049 Patris,
1140 4997 1195 5041 et
1229 4997 1543 5041 sanctorum
1587 4987 1929 5057 angelorum,
1959 5007 1979 5040 ι

400 5087 506 5125 non
535 5075 678 5143 quod
705 5075 800 5132 Dei
829 5075 1008 5133 Patris
1050 5088 1106 5134 et
1140 5080 1459 5149 angelorum
1493 5095 1658 5133 unam
1694 5095 1819 5134 esse
1863 5080 1982 5150 glo-

505 5297 553 5329 ’3
580 5297 738 5354 Rom.
764 5315 818 5365 v,
849 5300 903 5353 2.
982 5302 1028 5332 ¹⁹
1050 5301 1091 5355 ιι
1115 5299 1239 5357 Cor.
1275 5318 1348 5364 tv,
1380 5303 1466 5357 18.
1545 5303 1590 5334 ³⁸
1616 5300 1775 5356 Num.
1801 5316 1914 5362 xvi.
1944 5299 2035 5354 45.

2087 3581 2324 3648 imagine
2356 3595 2464 3651 qua
2525 3581 2592 3635 de
2637 3579 2780 3648 Lege
2828 3580 2980 3634 venit
3031 3579 3098 3633 ad
3151 3578 3475 3649 Evangelia,
3514 3587 3566 3632 et
3598 3578 3657 3629 ad

2088 3671 2364 3728 carnalem
2409 3671 2708 3726 Salvatoris
2744 3672 3060 3735 adventum,
3112 3669 3424 3724 illuminato
3471 3684 3565 3738 per
3599 3669 3657 3721 li-

2089 3765 2212 3820 dem
2249 3765 2436 3820 cordis
2471 3764 2689 3828 intuitu,
2725 3763 2776 3817 in
2810 3763 3108 3817 secundum
3151 3761 3515 3816 nihilominus
3551 3759 3656 3826 glo-

2030 3862 2032 3864 ’
2088 3857 2184 3911 ria:
2217 3858 2508 3911 adventum
2553 3856 2726 3910 aciem
2783 3853 2981 3909 mentis
3030 3853 3300 3918 intendat,
3341 3862 3399 3907 et
3429 3867 3460 3905 a
3499 3851 3656 3922 gloria

2087 3949 2341 4019 praesenti
2389 3949 2455 4001 ad
2498 3947 2738 4002 futuram
2769 3961 2889 4016 quae
2929 3957 3181 4014 speratur
3209 3945 3445 4014 gloriam
3489 3956 3657 3999 trans-

2089 4040 2370 4096 formetur.
2419 4039 2570 4096 Unde
2619 4039 2856 4093 arbitror
2879 4052 2978 4092 nec
3008 4053 3164 4107 posse
3191 4037 3530 4107 quempiam,
3565 4050 3657 4089 nec

2089 4134 2287 4188 mereri
2325 4132 2521 4186 futurae
2556 4131 2702 4186 illius
2741 4131 2926 4201 gloriae
2966 4130 3080 4186 fieri
3107 4145 3387 4198 capacem,
3418 4129 3520 4183 nisi
3551 4127 3654 4195 jam

2087 4225 2216 4280 hinc
2259 4241 2414 4278 usum
2459 4235 2514 4279 et
2563 4223 2968 4279 meditationem
3018 4221 3316 4290 quamdam
3359 4220 3481 4289 ejus
3516 4220 3653 4273 acci-

2088 4319 2222 4388 piat,
2251 4317 2550 4372 secundum
2579 4319 2726 4387 quod
2749 4316 3039 4386 Apostolus
3066 4313 3197 4368 dicit
3238 4312 3306 4378 “,
3342 4313 3397 4367 in
3442 4310 3653 4383 speculo

2087 4424 2206 4464 eam
2242 4409 2356 4480 (52)
2387 4417 2444 4462 et
2479 4409 2531 4462 in
2575 4408 2863 4478 aenigmate
2931 4406 3264 4470 contuendo,
3321 4414 3381 4459 ut
3432 4420 3499 4459 ex
3560 4404 3654 4458 hac

2089 4499 2326 4570 imagine
2360 4500 2730 4555 meditationis
2764 4498 3022 4563 assiduas,
3053 4491 3217 4568 quam
3269 4499 3322 4553 in
3370 4514 3540 4554 carne
3567 4512 3653 4567 po-

2014 4597 2056 4653 D
2089 4592 2230 4647 situs
2266 4594 2332 4646 de
2355 4592 2542 4646 divina
2581 4593 2751 4663 gloria
2803 4593 2964 4664 gerit,
3007 4591 3255 4662 paratior
3291 4592 3361 4643 ad
3393 4587 3655 4660 capacita-

2088 4693 2195 4738 tem
2230 4697 2371 4738 νει-δε
2403 4684 2544 4739 illius
2577 4685 2761 4754 gloria:
2793 4701 2889 4754 per
2917 4685 3174 4740 virtutem
3205 4683 3386 4735 sancti
3429 4680 3655 4751 Spiritus

2083 4775 2466 4830 transferatur.

2155 4869 2209 4924 9.
2243 4885 2262 4918 ε
2298 4865 2415 4921 Νοη
2454 4867 2628 4921 solum
2656 4876 2860 4931 autem,
2891 4866 3000 4921 ‘sed
3033 4875 3090 4921 et
3122 4866 3430 4936 gloriamur
3477 4865 3528 4918 in
3564 4862 3655 4915 tri-

2081 4957 2476 5019 bulationibus,
2537 4947 2770 5010 scientes
2816 4956 2942 5026 quia
2995 4956 3273 5010 tribulatio
3340 4955 3652 5024 patientiam

2082 5062 2368 5120 operatur,
2423 5049 2683 5119 patientia
2742 5065 2874 5104 vero
2933 5048 3337 5118 probationem,
3415 5046 3656 5118 probatio

2081 5157 2212 5195 vero
2240 5157 2390 5211 spem
2416 5158 2431 5207 ;
2457 5157 2584 5211 Spes
2612 5149 2794 5195 autem
2821 5155 2926 5194 non
2950 5140 3250 5208 confundit,
3272 5143 3403 5210 quia
3425 5142 3655 5196 charitas

2117 5301 2158 5332 ³¹
2186 5299 2356 5354 Levit.
2389 5317 2439 5362 ι,
2473 5299 2575 5362 25;
2621 5299 2685 5353 lll
2715 5299 2843 5371 Reg.
2875 5316 2995 5371 vin,
3029 5300 3114 5354 ll.
3190 5301 3236 5332 ³¹
3275 5301 3315 5354 ll
3343 5302 3472 5357 Cor.
3504 5318 3582 5365 Ill,
3605 5301 3652 5354 7.

401 5369 447 5399 ³³
473 5368 646 5440 llotn._
673 5370 799 5440 νεὶ.
875 5369 920 5401 ⁸³
959 5371 1089 5440 Sap.
1121 5386 1216 5434 \‘II,
1243 5373 1346 5434 ‘26;
1377 5371 1540 5426 Hebr.
1578 5391 1618 5434 I,
1659 5373 1713 5427 5.
1791 5374 1836 5403 ³⁵
1875 5373 1976 5425 Mat

2111 5389 2139 5438 ν,
2162 5373 2216 5425 8.
2292 5371 2371 5423 ³⁸1
2402 5371 2530 5424 Cor.
2559 5386 2677 5433 xm,
2704 5368 2818 5424 νέξ
2868 5370 2912 5402 ³⁷
2940 5372 2981 5424 ιι
3009 5372 3134 5426 Cor.
3165 5387 3248 5437 tu,
3280 5373 3369 5428 18.
3445 5372 3651 5427 “Joan.

402 5453 441 5498 ι.
471 5439 556 5490 14.
632 5438 674 5469 ⁸³
704 5439 857 5492 Itoni.
895 5456 1013 5508 vui,
1039 5438 1130 5495 2i.
1211 5442 1254 5473 ⁸⁸
1287 5443 1419 5497 Luc.
1445 5459 1517 5504 ιχ,
1547 5445 1641 5497 26.
1718 5444 1759 5474 ὀι
1786 5444 1976 5498 Matth.

2118 5441 2240 5508 ,30.
2318 5444 2362 5472 "
2381 5440 2541 5495 Joan.
2565 5457 2605 5508 ι,
2629 5441 2718 5496 14.
2793 5441 2839 5473 "
2862 5442 2996 5501 ibid.
3017 5440 3108 5496 45.
3187 5441 3449 5500 “lltlor.
3470 5460 3548 5507 ut,
3575 5444 3653 5497 18.

402 5509 447 5538 ⁵⁵
471 5509 490 5561 ι
513 5508 635 5561 Cor.
661 5523 778 5568 χιιι,
801 5511 887 5562 l2.

479 5668 594 5740 (άρ)
630 5668 805 5740 Alias,
847 5691 867 5722 ι
894 5681 952 5726 ut
989 5683 1283 5740 maneant;
1308 5695 1326 5726 ι
1360 5674 1455 5738 al.,
1492 5694 1510 5727 ι
1538 5685 1590 5729 et
1624 5685 1864 5730 manent.
1891 5693 1910 5726 ι

475 5738 590 5816 (ῃ)
751 5757 913 5816 unus,
951 5761 969 5794 ι
1004 5744 1176 5814 Moysi
1209 5738 1572 5816 in‘mysterio,
1608 5767 1625 5798 ι

475 5747 564 5807 (Η
626 5747 724 5792 Ms.
755 5757 913 5806 unus,
951 5761 969 5794 ι
1004 5747 1176 5814 Moysi
1209 5747 1260 5796 in
1295 5748 1572 5816 mysterio.
1608 5767 1625 5798 ι

475 5747 590 5889 (tsi
623 5809 787 5890 Editi,
817 5829 836 5863 ι
866 5827 985 5890 quae
1003 5825 1282 5883 speratur.
1305 5815 1397 5868 illa
1423 5831 1553 5870 vero
1584 5816 1778 5887 gloria,
1812 5835 1828 5867 ι
1853 5824 1983 5880 etc.,

403 5885 623 5933 omissis
657 5885 1014 5935 intertnrdiis.

479 5949 592 6017 (i9)
626 5950 712 6006 Sc.
750 5951 906 6009 Deest
944 5956 995 6008 iu
1025 5953 1206 6008 editis.

2162 5673 2278 5745 (50)
2312 5673 2481 5738 Alias,
2523 5692 2542 5724 ‹
2574 5673 2674 5728 nisi
2712 5683 2767 5726 et
2795 5673 2846 5725 in
2889 5672 2977 5726 illa
3013 5673 3182 5744 gloria
3218 5689 3347 5742 qna:
3379 5688 3476 5744 per
3511 5672 3653 5742 Moy-

2091 5759 2275 5886 ελωίὲίι)
2302 5755 2481 5886 (iiii-35.
2524 5831 2542 5863 ί
2577 5813 2788 5880 Plenam
2813 5815 2936 5886 13L,
2968 5811 3149 5886 plena]
3184 5813 3310 5870 fidei
3362 5813 3652 5880 intelligen-

2090 5883 2174 5936 tia:
2191 5884 2616 5956 cotitetnpletur,
2649 5904 2666 5956 φ

2163 5954 2273 6026 (52)
2303 5953 2454 6006 Eum.
2492 5952 2547 6006 ln
2580 5952 2740 6009 editis
2763 5953 3056 6009 omittitur.
