3768 6546
65 425 143 482 997
981 425 1342 488 COMMENT.
1374 427 1441 485 IN
1468 425 1686 486 EPIST.
1726 423 1817 480 AD
1857 425 2023 481 ROM.
2063 428 2187 481 ΗΒ,
2226 431 2313 481 ιν.

3139 421 3154 442 ⁸
3177 435 3282 490 tuis

64 547 105 600 in
129 543 199 599 his
227 544 494 602 omnibus
530 545 824 601 lribulatur
842 584 860 613 ,
891 559 1044 605 recte
1083 551 1138 605 in
1173 553 1615 608 tribulationibus
1642 553 1691 612 Α
1718 548 1898 618 impiis
1917 557 2161 604 ῐηοηιιιιε
2183 558 2285 604 θεῐο
2317 547 2468 619 Ιιηρῐί
2495 564 2725 621 namque
2745 566 2963 606 eramus
2988 535 3276 624 antequam

64 641 153 695 suis
181 638 454 709 gloriatur
489 657 506 696 :
539 655 604 694 ex
636 641 831 710 quibus
867 641 985 696 sine
1022 643 1187 698 dubio
1229 646 1468 701 nascitur
1507 661 1605 717 pa-

65 732 237 791 tientia,
263 745 390 800 qua:
418 732 716 802 probabilis
733 731 922 788 effecta
945 735 1122 802 pariat
1138 751 1311 806 spem,
1341 751 1461 806 quae
1480 754 1605 794 eum

62 823 275 879 charitati
309 825 614 894 conjuncta
653 824 884 893 Spiritui
925 837 1118 883 sancto
1163 829 1442 885 consociet
1467 832 1604 901 (67).

62 917 182 980 Quod
209 923 394 970 autem
425 916 591 983 dixit,
626 936 645 969 ‹
675 917 928 973 Charitas
958 917 1051 972 Dei
1078 919 1269 975 diffusa
1300 930 1387 976 est
1414 921 1466 976 in
1493 938 1608 978 cor-

63 1009 186 1061 dibus
217 1007 466 1075 nostris,
512 1027 531 1060 »
570 1007 883 1080 diligentius
926 1011 1378 1066 considerandum
1435 1025 1516 1069 est
1552 1015 1605 1068 in

60 1114 253 1170 quorum
277 1100 548 1155 cordibus
575 1100 668 1155 Dei
695 1101 937 1156 cbaritas
960 1099 1314 1156 diffundatur.
1341 1103 1452 1174 Ego
1479 1116 1606 1175 puto

62 1191 245 1260 quodin
277 1191 502 1246 illorum
526 1193 616 1261 qui
638 1192 748 1261 jam
777 1207 888 1247 non
918 1193 1124 1248 habent
1155 1212 1174 1244 ι
1216 1195 1465 1264 spiritum
1489 1211 1607 1251 ser-

61 1285 218 1338 vitutis
245 1284 455 1339 iterum
487 1286 542 1339 in
570 1285 767 1340 timore
801 1287 872 1351 “,
915 1306 934 1340 ι
977 1288 1072 1341 sed
1099 1297 1152 1340 et
1174 1287 1390 1342 illorum
1419 1288 1471 1343 in
1489 1289 1606 1357 qui-

64 1378 140 1429 bus
173 1393 192 1427 ς
232 1375 485 1446 perfecta
530 1377 773 1432 cbaritas
808 1377 954 1432 foras
999 1379 1165 1433 mittit
1196 1380 1442 1435 timorem
1472 1381 1538 1444 ⁶²,
1583 1397 1602 1433 ι

61 1475 103 1518 (ιι
128 1465 309 1534 quibus
349 1465 586 1534 spiritus
623 1482 641 1515 ι
678 1465 990 1534 adoptionis
1045 1483 1064 1516 ι
1103 1466 1260 1520 datur
1286 1465 1377 1534 qui
1411 1464 1608 1521 clamet

59 1556 103 1610 iu
125 1557 366 1610 cordibus
387 1571 603 1621 eorum,
637 1574 656 1608 ι
697 1556 845 1612 Abba
875 1567 1032 1626 pater
1062 1556 1128 1611 ⁸³.
1163 1575 1181 1608 ι
1216 1556 1331 1611 Νοη
1356 1567 1440 1612 est
1477 1571 1604 1626 ergo

59 1647 401 1717 cujuscunque
448 1648 688 1704 hominis
730 1649 834 1703 nisi
875 1648 1136 1718 perfecti,
1180 1658 1235 1703 et
1267 1647 1391 1703 talis
1433 1649 1606 1717 qualis

59 1751 152 1795 erat
179 1741 396 1806 Paulus,
425 1742 481 1796 in
514 1739 669 1808 cujus
700 1741 867 1795 corde
889 1740 1220 1796 diffundatur
1247 1739 1489 1796 cbaritas
1509 1740 1603 1795 Dei

63 1849 80 1882 ί
108 1845 188 1900 per
215 1831 485 1900 Spiritum
530 1841 802 1886 sanctum.
835 1850 855 1884 ι
891 1830 1056 1904 540
1084 1831 1188 1886 Sed
1221 1840 1275 1887 et
1313 1831 1444 1887 illud
1473 1832 1602 1886 mihi

59 1921 495 1976 considerandum
555 1922 806 1989 videtur,
848 1932 1107 1978 utrumne
1155 1923 1244 1978 hic
1285 1925 1606 1980 charitatem

61 2014 180 2067 illam
204 2014 349 2068 dicat
384 2029 498 2080 qua
538 2029 637 2068 nos
659 2015 938 2085 diligimus
973 2015 1171 2083 Deum,
1214 2031 1280 2070 an
1323 2016 1469 2072 illam
1499 2033 1607 2088 qua

60 2105 298 2174 diligimur
318 2121 348 2158 a
373 2105 511 2172 Deo,
535 2105 790 2161 diffusam
810 2121 930 2162 esse
953 2121 1051 2177 per
1075 2107 1336 2176 Spiritum
1360 2119 1605 2166 sanctum

62 2195 104 2248 in
131 2196 375 2252 cordibus
403 2199 632 2252 nostris.
676 2198 742 2253 Et
781 2198 828 2253 si
860 2197 1080 2268 quidem
1118 2198 1206 2253 illa
1232 2199 1472 2256 cbaritas
1500 2217 1605 2271 qna

67 2291 204 2345 Deum
241 2291 529 2360 diligimus
564 2291 920 2362 intelligatur,
955 2306 1137 2346 sermo
1169 2292 1272 2348 iste
1304 2293 1606 2349 assertione

63 2398 144 2437 non
181 2383 382 2453 indiget
414 2401 429 2438 :
459 2383 510 2438 si
554 2398 684 2438 vero
719 2384 846 2454 quia
884 2383 1024 2438 dixit
1068 2383 1296 2440 effusam
1350 2400 1472 2442 esse
1511 2385 1608 2441 Dei

62 2475 350 2530 charitatem
387 2476 443 2530 in
474 2475 734 2532 cordibus
765 2476 973 2532 nostris
1003 2476 1069 2543 ⁸⁸,
1097 2477 1200 2531 ista
1235 2477 1414 2547 potius
1447 2478 1608 2534 intel-

64 2563 236 2630 ligenda
284 2565 360 2619 sit
409 2581 519 2635 qua
557 2564 885 2634 diligimura
919 2565 1052 2630 Deo,
1097 2575 1308 2620 certum
1344 2573 1428 2621 est
1462 2567 1608 2635 quod

61 2659 181 2713 velut
206 2675 484 2714 summum
514 2668 570 2714 et
596 2660 890 2713 maximum
929 2659 1128 2713 donum
1160 2660 1334 2714 sancti
1370 2659 1608 2730 Spiritus

61 2750 344 2806 charitatem
376 2760 574 2820 ponat,
605 2765 716 2820 quo
742 2751 889 2806 velut
917 2765 1142 2806 munere
1179 2751 1295 2821 (68)
1332 2751 1484 2821 prius
1516 2765 1610 2805 su-

61 2851 214 2910 scepto
249 2857 280 2897 a
328 2843 472 2910 Deo,
519 2857 621 2912 per
672 2843 777 2897 hoc
833 2844 1006 2913 ipsum
1063 2843 1290 2914 diligere
1338 2842 1608 2912 possimus

64 2930 230 2998 Deum,
259 2935 409 3005 quod
464 2934 749 3003 diligimur
788 2950 818 2988 a
854 2933 986 2988 Deo.
1009 2933 1145 2988 Nam
1179 2943 1233 2987 et
1263 2933 1376 3004 ipse
1404 2933 1608 2988 Paulus

61 3023 565 3096 nominatspiritnm
593 3026 880 3080 charitatis
907 3027 974 3085 “,
1004 3035 1061 3079 et
1092 3025 1231 3080 Deus
1251 3025 1490 3080 cbaritas
1522 3025 1607 3079 di-

60 3114 170 3168 citur
193 3117 256 3182 “,
297 3125 354 3171 et
390 3117 655 3171 Christus
696 3117 839 3172 ﬁlius
869 3117 1162 3172 cbaritatis
1197 3116 1502 3186 appellatur
1538 3117 1605 3174 ".

59 3203 179 3269 Quod
205 3208 248 3262 si
267 3219 324 3262 et
359 3209 920 3278 spirituscbaritatis,
952 3217 1008 3261 et
1041 3208 1184 3263 ﬁlius
1219 3208 1523 3274 cbaritatis,
1551 3218 1606 3262 et

59 3294 172 3350 Deus
210 3300 460 3354 cbaritas
492 3299 610 3366 (69)
656 3299 950 3362 invenitur,
987 3309 1199 3353 certum
1241 3309 1326 3355 est
1359 3300 1502 3369 quod
1537 3315 1604 3354 ex

59 3400 142 3442 uno
171 3389 416 3446 Paterna:
459 3391 696 3447 Deitatis
741 3390 891 3447 fonte
925 3403 981 3447 et
1015 3391 1188 3446 Filius
1221 3391 1608 3462 intelligendus

58 3489 135 3541 est,
168 3493 217 3536 et
244 3483 492 3553 Spiritus
529 3492 775 3548 sanctus,
807 3497 873 3537 ex
899 3483 1054 3552 cujus
1082 3482 1416 3536 abundantia
1440 3482 1605 3536 etiam

58 3583 333 3629 sanctorum
367 3576 638 3632 cordibus
667 3575 734 3629 ad
775 3575 1246 3646 participationem
1285 3575 1605 3644 capiendam

57 3664 216 3720 divinae
257 3676 476 3722 naturae
502 3706 519 3732 ,
568 3669 714 3722 sicut
755 3665 950 3722 Petrus
983 3665 1256 3738 apostolus
1286 3665 1505 3720 edocuit
1536 3666 1605 3733 ⁸⁸,

59 3755 350 3815 abundantia
373 3761 672 3815 charitatis
695 3758 997 3814 infunditur
1019 3775 1035 3814 :
1063 3767 1122 3811 ut
1143 3773 1239 3827 per
1264 3759 1404 3813 istud
1431 3758 1607 3812 sancti

60 3847 258 3918 Spiritus
276 3855 488 3909 donum
521 3857 862 3924 compleatur
893 3852 985 3908 ille
1016 3867 1197 3908 sermo
1223 3868 1384 3923 quem
1419 3853 1606 3906 Domi-

59 3956 136 3996 nus
157 3944 322 4000 dicit:
363 3965 386 3999 ε
433 3945 598 4001 Sicut
642 3955 699 4000 tu
729 3944 890 4001 Pater
920 3945 974 3999 in
1001 3961 1109 4009 me,
1142 3956 1198 3998 et
1217 3959 1316 4014 ego
1344 3945 1397 3998 in
1436 3953 1510 4010 te,
1551 3952 1609 3998 et

57 4031 121 4086 isti
144 4035 190 4088 in
221 4039 378 4093 nobis
408 4053 584 4093 unum
613 4038 724 4092 sint
743 4037 791 4068 “
820 4054 835 4091 :
881 4054 900 4088 »
936 4035 1135 4091 divinae
1159 4035 1384 4089 scilicet
1401 4044 1607 4089 natura:

56 4127 310 4198 participes
337 4129 563 4195 etl'ecti,
594 4129 648 4183 in
679 4127 1011 4183 abundantia
1044 4126 1328 4182 cbaritatis
1354 4140 1450 4196 per
1484 4125 1606 4196 Spi-

59 4215 188 4271 ritum
209 4230 463 4274 sanctnm
497 4219 846 4274 ministratte.

109 4308 184 4362 l0.
227 4329 248 4362 ι
287 4311 493 4366 Adhuc
544 4311 693 4366 enim
737 4309 1022 4373 Christus,
1061 4324 1184 4364 eum
1231 4323 1472 4365 essemus
1525 4310 1607 4364 in-

57 4399 164 4455 ﬁrmi
204 4404 340 4476 (70),
397 4405 707 4460 secundum
747 4410 962 4472 tempus
998 4417 1098 4472 pro
1137 4403 1318 4470 impiis
1361 4411 1608 4458 mortuus

55 4500 130 4546 est.
152 4493 242 4549 Vix
263 4497 412 4551 enim
437 4510 544 4566 pro
567 4495 718 4565 justo
746 4494 870 4562 quis
894 4495 1144 4548 moritur.
1179 4492 1314 4548 Nam
1341 4505 1438 4561 pro
1463 4494 1606 4547 bono

1714 653 2154 699 converteremur
2198 644 2264 698 ad
2302 642 2494 708 Deum,
2536 654 2590 699 et
2619 643 2871 699 Christus
2904 647 3091 714 utique
3129 664 3278 700 inor-

1715 744 1821 790 tem
1852 749 1950 804 pro
1972 735 2126 790 nobis
2148 745 2444 803 antequam
2470 736 2816 791 crederemus
2841 739 3058 806 excepit
3091 756 3106 791 :
3135 739 3278 807 quod

1713 828 1901 896 procul
1923 827 2086 883 dubio
2122 844 2228 882 non
2254 828 2495 893 fecisset,
2525 829 2625 882 nisi
2659 829 2884 883 nimiam
2908 845 3036 897 erga
3063 845 3159 885 nos
3185 831 3281 884 ha-

1713 918 1916 974 buisset
1959 930 2013 974 et
2069 918 2592 974 abundantissimam
2656 920 2979 974 charitatem
3033 920 3120 974 vel
3169 921 3282 990 ipse

1715 1010 1973 1066 Dominus
2019 1021 2208 1067 noster
2250 1009 2408 1066 Jesus
2444 1011 2692 1066 Christus
2721 1012 3002 1066 moriendo
3042 1026 3140 1080 pro
3183 1013 3281 1065 im-

1712 1103 1840 1174 piis,
1864 1104 1948 1158 vel
1969 1103 2108 1158 Deus
2125 1104 2284 1159 Pater
2309 1103 2657 1173 Unigenitum
2689 1119 2845 1157 suum
2873 1118 2970 1173 pro
2987 1103 3276 1170 impiorum

1716 1196 2087 1266 redemptione
2118 1196 2400 1250 tradendo.
2448 1195 2582 1250 Cum
2623 1196 2766 1250 enim
2808 1196 2896 1248 vix
2941 1195 3139 1263 aliquis
3183 1210 3283 1263 pro

1712 1285 1862 1356 justo
1893 1287 2180 1350 moriatur,
2207 1293 2260 1338 et
2279 1284 2482 1338 dubitet
2503 1285 2874 1352 unusquisque
2901 1294 3125 1338 mortem
3152 1286 3282 1340 enli-

1715 1379 1816 1446 ire,
1843 1378 2005 1434 etiam
2032 1378 2076 1433 si
2108 1377 2299 1432 mortis
2324 1377 2467 1444 justa
2501 1378 2574 1432 sit
2600 1392 2787 1440 causa,
2807 1387 3039 1446 quantus
3068 1386 3152 1432 est
3169 1378 3278 1438 hic.

1714 1475 1768 1523 et
1790 1467 2028 1522 cbaritas
2053 1466 2168 1536 ejus
2200 1481 2327 1536 erga
2359 1481 2455 1521 nos
2483 1477 2682 1536 quanta
2721 1470 2990 1536 pensanda
3039 1478 3152 1530 est,
3186 1467 3278 1537 qni

1714 1559 2007 1614 secundum
2037 1557 2166 1612 illud
2212 1566 2424 1629 tempus
2461 1573 2570 1628 quo
2594 1573 2784 1627 passus
2822 1569 2939 1623 est,
2980 1575 3079 1629 pro
3100 1561 3282 1628 impiis

1714 1660 1770 1707 et
1799 1650 2012 1719 injustis
2040 1660 2268 1706 mortem
2304 1651 2510 1720 perpeti
2549 1665 2654 1706 non
2689 1651 3004 1721 relugit?ln
3027 1667 3136 1721 quo
3169 1653 3283 1706 uti-

1713 1759 1818 1815 qne
1861 1761 2084 1801 summa:
2139 1744 2524 1802 illiusdivinaa
2563 1745 2824 1800 bonitatis
2870 1743 3126 1799 indicium
3172 1756 3280 1800 est.

1716 1836 1830 1891 Nisi
1865 1837 2010 1892 enim
2045 1846 2194 1894 esset
2234 1837 2324 1892 hic
2361 1852 2428 1892 ex
2471 1837 2561 1890 illa
2607 1836 2829 1891 veniens
2859 1836 3191 1902 substantia,
3226 1846 3286 1890 et

1643 1909 1686 1969 Β
1716 1927 1858 1981 illius
1893 1927 2074 1982 Patris
2099 1927 2290 1989 Filius,
2324 1927 2389 1981 de
2415 1942 2522 1996 quo
2552 1926 2757 1980 dictum
2776 1935 2877 1984 est.
2906 1926 3034 1993 quia
3073 1943 3092 1976 ε
3123 1939 3284 1980 nemo

1710 2019 1906 2082 bonus,
1961 2018 2063 2072 nisi
2113 2033 2251 2072 unus
2288 2018 2430 2072 Deus
2471 2017 2631 2072 Pater
2659 2017 2728 2079 ",
2786 2035 2804 2067 ι
2841 2026 3044 2070 tantam
3095 2017 3282 2086 ntiqne

1710 2123 1836 2179 erga
1864 2123 1962 2163 nos
1998 2108 2293 2163 bonitatem
2337 2124 2443 2163 non
2486 2107 2751 2177 potuisset
2784 2107 3092 2161 ostendere.
3127 2107 3281 2163 Unde

1711 2201 1838 2270 quia
1865 2215 1932 2255 ex
1979 2201 2088 2255 hoc
2127 2209 2290 2254 tanta:
2335 2199 2596 2254 bonitatis
2643 2199 2846 2253 indicio
2883 2199 2997 2269 ipse
3025 2213 3144 2253 esse
3186 2199 3280 2252 hic

1711 2293 2024 2362 agnoscitur
2067 2293 2271 2356 bonus,
2311 2307 2411 2362 pro
2453 2292 2558 2347 hoe
2605 2292 2747 2347 bono
2787 2291 3016 2346 forsitan
3064 2291 3188 2360 quis
3223 2301 3282 2346 et

1711 2385 1910 2440 audeat
1955 2383 2114 2438 mori.
2164 2382 2300 2439 Cum
2344 2383 2490 2438 enim
2540 2382 2858 2452 cognoverit
2913 2384 3284 2452 unusquisque

1713 2487 1916 2531 tantam
1944 2491 2070 2547 erga
2122 2491 2182 2532 se
2226 2476 2522 2531 bonitatem
2574 2475 2804 2540 Christi,
2849 2475 3284 2542 charitatemqne

1710 2569 1830 2638 ejus
1867 2568 2118 2624 habuerit
2160 2569 2214 2624 in
2259 2568 2424 2623 corde
2467 2567 2751 2632 diffusam,
2790 2583 2894 2621 non
2937 2567 3110 2620 solum
3142 2565 3281 2618 mori

1712 2674 1810 2728 pro
1854 2659 1956 2713 hoc
1989 2659 2164 2722 bono,
2216 2659 2312 2713 sed
2351 2667 2408 2712 et
2437 2657 2697 2712 audacter
2738 2657 2877 2712 mori
2921 2657 3280 2720 (lesiderabit.

1712 2749 1866 2817 Quod
1897 2749 2057 2804 rebus
2077 2749 2207 2819 ipsis
2229 2757 2283 2803 et
2317 2748 2574 2818 cperibus
2600 2763 2742 2817 saepe
2772 2748 3019 2821 videmus
3040 2746 3280 2814 impleri,

1711 2856 1832 2895 cum
1865 2841 1918 2896 hi
1954 2841 2007 2895 in
2045 2855 2271 2910 quorum
2300 2841 2558 2894 cordibus
2586 2840 2934 2894 abundanter
2968 2839 3164 2894 diﬂ'usa
3195 2849 3282 2894 est

1711 2932 1948 2986 cbaritas
1975 2931 2201 2996 Christi,
2226 2939 2420 3000 sponte
2452 2930 2616 2984 etiam
2641 2939 2694 2982 et
2720 2943 2843 2982 cum
2868 2928 3017 2981 omni
3049 2927 3272 2980 audacia

1711 3023 2032 3092 semetipsos
2061 3023 2506 3090 persecutoribus
2526 3019 2786 3087 oii‘erunt,
2810 3029 2866 3074 et
2887 3015 3082 3074 nomen
3117 3017 3279 3074 Chri-

1711 3115 1805 3175 sti.
1840 3114 2094 3168 audiente
2125 3116 2362 3179 mundo,
2407 3127 2592 3168 coram
2636 3111 2845 3182 angelis
2871 3119 2926 3165 et
2966 3110 3284 3165 hominibus

1711 3206 2068 3270 confitentur,
2119 3213 2178 3260 ut
2218 3221 2326 3260 non
2376 3205 2551 3260 solum
2584 3203 2695 3274 ('72)
2736 3202 2990 3272 injuriam
3028 3200 3137 3270 pati
3180 3215 3279 3269 pro

1711 3295 1932 3350 nomine
1970 3295 2109 3364 ejus,
2145 3295 2241 3350 sed
2289 3305 2344 3349 et
2385 3304 2615 3349 mortem
2651 3308 2750 3364 pro
2779 3294 2884 3347 hoc
2909 3293 3052 3346 bono
3092 3289 3278 3344 subire

1709 3389 1973 3451 audeant,
2016 3402 2180 3458 quam
2219 3386 2309 3441 vix
2339 3385 2450 3460 (73)
2484 3385 2752 3457 projnslo
2782 3383 2907 3454 quis
2932 3383 3152 3451 perfert.
3187 3381 3282 3434 Est

1710 3481 1855 3534 enim
1892 3495 2045 3534 amor
2084 3479 2207 3533 vita:
2245 3477 2406 3547 hujus
2447 3487 2652 3542 tantus,
2687 3485 2744 3530 nt
2785 3477 2948 3530 etiam
2988 3488 3109 3527 cum
3137 3472 3281 3540 insta

1708 3586 1872 3626 causa
1901 3569 2094 3624 mortis
2110 3569 2412 3633 advenerit,
2431 3570 2521 3622 vix
2548 3567 2919 3635 unusquisque
2937 3572 3163 3618 mortem
3185 3579 3286 3632 pa-

1712 3664 1910 3718 tienter
1930 3661 2184 3730 accipiat.
2210 3659 2362 3714 Justa
2394 3668 2576 3714 autem
2611 3672 2774 3712 causa
2819 3656 3013 3711 mortis
3043 3655 3282 3720 videtur,

1709 3769 1832 3808 cum
1875 3761 2083 3806 natura:
2120 3751 2234 3820 lege
2265 3750 2512 3805 defertur
2547 3767 2561 3802 :
2598 3758 2652 3802 et
2689 3747 2938 3816 quamvis
2969 3745 3175 3814 justum
3209 3745 3286 3801 sit

1706 3844 2017 3900 conditione
2040 3842 2408 3906 mortalitatis,
2439 3842 2530 3894 vix
2561 3848 2751 3894 tamen‘
2775 3838 3121 3908 amplectitur
3155 3838 3280 3890 ani-

1708 3951 1829 3992 mus
1851 3935 1965 4005 (74)
1992 3943 2201 3988 natura:
2227 3931 2433 4001 legibus
2464 3933 2677 3986 cedere.
2715 3946 2735 3981 ε
2773 3928 2881 3983 Vix
2913 3941 3045 3995 ergo
3071 3940 3170 3994 pro
3192 3925 3285 3991 ju-

1707 4037 1792 4082 sto
1818 4025 1942 4094 quis
1977 4023 2206 4078 moritur
2236 4021 2305 4074 ".
2331 4039 2350 4072 ι
2375 4021 2510 4079 Nam
2527 4017 2954 4094 probonoaudet
2983 4015 3108 4084 quis
3140 4013 3281 4069 mori

1707 4129 1760 4174 et
1789 4120 2047 4172 audacter
2069 4113 2374 4178 occumbit,
2404 4114 2675 4182 praecipue
2712 4110 2758 4164 si
2802 4107 3112 4172 intellexit,
3150 4105 3279 4175 quia

1707 4226 1830 4267 cum
1862 4211 2039 4264 adhuc
2083 4207 2380 4263 secundum
2416 4213 2626 4273 tempus
2657 4202 2802 4272 impii
2831 4214 3076 4257 essemus
3109 4206 3164 4253 et
3196 4197 3282 4252 iu-

1707 4303 1875 4369 iirmi,
1903 4304 2014 4372 ipse
2040 4299 2189 4369 prior
2217 4313 2315 4368 pro
2332 4295 2487 4352 nobis
2511 4305 2758 4350 mortuus
2781 4306 2885 4348 est.
2909 4291 2975 4346 Et
2999 4289 3276 4360 quomodo

1707 4411 1816 4449 non
1857 4397 1947 4463 qui
1978 4393 2092 4448 haec
2122 4393 2225 4448 sibi
2251 4391 2320 4445 ab
2355 4389 2446 4444 illo
2481 4389 2722 4458 praestita
2752 4387 2903 4457 prius
2925 4399 3046 4440 esse
3077 4397 3280 4450 cogno-

1708 4487 1833 4550 scit,
1865 4493 2095 4540 mortem
2134 4497 2298 4552 quam
2344 4480 2434 4536 ille
2469 4479 2628 4535 malis
2679 4476 2975 4547 impendit,
3011 4472 3100 4527 hic
3137 4472 3281 4526 bono

56 4579 244 4641 forsitan
284 4589 413 4660 quis
441 4563 661 4641 audeat
706 4587 843 4640 mori
866 4585 936 4638 ⁷ο.
979 4603 998 4636 ι
1028 4583 1248 4640 Plenius
1283 4585 1472 4640 volens
1497 4582 1610 4636 vir-
1638 4594 1684 4649 Ι)
1717 4575 2210 4644 reddat?Arguitur
2230 4581 2410 4628 autem
2451 4571 2666 4625 illorn’m
2689 4583 2864 4632 error,
2895 4565 2983 4634 qui
3019 4565 3162 4617 hunc
3197 4563 3275 4660 lo:

56 4684 166 4732 uites
189 4681 484 4736 charitatis
521 4680 818 4736 ostendere
854 4693 1014 4746 quam
1047 4677 1296 4733 diffusam
1335 4678 1387 4732 in
1421 4676 1603 4730 cordi-

53 4767 127 4824 bus
154 4777 350 4832 nostris
391 4776 620 4830 dixerat
666 4787 762 4843 per
797 4772 1061 4839 Spiritum
1101 4780 1374 4835 sanctum,
1408 4770 1607 4839 quibus

51 4855 127 4912 hoc
170 4869 342 4923 causis
405 4868 718 4940 intelligere
764 4869 1092 4925 deberemus
1143 4869 1426 4940 exposuit,
1475 4867 1609 4923 edo-

1710 4687 1832 4729 cum
1890 4671 1962 4725 ita
2016 4667 2130 4740 (75)
2185 4667 2651 4734 interpretandum
2702 4668 2979 4732 putarunt,
3027 4666 3088 4711 ut
3134 4653 3279 4724 quod

1711 4762 1874 4827 dixit,
1904 4779 1924 4813 ι
1963 4758 2060 4812 Vix
2085 4758 2226 4812 enim
2257 4773 2357 4826 pro
2379 4758 2528 4823 justo
2553 4753 2675 4824 quis
2704 4753 2953 4813 moritur,
3010 4765 3029 4799 ›
3073 4748 3140 4800 de
3172 4746 3280 4798 Dm

1713 4855 1869 4926 legis,
1900 4867 2060 4923 quem
2083 4853 2310 4922 justum,
2336 4864 2444 4904 non
2471 4847 2636 4903 etiam
2667 4845 2870 4900 bonum
2893 4843 3103 4903 dicunt,
3122 4838 3281 4892 intel-

50 4963 148 5005 Cens
180 4973 274 5014 nos
311 4961 430 5032 (71)
474 4930 626 5031 (ιιιοᾶ
659 4961 912 5018 Christus
946 4977 1059 5018 non
1095 4979 1196 5034 pro
1212 4930 1357 5035 Tpiis,
1386 4930 1483 5018 sed
1508 4977 1612 5034 pro
1712 4948 1804 5019 ligi
1850 4947 2050 5002 debere
2107 4941 2465 5008 confirment;
2501 4940 2699 4993 bonum
2752 4942 2931 4989 autem
2976 4930 3276 4992 Christum,

106 5083 140 5116 “
174 5087 323 5142 Rom.
375 5086 636 5150 vm,15.
711 5084 991 5140 "lJoan.
1041 5100 1116 5151 ιν,
1173 5083 1259 5140 18.
1335 5085 1381 5117 ⁸³
1418 5084 1572 5138 Boni.

1761 5081 1850 5136 15.
1926 5075 2331 5151 “Bomivl5.
2409 5074 2454 5105 “
2499 5068 2921 5151 Reianvtﬁp:
2998 5064 3274 5151 “lJoan.

56 5167 110 5212 ιν.
146 5156 194 5210 8.
264 5159 307 5190 ⁸⁷
342 5160 565 5214 Coloss.
621 5173 662 5222 ι,
729 5157 816 5210 15.

56 5222 88 5253 "
129 5224 269 5281 Rom.
314 5244 366 5292 v,
420 5230 478 5282 7.

58 5380 67 5390 _
109 5315 202 5387 (67)
229 5321 318 5374 Sic
340 5336 518 5384 inss.;
547 5317 680 5390 editi
699 5331 848 5382 vero,
873 5335 892 5367 ‹
913 5331 1179 5390 quaecum
1203 5314 1457 5370 charitati
1475 5329 1607 5370 con-

54 5387 200 5460 iuncta
231 5391 321 5454 sit,
358 5389 597 5460 Spiritui
621 5397 812 5460 sancto
839 5387 1204 5441 consocietnr.
1248 5404 1268 5438 ι

109 5456 201 5528 (68)
232 5456 457 5528 ΑΙίιιεξε
509 5459 654 5526 quod
695 5457 841 5528 velut
872 5470 1118 5520 munere,
1158 5476 1177 5510 ι
1210 5465 1320 5514 etc.

108 5525 202 5596 (69)
240 5525 675 5585 Deus'charitas.
715 5525 842 5580 Haec
871 5528 1066 5580 desunt
1090 5528 1142 5580 in
1169 5528 1405 5580 editione
1431 5525 1603 5580 Gene-

59 5590 223 5651 brardi.
251 5601 449 5654 Cameri
474 5613 608 5653 vero
640 5598 792 5659 editi,
829 5613 850 5646 α
875 5604 929 5648 et
959 5597 1098 5650 Deus
1128 5596 1430 5652 eharitatis.
1470 5615 1489 5648 ι

112 5665 203 5739 (illi)
241 5667 329 5725 Sic
364 5686 505 5724 mss.
550 5667 746 5739 nostri.
780 5666 923 5719 Editi
962 5680 1092 5739 vero
1109 5691 1129 5732 ,-
1156 5685 1184 5739 At
1226 5666 1426 5734 thnid
1454 5667 1597 5720 enim

63 5729 286 5806 Christus,
310 5757 437 5793 cum
474 5738 656 5793 adhuc
694 5751 940 5790 essemus
967 5729 1190 5803 intirmi,
1229 5755 1248 5787 ι
1282 5729 1386 5790 cie.

115 5806 203 5874 (η)
241 5807 405 5871 Editi,
451 5827 472 5861 ι
504 5811 770 5862 debemus
791 5806 1060 5874 exposuit.
1087 5807 1392 5861 Edocemnr
1416 5819 1537 5864 nos.
1577 5823 1594 5854 ι

67 5879 147 5925 etc.
168 5872 252 5930 Ms.
280 5897 420 5936 unus
453 5878 670 5941 itidem,
715 5895 733 5928 ι
773 5872 1063 5934 edocemur
1091 5892 1209 5935 nos.
1253 5894 1272 5928 ι
1313 5875 1597 5946 Babauus,

909 5157 954 5187 ⁸⁸
987 5155 1030 5209 ll
1083 5158 1228 5210 l’etr.
1287 5173 1326 5223 ι,
1375 5153 1431 5208 4.

1523 5154 1566 5185 ⁸³
1590 5153 1747 5210 Joan.
1802 5166 1936 5216 xvu,
1985 5149 2078 5202 21.

2151 5147 2198 5179 ⁷⁸
2227 5137 2385 5199 item.
2447 5158 2503 5208 v,
2548 5141 2603 5205 6,
2649 5140 2702 5193 7.
2777 5140 2822 5172 “
2863 5137 3030 5192 Mare.
3082 5152 3140 5202 x,
3187 5141 3277 5190 tt’.

1715 5331 1739 5366 α
1783 5322 1838 5368 et
1870 5311 2032 5367 docet
2079 5325 2199 5373 nos,
2254 5325 2274 5359 ι
2325 5307 2420 5363 sed
2455 5303 2637 5360 caeteri
2694 5316 2827 5356 mss.
2873 5309 2931 5354 ut
2976 5299 3029 5352 in
3087 5308 3277 5352 nostro

1712 5393 1883 5441 textu.

1779 5451 1894 5525 (72)
1927 5450 2102 5525 Alias,
2136 5468 2156 5501 ί
2193 5457 2249 5502 et
2269 5462 2385 5525 _non
2416 5445 2670 5524 solum.)

1803 5508 1892 5584 75)
1924 5508 2099 5581 Alias,
2125 5537 2143 5570 ι
2178 5519 2395 5580 audent,
2425 5513 2704 5584 quamvis,
2735 5529 2756 5563 ι
2794 5508 2956 5584 male.

1804 5581 1893 5661 74)
1935 5593 2026 5645 Sic
2083 5603 2276 5661 omnes
2345 5581 2478 5661 mss.
2541 5583 2734 5637 nostri.
2801 5581 3056 5661 Rabanus
3119 5592 3273 5660 vero,

1711 5683 1730 5716 ε
1768 5652 2014 5718 conditio
2044 5657 2388 5714 mortalitatis
2429 5656 2519 5708 vix
2561 5663 2739 5706 tamen
2777 5652 3120 5715 amplectitur
3152 5652 3274 5702 ani-

1705 5750 1876 5791 nium.
1912 5742 2052 5784 tete.
2093 5729 2260 5789 Editi,
2295 5723 2801 5798 «cond_itio_ni,_tpro
2828 5741 2845 5772 ι
2877 5720 3206 5798 conditione.
3254 5736 3271 5766 ι

1778 5801 1893 5873 (75)
1933 5799 2040 5855 Ita.
2074 5799 2427 5855 Desideratur
2457 5796 2512 5851 in
2538 5794 2696 5850 libris
2721 5799 2875 5846 antea
2899 5792 3082 5845 editis.
