3768 6550
492 379 598 434 999

1963 381 2290 440 ORIGENIS

3607 391 3724 448 1000

491 503 752 567 tanquam
795 500 920 555 boni
947 500 1126 557 Patris
1154 501 1374 566 Filium,
1423 515 1761 560 asseverent.
1804 504 1909 561 Sed
1939 507 2065 576 quid
2097 505 2141 560 A
2169 502 2376 562 idcirco
2404 500 2465 556 ﬁt
2512 502 2659 573 (8|),
2707 504 2851 576 quod
2897 504 3270 576 relinquentes
3314 508 3490 564 Deum
3540 521 3724 580 patrum

439 590 446 609 ‘
492 597 673 654 agent,
700 590 827 658 quia
860 590 1165 649 invenimus
1201 605 1258 649 et
1287 597 1339 650 in
1370 595 1487 667 lege
1517 609 1786 665 martyres
1818 600 2062 657 multos?

491 678 700 751 Legant
723 683 1153 741 Machabmorum
1187 688 1382 754 libros,
1413 690 1506 745 ubi
1529 706 1654 746 cum
1684 694 1832 747 omni
1854 694 2066 748 instan-

493 771 571 824 tia
610 775 766 828 heata
815 787 992 830 mater
1027 793 1151 832 cum
1206 789 1412 848 septem
1457 779 1580 838 ﬁliis
1609 784 1928 854 martyrium
1972 800 2064 839 su-

489 864 654 932 scipit
694 866 763 930 ⁷³,
813 869 1018 938 quique
1067 885 1172 925 non
1210 872 1383 927 solum
1433 875 1753 946 martyrium
1797 879 2064 947 patienter

490 959 792 1026 excipiunt,
829 975 1015 1015 verum
1035 973 1090 1017 et
1119 967 1482 1024 contumelias
1505 969 1763 1039 ingerunt
1798 970 1849 1024 in
1874 983 2062 1041 tyran-

489 1066 654 1106 num:
688 1063 741 1106 et
799 1056 1018 1111 videant
1067 1059 1113 1113 si
1147 1074 1336 1115 verum
1384 1064 1642 1132 estquod
1687 1065 1894 1129 dicunt,
1934 1068 2059 1138 quia

490 1159 512 1192 ι
545 1144 634 1196 vix
676 1160 772 1212 pro
807 1146 955 1213 justo
984 1148 1104 1216 quis
1147 1153 1397 1206 moritur.
1443 1172 1464 1207 ι
1518 1154 1749 1211 Videant
1794 1166 1907 1212 tres
1937 1175 2063 1225 puc-

486 1248 577 1287 ros
607 1236 660 1289 in
693 1239 907 1292 camino
939 1239 1080 1308 ignis
1108 1243 1349 1298 ardentis
1374 1260 1498 1300 cum
1540 1247 1686 1302 omni
1724 1247 1920 1304 ﬁducia
1962 1267 2060 1317 pro

483 1325 608 1380 ﬁdei
643 1328 896 1386 libertate
926 1333 1206 1402 conjectos
1233 1336 1298 1403 ⁷⁸,
1333 1347 1389 1392 et
1413 1338 1601 1394 dicant
1627 1343 1750 1410 quia
1785 1360 1804 1394 ι
1843 1344 1929 1398 vix
1960 1361 2058 1415 pro

475 1419 621 1484 justo
655 1422 778 1490 quis
808 1425 1061 1480 moritur.
1102 1447 1121 1481 ι
1164 1429 1288 1484 Sola
1323 1445 1452 1492 ergo
1487 1448 1634 1488 mors
1672 1443 1755 1490 est
1786 1451 1886 1505 pro
1913 1437 2053 1502 Deo,

480 1510 637 1584 541
672 1531 790 1584 quae
819 1532 939 1572 cum
964 1522 1108 1574 omni
1137 1523 1363 1577 audacia
1392 1524 1506 1597 (76)
1532 1527 1856 1595 suscipitur:
1878 1532 2056 1586 omnis

480 1618 662 1660 autem
692 1608 900 1677 reliqua
925 1627 1072 1666 mors
1097 1614 1187 1668 vix
1233 1615 1531 1672 toleranter
1560 1619 1774 1674 subitur
1799 1621 1963 1676 etiam
2010 1622 2056 1678 si

473 1697 615 1767 justa
631 1703 723 1769 sit,
740 1714 795 1756 et
809 1705 1058 1760 humanae
1073 1708 1406 1764 conditionis
1471 1707 1590 1779 lege
1609 1711 1902 1767 descendat
1917 1713 2051 1786 (77).

547 1797 635 1852 Η.
680 1817 700 1850 ‹
737 1798 1096 1856 Commendat
1145 1811 1324 1858 autem
1363 1819 1518 1859 suam
1553 1806 1878 1861 charitatem
1910 1807 2054 1863 Deus

475 1887 530 1943 in
559 1891 712 1945 nobis
745 1908 760 1945 :
795 1894 1049 1959 quoniam
1084 1893 1126 1949 si
1172 1909 1296 1948 cum
1329 1895 1509 1952 adhuc
1552 1907 1873 1966 peccatores
1903 1914 2052 1954 esse-

475 1996 625 2046 mus,
654 1981 909 2037 Christus
963 1999 1062 2054 pro
1105 1985 1262 2040 nobis
1302 1995 1551 2041 mortuus
1582 1995 1666 2041 est
1717 1987 1854 2058 (78),
1883 1989 2052 2043 multo

473 2075 649 2142 magis
683 2090 828 2130 nunc
851 2091 983 2144 ergo
1007 2075 1289 2142 iustiﬁcati
1323 2078 1376 2131 in
1412 2079 1672 2149 sanguine
1697 2079 1887 2147 ipsius,
1918 2081 2050 2135 salvi

471 2167 676 2222 erimus
717 2167 785 2221 ab
815 2168 890 2221 ira
921 2183 1021 2237 per
1052 2169 1226 2238 ipsum
1255 2169 1324 2222 ⁷⁸.
1369 2187 1388 2220 r
1429 2167 1564 2224 Cum
1593 2169 1823 2226 dixisset
1871 2172 1924 2226 in
1959 2187 2051 2226 su-

472 2259 814 2327 perioribus,
843 2260 972 2329 quia
1015 2279 1034 2311 ‹
1073 2261 1326 2316 Christus
1373 2263 1668 2318 secundum
1713 2272 1927 2335 tempus
1955 2267 2052 2321 ad-

475 2351 579 2404 huc
633 2365 734 2418 pro
775 2350 954 2420 impiis
999 2360 1245 2406 mortuus
1282 2361 1386 2415 est,
1426 2372 1446 2406 ι
1481 2369 1627 2408 nunc
1657 2357 1944 2412 ostendere
1978 2372 2044 2411 ex

471 2441 577 2496 hoc
603 2440 718 2494 vult
748 2440 840 2495 Dei
865 2442 1149 2496 charitatis
1168 2457 1296 2510 erga
1329 2443 1579 2500 homines
1601 2446 2048 2516 magnitudinem,

470 2532 598 2602 quia
634 2531 678 2586 si
705 2548 831 2602 erga
869 2533 1064 2601 impios
1097 2541 1154 2586 et
1179 2543 1502 2603 peccatores
1534 2546 1678 2589 tanta
1715 2538 1948 2602 exstitit,
1991 2549 2049 2593 ut

469 2640 571 2692 pro
616 2624 792 2680 salute
837 2641 1029 2681 eorum
1093 2627 1314 2681 unicum
1367 2627 1562 2682 Filium
1613 2629 1803 2694 daret,
1845 2641 2049 2698 quanto

469 2718 642 2787 magis
661 2732 787 2788 erga
819 2733 1136 2783 conversos,
1167 2727 1222 2775 et
1247 2721 1586 2788 emendatos,
1608 2731 1684 2788 et,
1711 2733 1768 2775 ut
1802 2724 1922 2793 ipse
1947 2724 2046 2788 ait,

469 2824 571 2864 suo
606 2811 872 2882 sanguine
916 2811 1224 2883 redemptos
1271 2813 1475 2882 largior
1505 2824 1558 2868 et
1605 2813 1855 2870 diﬁ‘usior
1884 2817 1992 2870 erit
2021 2813 2051 2871 τ

467 2898 585 2955 Non
614 2912 745 2971 puto
777 2918 909 2958 sane
935 2905 1081 2974 quod
1134 2905 1311 2961 otiosa
1335 2905 1408 2960 sit
1438 2905 1578 2976 apud
1613 2905 1840 2960 Paulum
1865 2907 2042 2962 varie-

469 3002 551 3048 tas
597 2993 702 3049 ista
728 2997 1054 3060 verborum,
1095 3001 1241 3065 quod
1288 2997 1580 3067 aliquando
1631 2997 1911 3064 inﬁrmos,
1946 3000 2048 3055 ali-

466 3087 685 3155 quando
715 3087 908 3158 impios
929 3130 942 3152 ,
972 3090 1267 3159 aliquando
1296 3100 1616 3161 peccatores
1645 3092 1910 3157 nominat,
1947 3109 2045 3164 pro

465 3177 661 3246 quibus
700 3177 974 3234 Christum
1020 3190 1294 3235 mortuum
1345 3181 1520 3236 dicit:
1559 3191 1616 3236 et
1663 3184 1913 3252 quamvis
1948 3185 2046 3238 im-

464 3272 696 3338 peritum
723 3285 782 3325 se
815 3271 1051 3326 fateatur
1086 3274 1138 3326 in
1168 3288 1422 3328 sermone
1454 3275 1522 3337 ",
1552 3290 1656 3329 non
1689 3285 1872 3332 tamen
1898 3279 2041 3332 arbi-

467 3373 582 3416 tror
606 3366 748 3429 quod
775 3365 828 3420 in
860 3367 944 3420 his
975 3367 1063 3420 ille
1095 3383 1190 3434 per
1219 3369 1572 3438 imperitiam,
1604 3370 1698 3425 sed
1734 3372 1916 3440 potius
1946 3389 2044 3442 per

464 3455 784 3524 profundam
820 3459 1108 3513 scientiam
1143 3461 1609 3518 variaverit.-Per
1639 3462 1754 3518 haec
1811 3481 2044 3535 namque

466 3547 567 3601 tria
599 3550 710 3619 (79)
741 3565 904 3604 omne
951 3551 1158 3618 peccati
1195 3553 1466 3623 colligitur
1516 3567 1705 3623 genus.
1749 3556 1858 3610 Aut
1893 3557 2040 3611 enim

463 3638 719 3707 ignorans
749 3641 912 3694 Deum
943 3641 1086 3709 quis,
1116 3651 1308 3711 peccat
1336 3645 1390 3697 in
1427 3644 1690 3711 tenebris,
1733 3654 1789 3700 et
1818 3656 2043 3701 vocatur

463 3729 660 3800 impius
709 3751 724 3788 :
781 3741 878 3788 aut
920 3734 1107 3791 volens
1149 3751 1371 3791 servare
1416 3738 1764 3801 mandatum,
1804 3739 2044 3794 vincitur

462 3820 757 3893 fragilitate
789 3826 992 3889 carnis,
1025 3836 1084 3882 et
1113 3827 1388 3884 illecebris
1420 3831 1706 3900 praesentis
1737 3832 1863 3886 vita:
1889 3833 2041 3887 deci-

460 3917 629 3987 pitur,
664 3928 720 3973 et
747 3919 997 3974 inﬁrmus
1028 3923 1335 3990 appellatur
1364 3939 1379 3976 :
1414 3932 1511 3976 aut
1544 3925 1725 3978 sciens
1748 3925 2042 3995 volensque

458 4011 764 4065 contemnit
795 4012 1108 4067 mandatum
1129 4055 1144 4080 ,
1173 4022 1229 4069 et
1277 4014 1390 4069 odit
1433 4015 1775 4085 disciplinam
1810 4017 1944 4080 Dei,
1976 4031 2041 4070 ac

459 4102 674 4170 projicit
699 4119 979 4159 sermones
1009 4105 1126 4174 ejus
1173 4115 1295 4173 post
1324 4121 1384 4161 se
1413 4107 1483 4172 ",
1533 4117 1589 4162 et
1633 4119 1892 4178 peccator
1943 4124 2041 4162 no-

460 4191 717 4247 minatur.
757 4195 935 4263 Atque
985 4195 1058 4249 ita
1095 4195 1293 4251 Paulus
1337 4199 1430 4267 qui
1490 4212 1552 4253 se
1594 4185 1944 4266 imperitum,
1979 4208 2040 4252 ut

460 4283 714 4348 diximus,
751 4284 805 4338 in
842 4301 1094 4341 sermone
1127 4288 1434 4356 proﬁtetur,
1466 4291 1518 4344 in
1547 4291 1720 4346 tribus
1751 4292 1836 4346 his
1857 4292 2040 4346 divero

460 4373 716 4428 sitatihus
745 4375 994 4428 universa
1017 4416 1031 4438 ,
1063 4392 1162 4445 pro
1190 4380 1390 4448 quibus
1421 4381 1671 4439 Christus
1708 4385 2040 4455 prtedicatur

460 4474 704 4519 mortuus
727 4480 882 4530 esse,
913 4471 1228 4538 complexus
1258 4482 1342 4525 est
1392 4471 1526 4544 (80).
1561 4473 1716 4541 Quod
1773 4476 1816 4529 si
1861 4475 2036 4529 inter-

2167 609 2414 662 suorum,
2443 595 2576 651 deos
2613 597 2852 665 gentium
2886 598 3092 652 colunt.
3125 599 3280 666 Quod
3308 616 3449 656 vero
3470 599 3658 658 Paulus
3680 622 3726 660 se

2166 702 2287 741 cum
2337 688 2714 756 peccatoribus
2760 691 3101 754 numerat",
3154 693 3246 761 qui
3301 692 3358 745 in
3428 692 3552 750 aliis
3595 697 3724 763 dicit,

2171 797 2191 830 α
2229 778 2340 834 Nos
2385 788 2578 833 natura
2615 778 2819 842 Judazi,
2843 789 2898 834 et
2943 795 3049 835 non
3078 797 3144 836 ex
3189 783 3450 850 gentibus
3506 798 3725 855 peccato-

2166 884 2256 923 res
2282 870 2353 938 τ’,
2401 887 2421 921 ι
2456 868 2785 924 humilitatis
2807 869 2924 940 ejus
2960 879 3046 926 est
3075 871 3275 926 virtus.
3321 871 3575 928 Imitatur
3600 879 3721 930 enim

2164 961 2335 1024 illum,
2371 980 2391 1013 ι
2425 962 2517 1032 qui
2547 977 2670 1016 cum
2701 972 2987 1032 peceatum
3017 978 3123 1017 non
3159 964 3388 1020 fecisset
3412 1005 3429 1029 ,
3463 980 3721 1035 peccatum

2161 1069 2261 1123 pro
2292 1053 2448 1108 nobis
2477 1054 2651 1109 factus
2680 1063 2762 1109 est
2789 1054 2869 1117 ‘°;
2909 1073 2929 1107 ι
2981 1063 3184 1109 etcum
3219 1056 3366 1110 Deus
3399 1067 3572 1123 esset,
3606 1059 3723 1114 inter

2163 1151 2411 1205 homines
2458 1159 2814 1206 conversatus
2869 1159 2952 1206 est
2984 1151 3055 1210 εί.
3115 1171 3135 1204 ‹
3196 1153 3565 1209 Commendat
3613 1172 3720 1227 ergo

2161 1258 2311 1297 suam
2342 1242 2666 1297 cbaritatem
2724 1243 2866 1299 Deus
2909 1243 3020 1316 (82)
3054 1245 3108 1300 in
3139 1246 3322 1302 nobis.
3363 1266 3382 1298 ι
3422 1247 3522 1303 Hic
3554 1267 3573 1298 ι
3598 1266 3722 1304 com-

2161 1334 2400 1400 mendat,
2445 1353 2464 1387 ι
2505 1334 2587 1388 vel
2619 1335 2910 1390 conﬁrmat
2947 1337 3295 1407 intelligitur,
3332 1339 3419 1394 vel
3457 1341 3720 1396 amabilem

2160 1427 2290 1482 facit
2321 1444 2421 1498 pro
2453 1427 2750 1484 beneﬁciis.
2792 1429 2944 1496 Quod
2967 1430 3111 1485 enim
3145 1449 3166 1482 ι
3196 1432 3479 1494 Christus,
3511 1437 3722 1488 eumad-

2159 1521 2266 1576 huc
2318 1533 2636 1591 peccatores
2665 1535 2946 1586 essemus,
2978 1537 3077 1593 pro
3121 1524 3278 1578 nobis
3310 1535 3565 1579 mortuus
3584 1535 3717 1591 est,»

2157 1630 2308 1683 spem
2346 1615 2504 1670 nobis
2531 1615 2628 1670 dat
2663 1615 2807 1684 quod
2859 1615 3029 1670 multo
3075 1617 3251 1685 magis
3295 1631 3401 1672 nos
3453 1633 3484 1671 a
3525 1628 3720 1686 peccato

2159 1717 2416 1778 purgatos
2442 1717 2497 1762 et
2516 1707 2866 1773 justiﬁcatos,
2905 1708 2974 1760 ab
3003 1707 3080 1762 ira
3111 1724 3239 1779 qua:
3268 1708 3527 1764 imminet
3553 1725 3720 1778 pecca-

2162 1801 2368 1854 toribus
2394 1798 2630 1854 salvabit
2655 1814 2752 1868 per
2783 1799 2961 1866 ipsum
2996 1817 3010 1852 :
3045 1809 3100 1854 et
3124 1800 3218 1868 qui
3243 1799 3460 1854 alienos
3482 1809 3538 1854 et
3565 1800 3720 1852 inimi-

2158 1908 2251 1948 cos
2284 1893 2356 1946 ita
2391 1892 2614 1955 dilexit,
2645 1901 2714 1946 ut
2759 1908 2858 1964 pro
2890 1893 3044 1948 nobis
3100 1895 3167 1947 ad
3217 1901 3460 1946 mortem
3514 1892 3718 1949 Unicum

2156 2000 2313 2040 suum
2341 1984 2531 2048 daret,
2564 1983 2735 2040 multo
2771 1984 2944 2052 magis
2982 1999 3108 2038 suos
3133 1983 3364 2044 eﬁ‘ectos
3405 1995 3463 2038 et
3503 1984 3719 2039 reconci-

2155 2079 2314 2132 liatos
2342 2077 2467 2144 sibi,
2497 2087 2698 2131 aeterna
2732 2077 2908 2132 salute
2942 2077 3182 2131 donabit.
3226 2075 3518 2143 Quomodo
3562 2087 3717 2130 autem

2152 2167 2406 2222 Christus
2431 2182 2528 2237 pro
2571 2166 2728 2221 nobis
2758 2174 3003 2222 mortuus
3045 2168 3150 2234 sit,
3177 2176 3236 2222 et
3286 2167 3570 2235 quomodo
3613 2181 3716 2220 cum

2153 2260 2225 2315 sit
2252 2261 2442 2330 Agnus
2471 2260 2562 2315 Dei
2588 2260 2658 2324 ⁸³,
2697 2259 2882 2314 tulerit
2907 2270 3194 2329 peccatum
3248 2259 3483 2324 mundi,
3511 2269 3568 2314 et
3597 2257 3720 2314 inﬁr«

2156 2355 2376 2408 mitates
2409 2361 2626 2408 nostras
2653 2352 2980 2422 portaverit,
3009 2360 3063 2407 et
3087 2366 3188 2420 pro
3216 2351 3381 2407 nobis
3411 2351 3642 2405 doluerit
3660 2347 3718 2414 ⁸³,

2153 2461 2297 2516 saepe
2329 2461 2359 2500 a
2390 2445 2548 2500 nobis
2585 2444 2639 2499 in
2671 2445 2794 2500 aliis
2823 2444 2965 2498 dicta
2995 2453 3122 2498 sunt
3160 2442 3330 2508 locis,
3362 2443 3457 2498 ubi
3487 2442 3718 2496 adhibui—

2153 2554 2275 2594 mus
2292 2549 2348 2594 ct
2376 2554 2438 2594 ea
2461 2553 2582 2607 quae
2609 2540 2662 2592 in
2683 2537 3034 2593 saecularibus
3059 2536 3306 2590 historiis
3329 2533 3719 2604 feruntnr(83).

2149 2633 2294 2702 quod
2339 2633 2501 2685 etiam
2556 2631 2697 2702 apud
2752 2630 2900 2699 ipsos
2949 2628 3204 2687 nonnulli.
3246 2625 3721 2698 pestilentias,vel

2152 2723 2432 2787 turbines,
2467 2721 2682 2790 aliaque
2735 2721 2821 2776 his
2847 2719 3045 2775 similia
3076 2718 3443 2788 perhibentur
3472 2717 3629 2773 morti
3666 2732 3720 2771 se

2147 2812 2453 2880 obiiciendo
2488 2811 2783 2882 repulisse.
2809 2821 2864 2866 et
2890 2812 3122 2880 patriam
3144 2849 3160 2873 ,
3196 2810 3282 2864 vel
3319 2821 3546 2880 gentem
3581 2825 3717 2864 suam

2150 2904 2485 2960 imminentis
2523 2904 2692 2959 cladis
2743 2903 2954 2959 excidio
3006 2903 3291 2958 liberasse.
3350 2904 3487 2970 ρυω
3513 2903 3720 2970 quidem

2148 3014 2312 3068 quam
2344 3013 2472 3052 vere
2505 2997 2708 3065 scripta
2744 2998 2882 3063 sint,
2911 2995 2993 3049 vel
3026 2996 3155 3064 quid
3206 2997 3442 3051 rationis
3479 2997 3722 3053 habeant,

2147 3091 2192 3145 si
2222 3105 2349 3144 vera
2379 3097 2542 3156 sunt,
2601 3087 2696 3143 Dei
2741 3097 2825 3143 est
2878 3103 3038 3144 nosse
3088 3088 3279 3144 solius.
3326 3088 3521 3143 Nullus
3557 3098 3720 3141 tamen

2148 3183 2414 3252 ipsorum,
2452 3183 2520 3238 de
2545 3181 2742 3252 quibus
2773 3183 2880 3236 ista
2911 3190 3227 3243 narrantur,
3259 3195 3329 3236 ne
3360 3181 3493 3236 ﬁcto
3521 3181 3720 3249 quidem

2145 3289 2400 3330 sermone
2434 3275 2601 3329 totius
2632 3274 2816 3328 mundi
2851 3283 3074 3344 peccata
3129 3273 3440 3328 absolvisse
3486 3274 3723 3342 perhibe-

2146 3376 2258 3431 tur,
2290 3366 2397 3421 nisi
2423 3364 2582 3421 Jesus
2603 3365 2772 3427 solus,
2808 3383 2828 3416 ‹
2870 3367 2963 3434 qui
2991 3379 3114 3418 cum
3147 3373 3293 3418 esset
3332 3364 3388 3417 in
3412 3363 3581 3417 forma
3611 3361 3719 3420 Dei.

2145 3473 2254 3511 non
2282 3460 2525 3527 rapinatn
2548 3458 2842 3512 arbitratus
2857 3466 2940 3511 est
2961 3470 3085 3510 esse
3105 3469 3166 3510 se
3186 3456 3462 3524 aequalem
3483 3456 3610 3518 Deo,
3633 3453 3721 3508 sed

2145 3550 2495 3620 semetipsum
2520 3549 2820 3603 exinanivit
2843 3549 2914 3613 “,
2937 3568 2956 3601 ι
2991 3557 3048 3605 et
3067 3549 3372 3604 secundum
3397 3547 3719 3600 voluntatem

2145 3641 2343 3705 Patris,
2375 3640 2545 3695 forma
2571 3641 2712 3694 servi
2757 3651 3008 3710 suscepta
3033 3680 3048 3702 ,
3073 3639 3274 3694 obtulit
3317 3638 3598 3694 victimam
3628 3649 3723 3704 pro

2144 3735 2402 3788 universo
2432 3732 2656 3796 mundo,
2693 3732 2920 3786 tradens
2949 3732 3275 3802 sanguinem
3310 3745 3473 3785 suum
3500 3724 3718 3798 principi

2144 3824 2304 3894 hujus
2356 3823 2581 3888 mundi,
2645 3823 2940 3878 secundum
3001 3823 3330 3892 sapientiam
3401 3821 3498 3876 Dei
3565 3817 3719 3889 (84).

2149 3935 2168 3969 ι
2205 3931 2367 3987 quam
2413 3930 2574 3970 nemo
2617 3915 2925 3985 principum
2980 3915 3140 3983 hujus
3189 3914 3380 3969 mundi
3429 3910 3720 3982 cognovit:

2141 4009 2186 4064 si
2216 4009 2361 4064 enim
2418 4006 2839 4077 cognovissent,
2894 4022 3171 4077 nunquam
3218 4006 3508 4060 Dominum
3555 4002 3721 4071 maje-

2141 4101 2297 4154 statis
2321 4098 2732 4154 crucitixissent
2759 4097 2828 4165 9',
2862 4116 2882 4149 ι
2915 4113 3016 4153 nec
3044 4099 3271 4168 sanguis
3309 4097 3399 4152 ille
3422 4094 3535 4166 (85)
3567 4109 3720 4164 quem

2141 4193 2410 4259 sitierant,
2445 4206 2553 4245 non
2583 4199 2693 4243 tam
2719 4191 2891 4256 sitim,
2922 4205 3086 4260 quam
3118 4189 3265 4244 vires
3301 4203 3492 4244 eorum
3532 4188 3738 4242 exstin-

2141 4295 2362 4350 gueret,
2411 4297 2750 4356 regnumque
2793 4284 3142 4338 destrueret:
3175 4297 3281 4338 nec
3332 4283 3602 4338 accideret
3647 4281 3722 4331 eis

2140 4378 2270 4431 illud
2323 4379 2468 4447 quod
2520 4377 2786 4432 Dominus
2827 4377 2880 4432 in
2925 4374 3222 4445 Evangelio
3267 4376 3410 4430 dicit
3453 4391 3468 4429 :
3509 4392 3530 4426 ι
3585 4372 3734 4426 Ecce

2142 4488 2289 4527 nunc
2339 4471 2594 4541 princeps
2643 4469 2804 4535 hujus
2847 4470 3034 4524 mundi
3077 4468 3358 4537 judicatus
3395 4476 3482 4523 est
3501 4467 3583 4530 ⁶⁶;
3619 4482 3642 4517 ι
3675 4472 3728 4515 et

460 4557 587 4611 dum
619 4559 782 4612 etiam
820 4560 872 4612 hi
905 4561 996 4629 qui
1043 4563 1142 4616 sub
1183 4563 1297 4631 lege
1328 4575 1494 4628 sunt,
1547 4577 1602 4621 et
1633 4565 1806 4621 Deum
1850 4567 2031 4624 colere
2068 4549 2110 4606 υ
2144 4565 2273 4619 illud
2307 4580 2321 4618 :
2358 4581 2377 4615 ‹
2414 4563 2553 4618 Ecce
2582 4563 2834 4617 videbam
2865 4561 3126 4616 Satanam
3147 4561 3290 4615 sicut
3317 4559 3499 4630 fulgur
3526 4557 3728 4613 caden-

457 4648 743 4717 videntur,
798 4651 946 4723 impii
999 4654 1052 4708 in
1084 4648 1382 4722 Scripturis
1413 4658 1611 4714 divinis
1641 4659 2024 4726 nominantur;

2138 4669 2244 4714 tem
2300 4657 2370 4712 de
2423 4655 2564 4710 coelo
2617 4653 2687 4706 ⁸⁷.
2727 4683 2800 4694 -
2846 4651 3015 4708 Multo
3046 4665 3216 4722 ergo,
3274 4652 3492 4721 inquit,
3551 4647 3728 4716 magis

530 4795 577 4882 1’3
615 4799 862 4882 "Macil-
902 4803 1220 4882 ‘93:}.36‘1-
1298 4803 1667 4882 '_‘_.Dar1-.-'_"._
1698 4806 1770 4861 90
1817 4821 1942 4882 seq.
2014 4807 2060 4882 1'.
2084 4805 2237 4882 Eom-
2265 4818 2333 4882 ,νο
2363 4801 2420 4861 8~
2461 4797 2546 4882 9.2.
2596 4795 3002 4882 ’31”?!th
3041 4790 3604 4882 9-..."Pfﬁ‘.':-3‘!¥:_
3638 4787 3726 4882 ’Ξῖ

529 4868 684 4926 Rom.
718 4889 770 4932 v,
794 4873 847 4926 8.
922 4873 968 4905 ⁷³
992 4859 1196 4929 'Galat:
1225 4890 1284 4938 tt,
1313 4875 1401 4929 l5.
1479 4875 1524 4908 ⁸⁰
1549 4874 1589 4928 ΙΙ
1778 4859 1838 4942 V;
2018 4877 2035 4908 ⁸

2169 4859 2332 4928 τηρῇ(
2367 4859 2567 4942 ιι⁷ι,ί56,
2613 4867 2726 4942 §_8._
2780 4864 3009 4942 "Joan‘.
3040 4879 3078 4930 t,
3109 4862 3204 4920 29.
3279 4862 3330 4894 ⁸³
3346 4861 3476 4916 lsai.
3509 4874 3632 4923 ιιιι,
3659 4859 3728 4920 4;

459 4938 649 4998 Matth.
676 4959 791 5000 vttt.
827 4945 913 4998 17.
987 4944 1031 4975 ⁸⁵
1057 4935 1354 5015 ΡΙιὶΙῙρξιι.
1385 4945 1439 4998 6.
1514 4945 1561 4977 ⁸⁵
1593 4947 1610 4999 l
1639 4946 1765 5001 Cor.
1805 4935 1868 5011 tt,
1905 4949 1958 5003 8.
2031 4951 2035 4976 ¹

2169 4961 2266 4996 dm.
2303 4958 2416 5005 xw,
2459 4941 2548 4997 ll.
2625 4937 2670 4969 ⁸⁷
2704 4935 2837 4991 Luc.
2863 4935 3033 5001 x,18.

532 5076 641 5150 (76)
674 5078 855 5142 Alias,
889 5093 995 5150 pro
1022 5095 1041 5129 ε
1077 5077 1303 5134 audacia
1344 5099 1362 5131 ι
1418 5079 1620 5147 legitur
1677 5097 1696 5131 ‹
1738 5079 1970 5146 ﬁducia;
2009 5097 2028 5130 ι

460 5147 590 5204 ει...
625 5147 749 5201 cum
783 5150 928 5202 omni
972 5148 1163 5203 ﬁducia
1199 5159 1254 5204 et
1286 5151 1533 5203 audacia.
1567 5168 1586 5196 ι

533 5217 643 5288 (77)
683 5219 849 5281 Alias,
885 5237 905 5271 ί
935 5221 1026 5273 vix
1081 5220 1371 5279 toleratur,
1413 5220 1500 5272 vix
1549 5219 1762 5273 subitur
1792 5219 1957 5274 etiam
1985 5217 2031 5272 si

455 5285 707 5358 justas'it,
725 5299 777 5341 et
802 5289 1050 5343 humanm
1075 5290 1400 5345 conditionis
1423 5289 1523 5358 legi
1550 5290 1970 5344 condescendat.
2007 5307 2025 5339 ι

533 5357 644 5421 (78)
681 5359 853 5423 Editi,
894 5379 912 5410 ι
951 5359 1202 5430 Christus
1233 5375 1329 5430 pro
1361 5357 1520 5414 nobis
1552 5360 1854 5430 secundum
1895 5368 2030 5412 tem-

459 5441 566 5495 pus
588 5439 832 5482 mortuus
861 5439 963 5483 est.
997 5449 1016 5482 ι
1051 5429 1156 5484 Sed
1181 5427 1371 5493 omnes
1395 5446 1529 5485 mss.
1556 5431 1723 5483 nostri
1748 5427 2027 5495 omittunt,

470 5513 489 5546 ι
526 5499 818 5567 secundum
856 5507 1086 5567 tempus.
1124 5518 1143 5551 ι

532 5566 654 5640 (79)
688 5567 846 5630 Editi,
883 5587 904 5640 ς
937 5565 1178 5634 nomina,
1217 5589 1238 5624 ι
1267 5568 1484 5632 deinde,
1526 5587 1550 5620 ‹
1579 5565 1687 5623 Aut
1711 5571 1856 5624 enim
1881 5569 2035 5640 igno-

461 5649 590 5689 rans
627 5637 792 5692 Deum
815 5639 962 5706 quis,
991 5649 1048 5693 et
1077 5641 1265 5694 volens
1295 5654 1542 5702 servare,
1582 5658 1602 5691 ι
1632 5649 1764 5702 etc..
1811 5637 2034 5695 omissis

461 5707 665 5770 verbis,
710 5723 730 5757 ο
785 5720 973 5776 peccat
1021 5709 1076 5762 in
1124 5711 1399 5775 tenebris,
1428 5720 1484 5764 et
1525 5719 1753 5784 vocatur
1799 5711 2031 5781 impius;

463 5787 574 5831 aut.
610 5795 628 5826 ι
1274 5815 1278 5820 .

534 5847 642 5917 (80)
681 5847 772 5902 Sic
814 5863 1002 5906 omnes
1049 5863 1182 5906 mss.
1235 5860 1290 5904 ct
1347 5847 1626 5907 Rabanus.
1687 5849 1828 5906 Editi
1880 5865 2036 5915 vero,

2147 5095 2166 5128 ‹
2225 5075 2582 5146 praedicatur,
2636 5083 2691 5127 et
2750 5079 2996 5127 mortuus
3055 5081 3179 5124 esse
3234 5076 3731 5129 commemoratur,

2143 5147 2464 5215 complexus
2498 5154 2602 5215 est,
2636 5162 2656 5196 ι
2679 5150 2844 5215 etc.”
2875 5211 2888 5215 _
3171 5208 3186 5215 _
3212 5206 3248 5215 __
3297 5209 3309 5215 _
3559 5212 3569 5215 _
3602 5208 3635 5215 __

2211 5206 2324 5286 (8i)
2352 5213 2466 5270 Fit.
2501 5206 2729 5284 Deestﬁin
2757 5211 2941 5277 editis,
2971 5218 3024 5264 et
3045 5208 3188 5279 apud
3211 5206 3516 5263 Babanum.
3547 5208 3731 5261 Alias.

2147 5303 2166 5338 ί
2207 5299 2312 5340 est.
2348 5304 2368 5337 9

2212 5355 2324 5428 (82.)
2365 5354 2528 5428 Deus.
2561 5350 2916 5428 Desideratur
2941 5350 2995 5404 in
3024 5358 3194 5428 antea_
3218 5347 3421 5428 editisz
3493 5416 3528 5428 η
3663 5416 3676 5428 _
3699 5417 3712 5428 .

2220 5415 2331 5500 (85)
2374 5422 2475 5500 ζ]ὺὶ
2499 5422 2839 5500 adhibuimus
2859 5431 3002 5500 etuea
3038 5437 3154 5490 qua:
3179 5421 3236 5471 in
3262 5415 3615 5500 rwcularlibrts
3655 5416 3740 5466 1ιὶ-

2137 5486 2325 5550 storiis,
2365 5496 2622 5550 feruntur.
2680 5493 2816 5547 Vide
2887 5486 3084 5545 librtttit
3155 5505 3169 5542 t
3233 5499 3419 5541 contra
3469 5486 3739 5544 Celsum,

2141 5583 2290 5620 num.
2358 5567 2448 5637 5|,
2511 5574 2566 5620 et
2631 5574 2762 5617 tom.
2817 5577 2870 5616 vt
2955 5560 3249 5637 Conantem:
3327 5559 3387 5611 in
3458 5555 3744 5637 Joannem

2142 5636 2402 5700 num.56,
2441 5645 2496 5689 et
2523 5643 2658 5707 tom.
2686 5650 2858 5691 xxvm
2898 5633 3060 5707 etiam
3107 5631 3163 5683 in
3209 5626 3398 5707 έοςηι..
3430 5641 3606 5707 Inunt.
3647 5626 3735 5703 is.

2217 5707 2328 5778 (84)
2363 5698 2478 5758 Dei.
2516 5706 2673 5759 Deest
2704 5710 2756 5756 in
2793 5704 2948 5758 libris
2977 5713 3140 5755 antea
3162 5698 3327 5754 editis
3351 5709 3402 5754 et
3430 5698 3481 5751 in
3521 5698 3738 5766 pleris-

2184 5795 2248 5830 tte
2284 5792 2412 5831 IIISS.
2602 5804 2608 5809 ‘

2145 5792 2538 5916 q|liﬁ§isz.ltas,
2575 5864 2594 5898 ι
2629 5859 2696 5900 ne
2723 5841 2943 5912 sanguis
2967 5840 3079 5908 illc,
3119 5859 3140 5892 ι
3177 5852 3283 5897 etc,
