3766 6540
70 351 176 402 1901

969 351 1326 409 (ΣΟΜΜΕΝΤ.
1369 351 1432 406 ιΝ
1471 351 1686 408 EPIST.
1726 351 1815 406 AD
1857 352 2020 409 ROM.
2061 353 2192 413 LIB.
2229 351 2316 406 IV.

3130 363 3269 420 1003

61 468 310 538 justiﬁcati
339 484 480 524 nunc
507 472 562 524 in
611 473 876 540 sanguine
907 474 1058 544 ejus,
1105 477 1240 531 salvi
1283 479 1490 533 erimus
1535 480 1604 534 ab
1633 483 1678 537 A
1709 483 1952 530 ηοειῖιιιιι
1984 473 2168 531 Iesum
2202 473 2478 531 Chrismm
2502 514 2518 540 .
2544 491 2642 546 per
2684 493 2842 547 quem
2884 496 3029 539 nunc
3082 500 3272 540 recon-

66 559 129 610 ira
160 573 250 627 per
289 561 455 628 ipsum
483 561 550 616 ".
597 581 616 614 ι
672 561 730 616 1η
769 567 1138 634 superioribus
1171 570 1390 639 quidem
1446 571 1599 626 dixe-

69 662 177 705 rat:
211 671 228 702 α
265 651 548 709 Justiﬁcati
582 657 749 724 igitur
782 673 848 712 ex
907 659 1047 728 ﬁde,
1089 678 1276 732 pacem
1309 665 1602 722 habeamus

65 743 291 796 adDeum
321 745 404 811 ὀς
441 765 461 798 ›
498 757 554 800 ει
583 765 725 805 nunc
765 751 898 806 dicit
936 771 952 805 :
989 772 1008 806 ‹
1049 754 1211 810 Multo
1243 760 1416 831 magis
1458 775 1600 816 nunc

59 832 312 898 juStiﬁcati
346 837 396 890 in
438 839 704 908 sanguine
741 841 932 912 ipsius,
983 846 1114 902 salvi
1167 851 1372 906 erimus
1406 853 1472 904 ab
1519 854 1596 906 ira

63 941 138 994 per
163 927 323 993 ipsum
355 929 424 982 ὀ.
467 949 484 981 ο
529 931 599 984 Ex
635 948 743 1001 quo
783 938 1045 1002 ostendit,
1075 943 1216 1007 quod
1264 957 1434 1011 neque
1467 945 1599 1000 ﬁdes

64 1030 220 1070 nostra
252 1019 366 1072 sine
397 1015 597 1077 Christi
630 1027 916 1095 sanguine,
943 1044 1118 1098 neque
1149 1036 1369 1103 sanguis
1391 1035 1595 1091 Christi

67 1123 145 1161 nos
169 1110 280 1164 sine
309 1111 411 1165 ﬁde
455 1124 636 1168 nostra
682 1117 946 1182 justiﬁcat
977 1136 991 1185 ;
1024 1137 1086 1176 ex
1141 1132 1371 1193 utroque
1417 1137 1594 1183 tamen

65 1202 204 1254 multo
245 1205 416 1272 magis
449 1208 669 1276 sanguis
699 1209 899 1266 Christi
943 1229 1044 1268 nos
1072 1215 1220 1289 (86),
1253 1235 1413 1289 quam
1465 1223 1595 1276 ﬁdes

61 1307 219 1349 nostra
259 1296 543 1364 justiﬁcat.
581 1301 645 1354 Et
680 1303 799 1357 ideo
829 1305 956 1360 mihi
998 1305 1228 1376 videtur,
1263 1329 1383 1369 cum
1413 1317 1465 1370 in
1505 1333 1595 1371 su-

61 1388 337 1457 periuribus
393 1393 713 1462 simpliciter
757 1398 988 1465 dixerit,
1045 1401 1204 1476 542
1259 1425 1277 1460 ε
1310 1407 1590 1476 justiﬁcati

59 1499 111 1535 ex
143 1485 233 1535 lide
253 1485 320 1543 θ’.
359 1504 378 1535 ι
411 1486 495 1540 hic
524 1488 811 1554 addidisse,
851 1510 870 1543 ι
908 1494 1077 1550 multo
1105 1499 1279 1565 magis
1299 1517 1430 1572 ergo
1451 1519 1593 1560 nunc

56 1573 301 1641 justilicati
343 1576 398 1630 in
445 1580 707 1649 sanguine
745 1582 864 1652 ejus
884 1586 952 1651 ",
996 1605 1014 1638 ι
1059 1598 1117 1642 ttt
1165 1591 1416 1658 doceret,
1450 1597 1591 1662 quod

61 1667 112 1719 ab
145 1669 214 1722 ira
266 1678 495 1724 ventura
546 1671 709 1727 etiam
750 1676 794 1730 si
840 1676 975 1732 ﬁdes
1024 1691 1208 1737 nostra
1262 1701 1362 1741 nos
1397 1687 1588 1756 salvet,

57 1762 240 1816 etiamsi
287 1779 453 1833 opera
489 1764 753 1836 iustitiae,
801 1785 966 1842 super
1013 1776 1127 1830 hac
1185 1786 1361 1834 tamen
1409 1783 1588 1836 omnia

59 1855 198 1911 multo
249 1859 422 1927 magis
464 1861 686 1930 sanguis
731 1863 929 1920 Christi
983 1868 1162 1924 salvos
1190 1885 1290 1925 nos
1327 1871 1490 1929 faciat
1521 1876 1590 1930 ab

63 1947 124 1998 ira
151 1959 390 2030 ventura.
421 1950 503 2005 lra
532 1969 662 2010 vero
686 1955 779 2012 Dei
807 1961 1078 2028 quomodo
1106 1962 1333 2036 intelligi
1371 1966 1587 2034 debeat,

58 2040 99 2093 iu
121 2044 328 2098 secundi
358 2059 387 2097 a
422 2047 578 2104 nobis
610 2052 806 2120 psalmi
857 2054 1200 2123 expositione
1253 2058 1463 2126 plenius
1501 2059 1589 2114 di-

56 2143 171 2186 ctum
202 2145 300 2201 est,
335 2147 390 2192 et
412 2143 680 2207 quomodo
711 2146 886 2213 possit
917 2146 1128 2215 impleri
1159 2151 1300 2217 quod
1329 2152 1588 2222 scriptum

56 2236 136 2291 est,
166 2237 220 2281 ut
248 2229 385 2284 salvi
417 2232 714 2290 eﬂiciamur
745 2236 1013 2308 fugientes
1041 2239 1110 2294 ab
1138 2240 1216 2297 ira
1255 2253 1504 2312 ventura,
1535 2257 1590 2301 et

57 2316 163 2371 iram
193 2323 404 2390 quidem
448 2324 715 2394 fugientes
761 2329 831 2385 ita
864 2340 920 2386 ut
953 2349 1057 2388 non
1105 2348 1203 2389 nos
1232 2338 1590 2406 comprehen-

57 2408 148 2472 dat,
173 2422 438 2470 sectantes
466 2432 592 2472 vero
620 2418 908 2489 justitiam,
939 2423 1191 2491 pietatem
1209 2463 1226 2488 ,
1252 2425 1437 2495 ﬁdem,
1461 2428 1591 2483 cha-

56 2501 269 2570 ritatem,
298 2510 650 2576 patientiam,
686 2514 1153 2570 mansuetudinem
1181 2517 1248 2579 ",
1292 2527 1347 2573 et
1391 2531 1586 2576 caetera

57 2593 120 2648 bis
146 2597 354 2668 similia.
399 2600 481 2654 Ira
513 2603 698 2671 itaque
727 2615 812 2659 est
838 2603 972 2676 (87).
1015 2607 1101 2662 cui
1139 2609 1372 2666 traditur
1413 2627 1588 2668 unus-

57 2688 250 2752 quisque
281 2705 382 2758 pro
410 2709 662 2748 mensura
711 2706 764 2750 et
796 2699 991 2752 merito
1043 2710 1426 2769 peccatorum,
1479 2704 1588 2760 Deo

56 2785 238 2847 tamen,
272 2785 572 2840 secundum
599 2789 743 2856 quod
778 2793 1040 2860 scriptum
1072 2802 1158 2848 est
1204 2792 1259 2846 in
1305 2803 1588 2866 septuage-

54 2870 164 2922 simo
192 2875 420 2942 septimo
453 2877 660 2944 psalmo
681 2919 695 2942 ,
723 2895 827 2934 non
853 2883 1182 2937 accendente
1205 2899 1419 2940 omnem
1449 2888 1584 2941 iram

55 2973 195 3019 suam.
233 2963 368 3030 Quis
415 2967 560 3020 enim
611 2968 840 3026 sull‘erre
892 2983 1074 3040 posset
1121 2974 1168 3028 si
1199 2989 1413 3030 onmem
1449 2977 1584 3032 iram

55 3051 298 3108 adversum
357 3067 672 3126 peccatores
723 3064 1044 3120 accenderet
1106 3065 1404 3134 Dominus,
1460 3084 1583 3124 cum

1705 567 2035 622 ciliationem
2062 569 2373 637 accepimus
2396 570 2462 622 ".
2501 589 2519 624 ο
2565 570 2715 637 Quod
2743 574 2872 628 dicit
2895 613 2910 638 ,
2955 596 2975 627 ‹
3005 591 3130 631 cum
3163 579 3267 632 ini-

1704 659 1825 712 mici
1865 673 2126 723 essemus,
2156 661 2484 718 reconciliati
2510 679 2697 718 sumus
2725 663 2832 719 Deo
2859 706 2875 731 ,
2921 684 2939 717 ι
2985 669 3270 728 evidenter

1701 753 1940 806 ostendit
1981 768 2085 807 nou
2138 769 2262 809 esse
2307 755 2544 826 aliquam
2596 756 2953 814 substantiam
2979 799 2996 825 ,
3023 777 3143 830 quae
3179 779 3266 817 sco

1699 845 1935 898 cundum
1971 845 2341 900 deﬁnitionem
2373 849 2662 905 Marcionis
2687 851 2770 906 vel
2796 849 3069 907 Valentini
3103 864 3264 908 natu-

1701 935 1892 988 raliter
1921 935 2140 990 inimica
2171 937 2241 992 sit
2273 937 2379 993 Deo
2409 955 2422 990 :
2459 938 2696 1011 alioquin
2730 941 2775 996 si
2807 945 2949 1012 quod
2985 945 3265 1002 inimicum

1699 1035 1802 1088 est,
1836 1035 2043 1080 natura:
2063 1038 2288 1082 essetet
2332 1045 2437 1085 non
2492 1031 2809 1096 voluntatis,
2862 1035 3266 1092 reconciliatio‘

1700 1133 1820 1173 nem
1856 1118 2043 1188 utique
2069 1135 2174 1174 non
2203 1120 2430 1176 haberet
2456 1121 2588 1192 (90).
2617 1123 2715 1179 Ubi
2750 1134 2930 1179 autem
2951 1142 3018 1181 ex
3044 1128 3266 1184 inimico

1699 1212 1822 1282 quis
1856 1214 2064 1267 amicus
2104 1211 2368 1281 efﬁcitur,
2418 1227 2625 1270 certum
2679 1227 2764 1272 est
2823 1220 2966 1285 quod
3021 1221 3150 1273 dum
3197 1235 3263 1276 ea

1695 1317 1862 1370 opera
1895 1304 2008 1372 agit
2035 1318 2155 1373 qua:
2187 1320 2292 1358 non
2333 1316 2478 1358 amat
2508 1306 2650 1360 Deus
2673 1347 2687 1370 ,
2729 1307 2982 1363 inimicus
3015 1320 3098 1365 est
3140 1309 3260 1378 Dei,

1693 1401 1749 1445 et
1783 1393 2152 1462 unusquisque
2185 1401 2292 1446 tam
2337 1395 2516 1461 gravis
2557 1406 2610 1448 et
2642 1405 2748 1450 tam
2799 1399 3016 1454 odibilis
3075 1399 3259 1455 inimi-

1695 1493 1792 1533 cus
1806 1477 2056 1543 elﬁcitur,
2075 1496 2232 1548 quam
2257 1481 2367 1551 (91)
2386 1483 2819 1551 multiplicavcrit
2836 1501 2999 1556 Opera
3026 1489 3259 1543 inimici»

1698 1571 1787 1626 tiis
1822 1573 2008 1641 digna.
2046 1571 2182 1627 Sunt
2218 1587 2348 1644 ergo
2385 1589 2651 1629 mensura:
2695 1589 2750 1631 et
2793 1580 2988 1648 gradus
3034 1582 3257 1650 quidam

1693 1663 1748 1720 in
1779 1663 1863 1718 his
1889 1673 2233 1732 peccatorum
2262 1667 2521 1735 qualitate
2549 1669 2632 1722 vel
2661 1671 2962 1738 quantitate
2992 1673 3258 1740 distincti,

1692 1757 1785 1826 qui
1815 1755 2019 1810 inimici
2047 1765 2174 1811 sunt
2203 1757 2332 1812 Deo.
2374 1757 2524 1814 Unde
2547 1768 2601 1814 et
2629 1760 2717 1815 ille
2742 1762 2834 1831 qui
2875 1779 3040 1833 supra
3067 1779 3258 1822 omnes

1624 1832 1663 1888 Β
1694 1848 1971 1917 peccavit,
2023 1861 2054 1901 a
2104 1847 2272 1903 Paulo
2321 1850 2544 1906 ultimus
2583 1851 2836 1908 inimicus
2895 1832 3259 1916 destruendus

1691 1955 1810 1994 esse
1836 1948 2168 1993 memoratur
2190 1939 2256 1994 ".
2284 1938 2448 1996 Versa
2471 1952 2648 1997 autem
2668 1945 2785 2000 vice
2807 1956 2863 2001 et
2881 1949 3070 2003 ordine
3093 1950 3256 2004 etiam

1691 2049 1785 2089 eos
1812 2033 1904 2102 qui
1939 2033 2274 2088 reconciliati
2311 2045 2436 2090 sunt
2465 2051 2564 2104 per
2607 2049 2838 2093 mortem
2868 2040 2986 2096 Filii
3015 2043 3131 2112 ejus
3153 2084 3168 2110 ,
3198 2044 3255 2097 in

1690 2127 1884 2182 amicis
1915 2125 2025 2195 (92)
2055 2125 2240 2181 haberi
2265 2138 2472 2184 certum
2503 2139 2588 2185 est
2619 2147 2633 2184 :
2666 2141 2721 2186 et
2757 2148 2881 2188 esse
2907 2135 3143 2204 aliquem
3180 2135 3253 2189 ita

1690 2222 1950 2290 amicum,
1979 2225 2127 2280 sicut
2150 2221 2362 2292 Moyses
2392 2224 2604 2280 amicus
2625 2225 2718 2280 Dei
2741 2227 3038 2297 appellatus
3063 2241 3146 2284 est
3167 2230 3209 2261 "
3235 2246 3251 2282 :

1689 2329 1814 2370 esse
1841 2331 2058 2386 quoque
2083 2314 2221 2369 alios
2241 2314 2439 2384 quibus
2471 2315 2581 2386 (95)
2607 2319 2734 2372 dicit
2759 2318 3008 2374 Salvator
3040 2338 3053 2375 :
3091 2339 3109 2384 ς
3134 2319 3253 2376 Jam

1690 2423 1794 2463 non
1821 2407 1998 2462 dicam
2023 2420 2117 2463 vos
2140 2420 2362 2473 servos,
2391 2411 2484 2463 sed
2531 2410 2737 2465 amicos
2763 2409 2831 2466 ".
2876 2429 2895 2462 ι
2931 2411 3107 2466 Credo
3158 2427 3257 2466 au-

1691 2508 1796 2552 tem
1825 2515 1946 2555 esse
1968 2501 2142 2556 adhuc
2164 2502 2336 2572 magis
2357 2500 2654 2556 familiares
2679 2501 2892 2571 aliquos
2915 2502 2968 2556 in
3003 2503 3252 2562 calcati-

1689 2591 1788 2647 bus
1814 2594 2018 2649 amicos
2041 2597 2182 2667 apud
2216 2597 2404 2657 Deum,
2440 2594 2524 2649 vel
2550 2593 2668 2649 illos
2689 2594 2781 2664 qui
2816 2610 3031 2665 semper
3071 2596 3258 2652 vident

1687 2683 1882 2740 faciem
1917 2687 2050 2750 Dei,
2081 2689 2166 2742 vel
2207 2703 2304 2743 eos
2356 2687 2444 2757 qui
2497 2699 2710 2756 semper
2763 2687 2982 2743 adstant
3031 2689 3083 2743 in
3121 2703 3256 2744 con-

1687 2788 1871 2846 spectu
1925 2780 2190 2835 Altissimi
2245 2797 2260 2834 :
2314 2791 2373 2834 ut
2439 2778 2582 2834 sicut
2639 2795 2803 2850 supra
2857 2782 3095 2837 diximus
3134 2797 3256 2838 esse

1684 2871 1973 2939 quemdam
2017 2873 2368 2927 novissimum
2422 2871 2728 2936 inimicum,
2785 2875 2860 2927 ita
2913 2884 2968 2928 et
3022 2874 3093 2929 ibi
3156 2889 3254 2943 pro

1686 2963 1945 3017 virtutum
1990 2966 2204 3020 meritis
2255 2965 2555 3022 habeantur
2603 2967 2766 3036 aliqui
2810 2966 3009 3021 summi
3066 2967 3250 3022 amici.

1683 3052 1818 3109 Cum
1852 3070 1980 3125 ergo
2011 3057 2124 3112 haec
2154 3059 2226 3112 ita
2259 3059 2392 3118 sint.
2425 3059 2608 3114 nescio
2632 3060 2676 3115 si
2711 3057 2759 3114 is
2792 3057 2884 3128 qui
2920 3058 3097 3113 adhuc
3131 3073 3254 3128 per-

55 3150 136 3194 tam
164 3143 266 3216 (88)
298 3149 546 3204 terribile
592 3152 664 3205 sit
705 3152 831 3208 illud
876 3157 1020 3226 quod
1067 3156 1118 3210 in
1148 3159 1362 3214 cantico
1412 3156 1578 3230 Moysi

1703 3155 1869 3200 nanet
1915 3147 1968 3201 in
2006 3147 2092 3203 his
2137 3150 2390 3219 operibus
2421 3150 2532 3222 (94)
2585 3167 2706 3222 quae
2735 3150 2851 3206 odit
2886 3149 3027 3204 Deus
3067 3158 3122 3204 et
3153 3164 3252 3218 pro

54 3240 429 3305 pronuntiatur,
460 3243 548 3296 ubi
584 3243 718 3299 dicit
750 3259 766 3300 :
795 3245 930 3314 Quia
967 3265 987 3300 ‹
1028 3248 1167 3320 ignis
1197 3264 1459 3306 accensus
1498 3263 1583 3308 est

55 3336 91 3376 ιη
115 3325 275 3384 lurore
304 3347 427 3386 meo
450 3373 466 3398 ,
493 3343 548 3390 et
577 3336 788 3394 ardebit
820 3354 988 3410 usque
1014 3341 1082 3396 ad
1129 3341 1402 3398 infernum
1436 3343 1581 3402 infe-

54 3419 254 3480 riorem:
288 3426 540 3480 comedet
585 3437 786 3483 terram
833 3440 890 3485 et
946 3435 1227 3488 nascentia
1278 3435 1416 3505 ejus.
1447 3452 1581 3492 con-

53 3507 259 3580 ﬂagrabit
300 3515 654 3574 fundamenta
706 3522 968 3577 montium
1002 3524 1090 3579 ἰτ
1130 3544 1147 3576 ι
1199 3527 1412 3583 intuere
1453 3543 1582 3600 ergo

53 3606 147 3670 quia
169 3607 299 3678 ignis
329 3611 436 3666 iste
464 3614 557 3680 qui
603 3614 670 3669 de
702 3614 781 3670 ira
810 3618 894 3672 vel
926 3619 991 3674 de
1015 3617 1196 3673 furore
1238 3621 1452 3676 Domini
1489 3637 1584 3677 ac—

52 3698 294 3763 cenditur,
327 3710 530 3756 terram
559 3712 616 3758 et
662 3704 931 3761 infernum
973 3708 1283 3764 inferiorem
1323 3712 1578 3775 comedit,

52 3797 90 3839 et
111 3804 256 3858 opera
308 3802 528 3852 terrena
581 3799 854 3853 consumit
887 3817 901 3852 :
936 3799 1234 3869 conﬁagrat
1279 3800 1441 3856 etiam
1473 3818 1578 3857 non

52 3883 228 3938 excelsa
303 3889 606 3954 montium,
661 3892 757 3945 sed
801 3890 1184 3954 fundamenta,
1235 3891 1288 3946 id
1328 3903 1412 3947 est
1470 3907 1577 3947 non

52 3975 268 4034 sublimes
297 3980 530 4046 animas,
567 3997 744 4051 neque
777 3981 1032 4037 emlestes
1055 3997 1268 4046 sensus,
1300 3984 1394 4038 sed
1426 3983 1575 4038 humi

53 4075 178 4134 atque
214 4070 265 4124 in
297 4081 503 4126 terram
537 4073 775 4142 dejectos
799 4116 815 4140 ,
856 4075 941 4129 vel
971 4074 1140 4130 etiam
1168 4075 1219 4129 in
1252 4074 1576 4144 profundunt

53 4166 202 4224 terrae,
246 4171 304 4216 ut
350 4172 480 4217 sunt
510 4163 774 4219 montium
831 4163 1222 4232 fundamenta,
1273 4167 1571 4221 demersos.

54 4241 291 4308 Paululum
339 4269 475 4324 ergo
505 4257 671 4310 etiam
728 4257 794 4311 de
824 4258 904 4312 ira
928 4257 1040 4328 (89)
1069 4259 1310 4328 oportuit
1357 4259 1572 4322 disseri,

52 4347 92 4388 ut
116 4346 336 4411 apertius
390 4356 708 4404 nosceretur
745 4364 775 4403 a
812 4349 1010 4418 quibus
1059 4365 1159 4406 nos
1193 4349 1350 4406 malis
1373 4350 1574 4407 Christi

52 4438 228 4498 sanguis
253 4441 476 4509 eripuit.

1682 3241 1881 3310 quibus
1915 3240 2216 3298 inimicitiae
2249 3253 2374 3298 sunt
2401 3243 2544 3299 inter
2573 3243 2739 3299 Deum
2766 3252 2820 3299 et
2848 3242 3127 3307 homines,
3165 3256 3253 3299 re-

1683 3333 2005 3389 conciliatus
2033 3348 2154 3389 esse
2183 3337 2292 3391 Deo
2327 3352 2423 3406 per
2446 3337 2766 3408 sanguinem
2814 3335 3016 3393 Christi
3049 3327 3251 3392 merito

1683 3425 1914 3481 dicatur.
1951 3427 2232 3493 Quomodo
2257 3429 2401 3483 enim
2435 3429 2819 3485 reconciliatus
2850 3439 2966 3493 est,
3011 3431 3101 3498 qui
3129 3443 3252 3500 qua

1683 3516 1887 3574 inimici
1924 3530 2050 3574 sunt
2077 3521 2213 3591 gerit
2248 3521 2413 3592 (95)?
2458 3521 2660 3578 Paulus
2693 3537 2825 3590 ergo
2873 3523 3070 3577 merito
3099 3523 3167 3577 de
3192 3537 3254 3578 se

1683 3621 1740 3666 et
1765 3612 1868 3666 sibi
1896 3612 2164 3669 similibus
2193 3614 2344 3680 dicit,
2372 3615 2502 3684 quia
2543 3634 2563 3667 ι
2598 3631 2722 3671 eum
2747 3615 2952 3670 inimici
2980 3629 3248 3683 essemus,

1682 3706 2014 3762 reconciliati
2047 3722 2235 3762 sumus
2270 3723 2367 3776 per
2411 3723 2638 3764 mortem
2669 3710 2788 3764 Filii
2827 3710 2966 3780 ejus.
3007 3728 3027 3763 ο
3077 3709 3253 3766 Gran-

1681 3797 1762 3850 dis
1794 3797 1970 3866 pudor
1989 3807 2108 3860 est,
2133 3799 2224 3852 ubi
2255 3798 2380 3854 talis
2413 3800 2782 3855 reconciliatio
2816 3799 2960 3856 facta
3009 3811 3126 3866 est,
3158 3800 3251 3855 ubi

1682 3889 1994 3944 inimicitias
2032 3889 2180 3944 inter
2205 3890 2372 3945 Deum
2399 3900 2452 3944 et
2487 3891 2735 3946 homines
2767 3907 2876 3946 non
2909 3907 3090 3946 sermo
3122 3907 3251 3962 pec-

1679 3979 1918 4048 catoris,
1948 3983 2042 4036 sed
2077 3982 2299 4053 sanguis
2329 3982 2708 4039 intereessoris
2738 3982 3004 4048 absolvit,
3048 3985 3248 4039 iterum

1681 4088 1780 4129 nos
1812 4076 2058 4128 converti
2102 4074 2169 4128 ad
2206 4073 2556 4138 inimicitias,
2593 4084 2649 4128 et
2675 4089 2838 4143 agere
2868 4090 2932 4128 ea
2963 4088 3083 4144 quae
3134 4075 3252 4129 odit

1679 4163 1790 4227 ille,
1836 4179 2000 4234 quem
2047 4164 2204 4219 nobis
2251 4165 2352 4219 nisi
2385 4164 2498 4235 (96)
2542 4164 2734 4222 eﬁusio
2777 4166 3054 4235 sanguinis
3103 4168 3248 4222 sacri

1678 4256 2127 4311 reconciliaverat
2180 4271 2360 4313 nemo.
2420 4258 2643 4313 Plenius
2704 4267 2884 4312 autem
2940 4260 3107 4312 etiam
3177 4261 3246 4312 a-l

1679 4347 1945 4416 Ephesios
1993 4348 2110 4417 ipse
2136 4347 2338 4404 Paulus
2370 4351 2618 4406 scribens
2667 4351 2736 4405 de
2768 4351 2981 4405 ratione
3010 4353 3252 4406 reconci-

1675 4439 1924 4494 liationis
1947 4449 2003 4494 et
2035 4439 2334 4496 inimicitia
2356 4439 2496 4512 (97),
2533 4457 2597 4497 ac
2623 4441 2937 4512 profusione
2969 4440 3251 4512 sanguinis

103 4521 173 4578 l2.
211 4543 229 4576 ι
259 4528 316 4581 Si
355 4532 502 4584 enim
531 4546 653 4586 cum
686 4530 888 4588 inimici
929 4547 1204 4596 essemus,
1240 4533 1571 4590 reconciliati
1606 4551 1650 4606 ι)
1678 4531 1878 4587 Christi
1902 4543 2296 4590 commemorat
2327 4549 2343 4586 :
2378 4549 2501 4604 quae
2523 4534 2566 4589 si
2591 4535 2677 4589 his
2699 4534 3010 4606 jnngamus,
3037 4536 3250 4606 aperire

51 4627 196 4671 sumus
220 4619 328 4676 Deo
358 4638 456 4692 per
489 4633 718 4680 mortem
750 4624 870 4681 Filii
909 4627 1049 4696 ejus,
1081 4626 1250 4681 multo
1281 4628 1450 4699 magis
1483 4643 1572 4682 re-

53 4709 306 4775 rouciliati,
341 4716 478 4769 salvi
523 4719 731 4773 erimus
771 4719 824 4772 in
869 4719 977 4773 vita
1006 4719 1195 4788 ipsius.
1233 4718 1348 4774 Non
1397 4719 1571 4774 solum

51 4809 207 4867 autem,
258 4808 354 4861 sed
411 4817 468 4862 et
527 4811 826 4880 gloriamur
881 4810 937 4864 in
988 4811 1099 4866 Deo
1143 4826 1238 4881 per
1285 4811 1570 4866 Dominum

101 4941 136 4971 "
162 4942 302 4999 Rom.
346 4963 400 5010 ν,
424 4948 477 5004 9.
554 4947 600 4981 ⁸⁹
634 4949 762 5002 ibid.
791 4950 842 5006 Ι.
941 4951 990 4983 ’°
1021 4950 1154 5006 ihid.
1184 4951 1239 5006 9.

1338 4953 1380 4985 ⁹¹
1406 4951 1534 5006 ibid.
1579 4951 1631 5006 1.

1678 4623 1853 4678 locum
1881 4627 2164 4696 praesentis
2185 4626 2410 4695 capituli
2446 4625 2662 4682 facilius
2705 4636 2950 4695 possunt.
2990 4628 3082 4682 Ait
3115 4641 3247 4697 ergo

1678 4716 1752 4770 ita
1785 4717 1833 4750 θ’
1869 4735 1882 4771 :
1923 4736 1944 4770 ε
1977 4717 2207 4788 Propter
2233 4720 2376 4788 quod
2415 4734 2681 4774 memores
2709 4721 2838 4774 estis
2865 4720 2974 4790 (98)
3004 4735 3119 4785 vos,
3152 4721 3243 4788 qui

1680 4810 1973 4882 aliquando
2009 4819 2199 4883 gentes
2253 4813 2305 4866 in
2337 4827 2504 4868 carne
2536 4813 2862 4868 dicebamini
2921 4815 3243 4882 praeputium

1736 4951 1781 4983 ⁹¹
1808 4951 1938 5006 ihid.
1991 4951 2044 5007 9.
2133 4953 2178 4985 ”
2203 4951 2224 5007 Ι
2251 4952 2390 5007 Tim.
2413 4968 2489 5014 vr,
2522 4952 2608 5008 il.
2684 4951 2730 4984 °"
2760 4951 2911 5006 Deut.
2943 4969 3114 5017 χχχιι,
3148 4952 3240 5008 22.

52 5006 232 5067 "item.
257 5031 307 5082 ν,
334 5006 421 5084 10,
447 5021 534 5072 il.
609 5020 656 5052 “
686 5021 855 5076 lCor.
882 5037 970 5085 xv,
1003 5021 1092 5076 9.6.
1167 5023 1212 5054 "
1249 5021 1417 5076 Exod.
1457 5038 1582 5078 XXXI

1715 5023 1765 5076 1.
1839 5021 1886 5053 ⁸⁸
1911 5006 2069 5078 Joan.
2092 5037 2182 5087 xv,
2207 5006 2328 5078 715.7
2378 5023 2424 5055 ”
2453 5006 2647 5091 Ephes.
2674 5037 2732 5085 ll,
2766 5022 2854 5086 il,
2889 5037 3005 5092 seq.

103 5128 191 5192 (κδ)
233 5130 366 5188 Nos.
409 5133 464 5186 In
501 5135 660 5190 editis
693 5135 1057 5191 desideratur.

52 5193 195 5326 q"(37)
228 5203 412 5270 E-titi,
455 5223 473 5254 ι
508 5205 612 5260 Ista
645 5208 848 5277 itaque.
893 5225 912 5258 ι
951 5205 1054 5260 Ms.
1081 5220 1220 5260 unus
1244 5245 1258 5271 ,
1296 5225 1314 5257 ι
1350 5205 1431 5260 Ira
1467 5206 1569 5261 uti-

106 5283 142 5313 t3.
180 5284 194 5313 δ

106 5283 194 5313 t3.)

105 5332 195 5398 (88)
231 5333 380 5389 Tum.
409 5337 567 5389 Deest
596 5345 648 5391 in
678 5345 865 5402 editis.

229 5404 342 5474 Ira.
373 5406 539 5468 Edili,
583 5425 600 5457 ι
637 5419 800 5473 terra,
835 5435 854 5462 ι
887 5415 1045 5471 male.

104 5472 200 5555 (90)
221 5473 308 5528 Sic
334 5479 464 5532 editi
491 5487 702 5555 et__mss.
733 5472 991 5555 Rabanus
1013 5502 1162 5551 vero,
1197 5505 1216 5539 ι
1248 5487 1338 5555 qui
1362 5485 1565 5540 inimici

52 5545 816 5620 auutDeo,reconciliationem
850 5553 1034 5620 utique
1072 5545 1176 5612 non
1215 5545 1497 5614 haberent.
1543 5574 1561 5605 ι

104 5613 192 5684 (9i)
231 5617 366 5670 Editi
402 5636 419 5667 ‹
463 5627 742 5684 quantum,
782 5638 801 5669 ι
839 5613 995 5676 male.

104 5682 195 5748 (εὴ)
231 5688 317 5740 Sic
349 5682 536 5740 omnes
571 5704 696 5742 mss.
743 5691 934 5744 nostri.
991 5694 1313 5753 Salodianus
1352 5714 1484 5755 vero
1513 5709 1568 5754 et

57 5743 638 5832 iicr_lit_'ttt_.s_,‘_¢inimicos,
673 5779 696 5832 ν»
735 5743 1516 5832 Genebrardusr:Ia‘n‘iic'ti's:t

105 5825 192 5893 ("5)
230 5825 391 5890 Editi,
433 5846 450 5878 ι
483 5828 548 5881 de
575 5831 785 5896 quibus.
823 5850 840 5881 ι

320 5928 585 5988 Parnm.
627 5931 718 5990 Gtt
756 5930 941 6010 XIV.

1745 5136 1858 5207 (94)
1899 5136 2064 5198 Editi,
2100 5154 2122 5188 ι
2149 5137 2325 5190 adhuc
2348 5138 2399 5190 in
2428 5135 2511 5207 his
2536 5133 2791 5207 operibus
2811 5142 2913 5202 est,
2947 5151 2968 5186 ι
2995 5144 3102 5190 etc.
3133 5133 3242 5190 Sed

1679 5226 1698 5259 ι
1740 5205 1884 5261 εει»
1923 5208 2076 5262 deest
2110 5208 2160 5259 in
2191 5209 2426 5260 editione
2453 5205 2684 5260 Merlini.

1746 5277 1856 5347 (95)
1894 5276 2026 5342 Quae
2061 5277 2260 5347 injntici
2286 5285 2406 5330 sunt
2453 5277 2606 5343 gerit.
2653 5273 2911 5347 Merlinus
2939 5282 3017 5347 et
3066 5272 3243 5329 Gene-

1675 5332 2218 5426 hrard'uswperpefam
2246 5332 2499 5402 habent'c
2541 5360 2765 5400 causam
2798 5345 3006 5398 inimici
3051 5359 3237 5400 secum

1870 5439 2138 5542 .Rabanus
2158 5487 2318 5542 habet
2347 5503 2372 5538 r
2402 5501 2509 5542 non
2541 5483 2670 5549 nisi,
2695 5502 2714 5535 ι
2745 5485 2949 5539 omisso
2980 5503 3000 5534 ι
3029 5500 3188 5540 nemo
3212 5503 3233 5537 ι

1670 5563 2054 5708 Ιῗὶῶἓῗᾟάἰιί,
2091 5645 2110 5678 ί
2153 5627 2508 5694 inimicitia“
2575 5642 2677 5682 ms.
2727 5641 2886 5692 unus,
2925 5645 2944 5677 ι
2999 5626 3236 5681 inimici-

1673 5707 2052 5836 ιωῶἓῗλῖἰηε,
2087 5788 2103 5818 ‹
2141 5784 2406 5827 memores
2432 5770 2550 5827 sitis
2575 5784 2704 5833 vos;
2737 5788 2756 5820 ι
2783 5767 2884 5834 al.,
2917 5785 2936 5817 ι
2968 5777 3235 5823 memores

1669 5854 1790 5893 esse
1827 5837 2037 5892 debetis
2069 5855 2182 5893 vos.
2227 5859 2245 5889 ι
