3768 6544
525 340 666 399 1003

2054 340 2375 399 ORIGENIS

3607 354 3736 408 1004

525 473 595 526 ab
636 487 697 525 ea
749 484 867 540 qua:
940 467 1141 523 dicitur
1184 467 1525 523 circumcisio
1579 467 1630 520 in
1681 482 1865 531 carne,
1921 481 2082 522 manu
2113 473 2160 529 Α
2188 468 2506 536 sanguinem
2556 481 2714 521 suum
2755 467 3000 526 homines
3043 469 3173 534 Deo,
3221 485 3314 526 eos
3361 469 3616 526 duntaxat
3648 479 3730 544 qui

526 563 700 627 facta,
729 561 984 632 quoniam
1042 561 1212 617 eratis
1273 560 1363 616 illo
1408 571 1645 630 tempore
1690 561 1806 614 sine
1843 558 2082 627 Christo,

527 653 746 708 alienati
787 667 816 706 a
868 650 1276 706 conversatione
1321 649 1520 715 Israel,
1564 659 1618 704 et
1646 651 1915 720 peregrini
1959 665 2084 720 pro-

526 742 803 798 missionis
833 749 1276 797 testamentorum
1303 741 1442 811 ejus.
1477 756 1626 808 spem
1659 756 1764 796 non
1794 740 2080 807 habentes,

525 845 578 891 et
618 837 736 891 sine
766 835 874 890 Deo
902 835 955 888 in
991 835 1094 889 hoc
1121 836 1343 889 mundo.
1372 834 1523 888 Nunc
1565 843 1742 888 autem
1785 834 1836 888 in
1867 833 2084 888 Christo

523 927 649 984 Jesu
673 942 790 991 vos,
817 929 906 996 qui
933 926 1216 996 aliquando
1231 927 1394 980 eratis
1425 925 1602 996 longe,
1629 926 1753 980 facti
1769 926 1900 981 estis
1919 941 2083 996 prope

527 1022 581 1075 in
626 1022 885 1090 sanguine
915 1020 1142 1075 Christi.
1175 1021 1293 1088 Ipse
1333 1029 1418 1074 est
1444 1020 1584 1073 enim
1611 1034 1714 1088 pax
1752 1028 1956 1084 nostra,
1987 1019 2080 1088 qui

525 1113 654 1168 fecit
690 1123 918 1183 utraque
954 1128 1140 1176 unum,
1180 1122 1234 1166 et
1269 1113 1502 1166 medium
1539 1112 1798 1180 parietem
1835 1113 2082 1166 maceria:

524 1205 740 1260 solvens
761 1245 778 1273 ,
806 1204 1147 1258 inimicitiam
1179 1204 1230 1258 in
1253 1219 1419 1258 carne
1480 1219 1598 1269 sua,
1635 1204 1806 1273 legem
1861 1204 2082 1258 manda-

525 1307 701 1351 torum
754 1297 807 1351 in
842 1297 1076 1351 decretis
1109 1310 1414 1362 evacuans,
1454 1305 1513 1351 ut
1567 1297 1699 1352 duos
1733 1297 1988 1352 conderet
2022 1295 2078 1350 in

526 1391 819 1457 semetipso
843 1427 860 1453 ,
893 1389 946 1442 in
980 1403 1087 1443 uno
1118 1403 1254 1442 uovo
1289 1387 1508 1443 homine
1546 1388 1753 1444 faciens
1783 1403 1994 1456 pacem,
2019 1397 2080 1442 nt

524 1481 683 1553 5‘3
725 1481 1102 1536 reconciliaret
1139 1491 1401 1552 utrosque
1445 1481 1506 1535 in
1550 1496 1656 1534 uno
1701 1495 1929 1550 corpore
1963 1479 2076 1551 (99)

519 1574 655 1637 Deo,
692 1587 787 1642 per
821 1587 1040 1627 crucem
1072 1573 1406 1628 interficiens
1437 1573 1750 1628 inimicitias
1793 1574 1844 1628 in
1871 1583 2076 1627 semet-

519 1665 664 1735 ipso,
711 1674 768 1719 et
803 1664 1024 1720 veniens
1049 1664 1437 1734 evangelizavit
1475 1679 1658 1734 pacem
1689 1664 1843 1718 vobis
1876 1663 1953 1734 (l)
1984 1663 2076 1732 qui

520 1756 699 1825 longe,
735 1763 790 1809 et
817 1769 1006 1823 pacem
1035 1756 1120 1811 his
1159 1757 1248 1825 qui
1283 1772 1471 1826 prope,
1495 1757 1748 1825 quoniam
1777 1769 1872 1824 per
1903 1756 2075 1824 ipsum

519 1849 784 1903 habemus
814 1861 1088 1902 accessum
1133 1848 1350 1917 utrique
1384 1849 1438 1901 in
1470 1863 1577 1902 uno
1612 1847 1814 1912 Spiritu
1859 1847 1925 1900 ad
1974 1847 2078 1902 Pa-

522 1951 719 1992 trem.»
753 1938 857 1994 Sed
883 1940 1152 2009 praecipue
1183 1939 1233 1992 in
1267 1940 1351 1994 his
1379 1939 1507 1994 illud
1536 1940 1764 1994 observa
1799 1939 1897 2010 (Ξ),
1930 1940 2075 2009 quod

522 2029 772 2085 Christus
795 2030 1026 2084 medium
1053 2031 1312 2098 parietem
1350 2031 1603 2086 maceriae
1627 2032 1784 2086 solvit
1819 2033 1870 2086 in
1909 2046 2076 2087 carne

519 2138 640 2187 sua,
669 2122 720 2176 id
743 2132 827 2177 εει
852 2121 1212 2186 inimicitiam,
1237 2131 1289 2176 et
1311 2123 1452 2190 quod
1501 2123 1870 2177 reconciliavit
1893 2132 2076 2178 utros-

519 2229 624 2282 que
650 2213 702 2267 in
735 2227 843 2267 uno
871 2227 1098 2283 corpore
1123 2212 1232 2267 Deo
1257 2229 1353 2283 per
1383 2229 1625 2280 crucem,
1659 2225 1715 2269 et
1740 2215 1882 2286 quod
1906 2215 2076 2270 inter-

519 2303 650 2360 fecit
691 2304 1030 2358 inimicitiam
1073 2304 1125 2358 in
1172 2318 1355 2358 cruce.
1391 2305 1446 2358 In
1478 2319 1583 2374 quo
1613 2320 1718 2359 non
1749 2305 1869 2362 sine
1913 2321 2078 2362 causa

517 2396 654 2450 mihi
683 2394 882 2449 Paulus
901 2395 1140 2450 secundo
1160 2395 1720 2450 videturinimicitiam
1750 2397 2076 2465 nominasse,

519 2495 574 2540 et
605 2485 658 2540 in
688 2500 795 2540 uno
823 2485 1043 2554 quidem
1070 2484 1272 2539 dixisse
1299 2485 1439 2554 quod
1481 2485 1704 2540 solverit
1739 2487 2074 2541 inimicitiam

519 2576 773 2631 Christus
805 2575 880 2646 (3)
909 2576 963 2630 in
999 2590 1187 2641 carne,
1218 2575 1272 2630 in
1315 2576 1551 2630 secundo
1582 2591 1710 2632 vero
1740 2576 2077 2632 interfecisse

515 2684 638 2723 eam
678 2669 731 2723 in
780 2682 962 2723 cruce.
993 2667 1217 2723 Solvere
1246 2682 1480 2738 namque
1511 2667 1639 2723 mihi
1665 2667 1878 2724 videtur
1907 2670 1960 2724 in
1991 2671 2076 2726 his

516 2761 610 2830 qui
647 2761 826 2815 adhuc
853 2768 1128 2814 certamen
1159 2767 1352 2828 gerunt
1382 2760 1665 2814 adversum
1695 2769 1992 2828 peccatum.
2021 2769 2076 2816 et

513 2862 821 2922 repugnant
843 2853 890 2908 ei
915 2866 1012 2921 pro
1027 2851 1234 2906 viribus
1261 2868 1274 2903 :
1302 2851 1610 2907 interficere
1635 2866 1762 2907 vero
1793 2851 1842 2906 in
1876 2853 1960 2906 his
1983 2853 2074 2921 qui

517 2954 795 3016 peccatum
827 2944 940 3013 iam
978 2958 1322 3014 nequaquam
1374 2944 1598 2998 omnino
1644 2945 1934 3014 recipiunt,
1977 2946 2073 3001 sed

505 3039 658 3093 omni
692 3053 758 3094 ex
798 3048 951 3107 parte
981 3038 1222 3092 membra
1263 3053 1359 3093 sua
1393 3037 1855 3092 mortiﬁcaverunt
1883 3054 2076 3108 pecca-

517 3145 570 3185 to
601 3148 614 3183 :
643 3145 710 3185 ex
757 3129 953 3198 quibus
997 3138 1204 3225 erat—et
1249 3129 1336 3184 ille
1384 3129 1474 3198 qui
1524 3128 1737 3184 dicebat
1769 3147 1782 3183 :
1811 3148 1830 3182 ι
1855 3129 2076 3186 Christo
2101 3162 2146 3225 ο

502 3223 909 3278 eoucrucillxus
934 3236 1078 3277 sum.
1105 3220 1242 3276 Vivo
1265 3231 1462 3282 autem,
1492 3222 1602 3291 jam
1635 3238 1742 3276 non
1775 3237 1906 3288 ego;
1942 3223 2074 3280 vivit

510 3327 642 3370 vero
664 3315 718 3370 in
750 3331 834 3370 me
858 3315 1165 3371 Christus'.
1195 3334 1214 3366 ›
1242 3313 1355 3369 Hoc
1379 3329 1507 3384 ergo
1534 3313 1692 3368 modo
1716 3314 1877 3368 etiam
1908 3315 2069 3370 Chri-

500 3414 630 3460 ‘Itus
661 3405 860 3459 occidit
886 3403 1222 3457 inimicitiam
1273 3403 1324 3456 in
1373 3416 1536 3457 carne
1569 3418 1688 3469 sua,
1726 3419 1848 3458 cum
1896 3414 2068 3459 morte

512 3505 760 3564 suscepta
795 3493 1100 3564 exemplum
1130 3494 1279 3549 dedit
1308 3494 1622 3548 hominibus
1642 3509 1812 3566 usque
1830 3496 1895 3548 ad
1925 3511 2069 3550 mor-

503 3598 620 3642 tem
664 3589 917 3644 resistere
957 3588 1241 3644 adversum
1291 3598 1569 3658 peccatum
1599 3604 1614 3641 :
1639 3595 1694 3641 et
1732 3587 1804 3641 ita
1853 3587 2067 3642 demum

498 3677 748 3734 resoluta
783 3679 1068 3734 inimicitia
1117 3680 1170 3735 in
1201 3695 1369 3735 carne
1402 3695 1524 3746 sua,
1561 3677 1940 3735 reconciliavit
1969 3694 2068 3749 per

2189 560 2504 616 inviolatum
2535 560 2991 616 reconciliationis
3015 560 3188 617 foedus
3215 563 3356 615 ultra
3390 579 3493 617 non
3514 579 3733 632 peccan-

2186 653 2255 705 do
2287 651 2623 706 custodiunt.
2658 651 2827 720 Igitur
2855 667 3002 707 mors
3037 651 3154 720 ejus
3185 663 3417 708 mortem
3445 655 3731 713 inimicitia:

2186 742 2332 797 dedit
2366 741 2415 796 ei
2447 757 2566 810 qua:
2599 752 2718 796 erat
2747 742 2889 796 inter
2917 758 3016 797 nos
3041 753 3094 797 et
3124 744 3311 811 Deum,
3339 755 3395 799 et
3423 748 3728 802 reconcilia-

2187 834 2348 888 tionis
2384 834 2620 888 initium.
2649 833 3000 888 Resurrectio
3033 846 3210 888 autem
3242 836 3411 904 ipsius
3437 846 3491 890 et
3519 838 3621 890 vita
3651 854 3729 891 sa-

2184 925 2348 979 lutem
2380 925 2730 980 credentibus
2763 927 3014 994 contulit,
3039 929 3174 980 sicut
3205 937 3259 981 et
3287 927 3418 982 alibi
3454 929 3729 997 Apostolus

2184 1018 2312 1071 dicit
2341 1019 2408 1072 de
2439 1017 2728 1072 Christo’:
2756 1035 2774 1068 ‹
2802 1017 2952 1084 Quod
2977 1037 2994 1070 ι
3022 1018 3164 1072 enim
3197 1037 3214 1069 ι
3241 1031 3494 1074 mortuus
3514 1031 3593 1074 est
3617 1037 3726 1089 pec-

2181 1120 2327 1172 cato,
2373 1121 2618 1163 mortuus
2653 1117 2739 1163 est
2773 1108 2970 1173 semel;
3018 1109 3160 1177 quod
3209 1119 3392 1163 autem
3430 1111 3580 1175 vivit,
3611 1112 3724 1164 vivit

2184 1201 2310 1255 Deo.
2337 1219 2356 1252 ι
2407 1200 2636 1255 Peccato
2679 1208 2923 1254 mortuus
2969 1200 3192 1264 dicitur,
3237 1216 3344 1255 non
3395 1216 3538 1256 suo:
3571 1217 3724 1272 neque

2182 1294 2323 1347 enim
2358 1302 2636 1363 peccatum
2677 1291 3010 1348 fecit':sed
3061 1294 3175 1361 ipse
3225 1303 3453 1362 peccato
3500 1307 3727 1349 mortuus

2180 1395 2284 1449 est,
2316 1386 2367 1442 id
2395 1396 2480 1442 est
2531 1387 2677 1442 velut
2698 1388 2790 1457 qui
2840 1397 3010 1442 morte
3046 1402 3143 1441 sua
3177 1398 3402 1457 peccato
3441 1388 3543 1456 ipsi
3594 1389 3726 1443 intu-

2181 1479 2405 1551 lerit“)
2437 1490 2687 1534 mortem.
2728 1480 2922 1536 Vivere
2973 1491 3150 1536 autem
3194 1479 3396 1534 dicitur
3433 1480 3568 1542 Deo,
3601 1491 3652 1533 ut
3678 1491 3725 1535 et

2179 1588 2280 1628 nos
2309 1586 2414 1625 non
2440 1572 2611 1636 nobis,
2637 1587 2813 1640 neque
2846 1582 3046 1628 nostrae
3080 1572 3367 1636 voluntati,
3401 1573 3496 1628 sed
3533 1573 3637 1628 Deo
3662 1575 3724 1627 vi-

2177 1676 2366 1715 vamus
2393 1671 2450 1716 ut
2491 1662 2569 1715 ita
2600 1661 2817 1716 demum
2870 1664 2922 1717 in
2956 1663 3066 1717 vita
3097 1663 3264 1733 ipsius
3297 1662 3438 1717 salvi
3467 1678 3585 1719 esse
3614 1679 3723 1733 pos-

2179 1753 2370 1819 simus,
2398 1754 2690 1808 secundum
2729 1770 2851 1809 eum
2875 1756 2964 1825 qui
2995 1756 3130 1811 dixit
3157 1774 3172 1810 :
3208 1775 3227 1807 ι
3249 1757 3384 1811 Vivo
3409 1767 3607 1820 autem,
3626 1757 3724 1826 jam

2178 1861 2283 1899 non
2314 1861 2447 1916 ego;
2478 1846 2608 1900 vivit
2656 1860 2784 1902 vero
2821 1847 2874 1901 in
2924 1863 3009 1902 me
3034 1846 3284 1902 Christus
3303 1850 3342 1899 ⁸.
3373 1865 3394 1898 ι
3431 1847 3580 1914 Quod
3611 1861 3724 1900 vero

2177 1938 2430 1994 similiter
2475 1949 2533 1993 ut
2582 1940 2634 1992 in
2681 1940 3052 2010 superioribus
3116 1940 3294 2008 posuit
3325 1959 3342 1995 :
3376 1957 3397 1992 ι
3422 1939 3536 1994 Non
3570 1939 3723 1994 solum

2177 2040 2385 2094 autem,
2411 2029 2502 2085 sed
2535 2039 2591 2084 et
2617 2045 2757 2086 nunc
2783 2031 3079 2101 gloriamur
3106 2029 3158 2084 in
3195 2029 3329 2094 Deo,
3354 2048 3374 2082 ι
3408 2039 3462 2083 et
3492 2030 3620 2084 nihil
3642 2030 3726 2082 ad-

2177 2120 2311 2174 didit
2333 2122 2400 2174 ad
2441 2140 2459 2172 r
2483 2137 2590 2176 non
2627 2121 2798 2176 solum
2841 2132 3043 2185 autem.
3073 2141 3090 2174 ι
3123 2122 3379 2176 similiter
3409 2130 3470 2175 ut
3498 2125 3723 2192 superius

2177 2212 2578 2283 intelligendum
2614 2222 2700 2267 est
2732 2213 2796 2268 de
2834 2213 2920 2269 his
2955 2215 3157 2268 dictum
3200 2229 3324 2284 quae
3377 2228 3544 2284 supra
3593 2228 3723 2267 carn-

2176 2303 2438 2373 prehensa
2489 2313 2614 2358 sunt
2639 2320 2652 2356 :
2680 2303 2730 2358 id
2777 2312 2878 2367 est,
2925 2305 3067 2373 quod
3105 2319 3210 2359 non
3253 2303 3434 2359 solum
3463 2304 3539 2374 (5)
3571 2322 3590 2354 α
3615 2319 3724 2357 cum

2176 2393 2379 2448 inimici
2415 2409 2678 2462 essemus,
2717 2396 3050 2451 reconciliati
3079 2412 3268 2451 sumus
3299 2397 3412 2452 Deo
3450 2412 3548 2468 per
3593 2412 3724 2450 mor-

2178 2495 2282 2540 tem
2308 2485 2428 2540 Filii
2471 2487 2610 2555 ejus,
2634 2504 2654 2537 ι
2692 2495 2746 2540 et
2774 2501 2877 2541 non
2909 2487 3080 2541 solum
3115 2504 3134 2536 ι
3160 2486 3213 2541 in
3243 2488 3356 2541 vita
3406 2489 3574 2557 ipsius
3603 2486 3722 2541 salvi

2176 2578 2401 2644 erimus,
2425 2579 2517 2633 sed
2547 2587 2600 2634 et
2625 2594 2768 2632 nunc
2795 2578 3090 2648 gloriamur
3115 2578 3170 2633 in
3194 2579 3303 2634 Deo
3326 2595 3427 2650 per
3457 2579 3724 2633 Dominum

2175 2679 2420 2726 nostrum
2451 2667 2636 2727 Iesum
2658 2669 2955 2734 Christum,
2987 2684 3083 2738 per
3121 2685 3282 2740 quem
3331 2670 3724 2725 reconciliatio-

2176 2775 2298 2814 nem
2346 2761 2716 2829 accepimus.»
2765 2757 2879 2813 Non
2922 2768 3098 2813 autem
3147 2760 3267 2816 sine
3318 2774 3483 2814 causa
3512 2761 3723 2822 addidit,

2180 2868 2198 2902 ι
2230 2865 2391 2914 nunc,
2420 2868 2438 2902 ι
2475 2865 2596 2905 cum
2630 2849 2896 2917 potuisset
2924 2849 3104 2903 dicere
3130 2866 3145 2903 :
3179 2866 3200 2899 ι
3223 2849 3331 2904 Sed
3361 2861 3418 2904 et
3447 2849 3724 2919 gloriamur

2176 2941 2229 2996 in
2264 2942 2373 2996 Deo
2398 2957 2492 3012 per
2524 2941 2806 2995 Dominum
2836 2951 3081 2996 nostrum
3109 2940 3292 2996 Iesum
3323 2941 3600 2997 Christum
3636 2942 3723 3013 (6),

2175 3050 2272 3106 per
2308 3050 2466 3106 quem
2536 3035 3028 3091 reconciliationem
3089 3036 3483 3106 accepimus“
3541 3038 3630 3090 sed
3676 3043 3725 3089 ut

2176 3127 2490 3182 ostenderet
2512 3127 2888 3196 gloriationem
2921 3127 3078 3182 nobis
3104 3142 3211 3182 non
3243 3128 3421 3182 solum
3449 3129 3503 3182 in
3537 3127 3723 3190 futuro,

2175 3219 2270 3274 sed
2325 3227 2378 3274 et
2430 3220 2482 3274 iu
2530 3221 2778 3289 praesenti
2825 3219 3007 3274 datam
3070 3219 3136 3274 de
3198 3220 3483 3292 agnitione
3538 3220 3653 3282 Dei,
3676 3230 3722 3274 et

2176 3311 2555 3368 emendatione
2583 3313 2729 3378 vitae,
2750 3323 2805 3368 et
2826 3328 3072 3368 errorum
3099 3313 3445 3368 correctione
3471 3311 3566 3382 (7),
3600 3312 3722 3365 sicut

2173 3414 2228 3458 et
2263 3406 2314 3459 in
2338 3405 2459 3462 aliis
2486 3406 2622 3461 idem
2650 3406 2726 3478 (8)
2753 3405 3039 3475 Apostolus
3069 3406 3202 3462 dicit
3231 3425 3249 3464 :
3280 3425 3300 3458 ο
3321 3405 3488 3477 Spem
3533 3405 3721 3460 haben-

2176 3506 2258 3551 tes
2286 3506 2341 3551 et
2375 3499 2657 3567 praesentis
2679 3499 2824 3565 vitae,
2845 3507 2898 3554 et
2922 3499 3118 3554 futura:
3134 3500 3190 3553 ':
3224 3518 3244 3554 ι
3269 3498 3576 3568 praesentis,
3596 3498 3720 3568 quod

2174 3589 2454 3646 honestior
2477 3601 2534 3646 et
2562 3591 2902 3648 emendatior
2926 3603 3044 3659 est;
3073 3591 3296 3660 futurae,
3339 3594 3486 3663 quod
3535 3602 3717 3648 aeterna

2175 3690 2280 3734 est.

1629 4003 1982 4095 LIBER
2061 4006 2630 4113 QUINTUS.

491 4353 494 4355 ν
578 4328 632 4384 1.
672 4345 692 4380 ι
716 4327 1014 4398 Propterea
1043 4329 1182 4385 sicut
1218 4344 1314 4402 per
1342 4347 1510 4387 unum
1542 4333 1818 4391 hominem
1865 4349 2063 4406 pecca-
2091 4339 2144 4401 D
2167 4335 2321 4408 legis,
2353 4346 2416 4394 et
2443 4350 2627 4393 eorum
2675 4336 2838 4412 5M
2881 4342 2973 4409 qui
3011 4356 3110 4411 per
3152 4341 3312 4396 tidem
3347 4341 3716 4409 justiticantnr.

507 4426 626 4473 tum
678 4419 732 4474 in
782 4420 926 4475 hunc
975 4421 1233 4475 mundum
1281 4421 1525 4489 intravit,
1558 4433 1613 4478 et
1658 4440 1755 4494 per
1784 4436 2066 4496 peccatum

507 4525 674 4577 mors,
711 4519 766 4566 et
811 4512 890 4566 sic
923 4512 976 4566 in
1010 4527 1200 4568 omnes
1242 4514 1492 4569 homines
1540 4530 1690 4570 mors
1725 4517 2064 4585 pertransiit,

507 4601 561 4656 in
603 4617 715 4673 quo
751 4617 940 4659 omnes
979 4615 1360 4673 peccaverunt.
1398 4606 1578 4676 Usque
1607 4607 1673 4661 ad
1720 4608 1891 4679 legem
1921 4609 2106 4662 enimc

503 4705 786 4765 peccatum
819 4707 938 4750 erat
965 4695 1041 4768 (9)
1068 4697 1118 4750 in
1153 4697 1254 4750 hoc
1293 4697 1512 4750 mundo.
1565 4697 1852 4753 Peccatum
1883 4709 2063 4755 autem

500 4800 608 4841 non
632 4785 949 4856 imputatur,
979 4802 1102 4842 cum
1135 4787 1217 4841 lex
1242 4802 1348 4841 non
1368 4796 1471 4842 est.
1507 4787 1612 4843 Sed
1645 4790 1888 4858 regnavit
1918 4805 2066 4846 mors

501 4879 567 4933 ab
591 4879 763 4933 Adam
794 4890 967 4948 usque
991 4879 1056 4931 ad
1097 4876 1340 4949 Moysen,
1370 4879 1422 4932 in
1447 4893 1540 4934 eos
1578 4884 1670 4949 qui
1700 4889 2066 4949 peccaverunt

499 4967 553 5020 iu
577 4969 982 5024 similitudinem
1015 4970 1639 5039 praevaricationisAdze,
1664 4973 1753 5042 qui
1781 4981 1864 5027 est
1890 4972 2062 5028 forma

499 5055 729 5114 futuri‘.
757 5080 778 5114 ι
817 5060 1174 5131 Posteaquam
1209 5063 1424 5117 edocuit
1455 5060 1814 5118 dill‘erentiam
1855 5064 1978 5120 ﬁdei
2010 5074 2065 5121 et

2169 4435 2332 4497 atque
2363 4442 2553 4484 eorum
2579 4430 2671 4497 qui
2696 4431 3083 4500 promissiones
3119 4447 3242 4500 quas
3269 4431 3337 4485 ad
3370 4441 3552 4502 patres
3577 4428 3716 4483 facta:

2168 4518 2408 4582 fuerunt,
2440 4534 2544 4576 non
2580 4533 2808 4590 possunt
2849 4537 3068 4592 sperare
3109 4537 3207 4592 per
3261 4523 3436 4594 legem
3461 4539 3478 4575 ε
3502 4529 3715 4587 cumque

2168 4609 2471 4677 aperuisset
2511 4613 2700 4666 arcani
2752 4623 2966 4670 secreta
3019 4613 3309 4685 mysterii,
3382 4612 3521 4682 quod
3567 4622 3713 4662 «cum

2169 4701 2377 4756 inimici
2402 4717 2647 4758 essemus
2676 4703 2806 4769 Deo,
2838 4720 2932 4775 per
2965 4717 3201 4759 mortem
3234 4703 3358 4758 Filii
3405 4702 3519 4771 ejus
3552 4713 3735 4754 recouo'

2168 4792 2336 4848 ciliati
2362 4796 2606 4860 sumus',
2627 4813 2647 4847 ι
2676 4811 2817 4851 nunc
2844 4805 2898 4850 et
2933 4811 3128 4852 causas
3148 4796 3233 4849 vel
3265 4811 3367 4850 cur
3390 4794 3588 4848 inimici
3613 4790 3733 4843 foe--

2168 4885 2362 4948 rimus,
2405 4887 2490 4941 vel
2533 4902 2630 4942 cur
2658 4901 2833 4942 morte
2860 4887 2990 4942 Filii
3022 4889 3117 4944 Dei
3166 4888 3462 4958 indiguerit
3507 4886 3607 4938 ista
3647 4896 3731 4933 re-=

2171 4978 2478 5033 conciliatio
2539 4989 2938 5048 consequenter
3010 4979 3230 5049 exponit
3283 4997 3299 5032 :
3349 4988 3408 5031 ut
3463 4977 3729 5029 intuentem

2169 5079 2368 5138 quanta
2427 5070 2582 5126 nobis
2632 5073 2950 5141 praestiterit
3008 5069 3166 5126 Iesus
3197 5109 3213 5134 ,
3267 5071 3376 5122 imo
3429 5081 3525 5135 pro
3577 5061 3727 5123 nobisi

572 5153 795 5233 _‘_G_ala_t1
819 5173 880 5224 tt,
910 5158 999 5225 l9,
1033 5160 1123 5214 ΞΟ.
1203 5163 1223 5192 ⁸
1249 5161 1404 5214 Rom.
1440 5175 1512 5224 vt,
1551 5159 1638 5214 l0.
1715 5161 1735 5190 ⁸
1764 5160 1783 5212 ι
1813 5159 1959 5215 Petr.
1988 5163 2073 5230 ",5

2227 5166 2250 5198 ⁸
2279 5167 2455 5223 Galat.
2486 5183 2548 5233 ll,
2575 5166 2670 5222 20.
2746 5168 2768 5200 '
2790 5165 2812 5220 I
2834 5167 2974 5222 Tim.
2996 5182 3071 5233 tv,
3103 5165 3158 5220 5.
3237 5165 3258 5196 ⁸
3281 5164 3442 5218 Rom.
3469 5159 3619 5225 v.19.
3641 5152 3725 5224 ιιι-ξ

497 5220 520 5253 ’
549 5222 700 5288 ibid.,
737 5227 825 5283 10.

547 5315 678 5395 ,(99)
708 5317 775 5372 In
803 5336 906 5374 uno
958 5337 1194 5387 corpore.
1226 5322 1394 5382 Alias.
1430 5339 1451 5373 ι
1475 5322 1528 5376 in
1591 5334 1856 5391 corpore;
1882 5341 1901 5374 ι
1958 5321 2053 5388 al.,

502 5399 523 5432 ι
548 5399 610 5456 tu_
626 5400 726 5456 suo
751 5404 1000 5456 corpore.
1033 5415 1052 5449 ι

563 5453 644 5520 (li
670 5455 832 5517 Editi,
852 5453 885 5508 ἰ
910 5462 1081 5515 nobis.
1104 5481 1124 5512 ι

532 5523 846 5646 ὺὲἷὶνξῖιὶιί,
882 5545 900 5579 t
923 5531 1013 5582 sed
1037 5531 1304 5602 prmcipue
1337 5533 1390 5587 in
1423 5533 1512 5588 his
1536 5531 1688 5595 illud,
1721 5531 1787 5585 ad
1815 5529 2058 5597 Patrem,

495 5605 745 5646 Observa.
768 5613 789 5648 Ι

673 5661 1076 5737 genebrnrdus.
1106 5688 1124 5720 ι
1151 5670 1376 5737 Christi,
1399 5691 1417 5724 ι
1451 5671 1615 5726 male.

495 5773 501 5779 .
869 5753 887 5784 ι
909 5749 1128 5813 peccato
1159 5730 1398 5794 iutulitdr

567 5802 641 5872 (5)
671 5802 839 5870 Editi,
877 5802 972 5860 rid
1003 5818 1105 5875 est,
1136 5825 1236 5876 pro
1264 5827 1371 5866 non
1405 5813 1613 5878 solum;
1642 5832 1659 5865 ι
1695 5813 1794 5880 al.,
1829 5831 1849 5866 ι
1874 5811 1926 5868 id
1953 5819 2056 5876 est,

2154 5339 2260 5379 non
2290 5325 2488 5378 solum.
2511 5343 2530 5376 υ

2227 5394 2302 5464 (6)
2329 5393 2432 5464 Se_d
2459 5403 2508 5446 et
2530 5393 2820 5464 gloriantur
2841 5393 2897 5464 in
2927 5392 3147 5464 Doequ
3165 5381 3465 5464 Hominum
3491 5391 3721 5464 ηοσξῃξιη.

2153 5452 2338 5518 ιεὲηὶη
2369 5452 2658 5517 omnium.
2695 5462 2818 5516 Haec
2863 5462 3056 5508 desunt
3076 5454 3130 5506 in
3165 5452 3323 5506 libris
3353 5463 3506 5506 antea
3531 5453 3719 5516 edint.

2227 5535 2306 5604 (7)
2354 5531 2425 5587 Ει
2470 5544 2709 5604 errorum
2761 5527 3102 5604 correctione.
3151 5522 3460 5604 Alias,g_tet
3505 5521 3719 5574 morum‘

2157 5593 2515 5667 correctione,
2541 5621 2559 5653 ι
2598 5602 2693 5661 al.,
2739 5614 2758 5648 t
2780 5603 3105 5667 et_erro_rum
3135 5593 3500 5667 correptione.
3528 5610 3547 5642 ι

2226 5673 2303 5741 (8)
2339 5662 2512 5736 Editi,
2536 5689 2554 5722 ι
2576 5670 2732 5741 item;
2757 5664 2939 5741 t_a_lias
2963 5663 3116 5716 deest
3155 5679 3173 5710 ι
3198 5662 3366 5741 idem.
3391 5681 3412 5717 ι

2227 5675 2280 5741 (8
2339 5673 2502 5736 Editi,
2536 5689 2554 5722 ι
2576 5673 2732 5728 item;
2757 5683 2776 5717 ι
2808 5673 2939 5716 alias
2963 5673 3116 5716 deest
3155 5679 3173 5710 ι
3198 5673 3355 5741 metu

2227 5673 2304 5816 (9;
2337 5741 2491 5797 Erat.
2519 5741 2679 5795 Deest
2704 5737 2761 5792 in
2787 5735 2943 5790 libris
2973 5743 3134 5788 antea
3167 5731 3355 5788 editis.
