3768 6544
109 364 226 419 illos

1037 372 1398 430 COMMENT.
1437 373 1497 427 ΙΝ
1532 373 1749 431 EPIST.
1782 377 1872 430 AD
1908 378 2075 436 ROM.
2116 381 2242 437 LIB.
2285 382 2348 441 V.

3179 394 3315 448 1005

108 494 283 552 quanta
320 488 634 556 pertulerit,
668 490 1002 550 radicatiore
1024 509 1153 565 erga
1179 509 1307 549 eum
1335 493 1462 560 tlde,
1491 507 1546 550 et
1573 497 1656 550 in-
1688 501 1733 556 A
1759 500 1850 554 sed
1895 501 1980 556 his
2022 502 2112 572 qui
2163 505 2332 561 multo
2376 504 2562 562 labore
2584 517 2639 563 et
2668 509 2864 564 sudore
2905 516 3176 579 potuerint
3202 529 3322 584 quze

108 577 384 644 separabili
417 579 534 650 (10)
566 582 833 638 charitate
868 593 1168 641 teneamur.
1202 586 1330 641 Ideo
1371 601 1502 656 ergo
1541 588 1666 644 licet

109 684 200 722 non
244 685 638 743 usquequaque
689 676 1018 743 patefactam
1058 679 1189 751 (ll),
1232 679 1436 734 indicat
1486 690 1663 737 tamen

110 760 252 814 nobis
288 772 344 816 et
387 763 620 820 alterius
661 768 860 822 secreti
919 769 1182 824 rationem
1217 771 1409 826 dicens
1440 787 1455 824 :
1487 789 1506 823 ι
1538 771 1665 828 Pro-

106 862 274 921 pterea
306 853 456 909 sicut
488 871 588 924 per
617 873 780 912 unum
805 860 1074 916 hominem
1103 875 1384 931 peccatum
1415 865 1661 920 introivit

107 945 150 997 ill
181 944 320 999 hunc
354 951 621 1002 mundum
659 951 792 1020 (12),
839 961 896 1008 et
930 968 1026 1024 per
1076 967 1356 1024 peccatum
1405 959 1609 1026 mors”,
1635 979 1654 1012 ι

103 1045 381 1094 etczetera.
414 1039 524 1094 Sed
557 1042 871 1112 priusquam
904 1045 972 1100 ad
1019 1047 1452 1117 explanationem
1495 1054 1660 1108 totius

102 1125 306 1196 capituli
343 1131 652 1198 veniamus,
679 1149 850 1203 pauca
883 1136 948 1191 de
980 1152 1045 1192 eo
1073 1139 1166 1208 qui
1203 1141 1414 1196 videtur
1437 1143 1490 1197 in
1525 1160 1656 1198 con-

102 1222 446 1288 sequentibus
490 1225 662 1293 ipsius
705 1227 904 1298 eloquii
965 1230 1181 1288 defectu
1234 1234 1460 1290 dicenda
1504 1247 1653 1292 sunt.

104 1309 196 1366 Ubi
239 1315 389 1368 enim
423 1316 645 1384 dicitur,
687 1339 706 1370 ι
736 1320 1018 1390 Propterea
1052 1323 1253 1391 sicut,»
1288 1330 1654 1387 necessarium

103 1407 309 1460 videtur
353 1411 500 1479 quod
543 1413 664 1466 addi
714 1415 906 1469 debeat
955 1416 1268 1488 adimpletio
1295 1422 1560 1490 quaedam,
1594 1432 1654 1479 ut

100 1496 319 1551 dicatur.
366 1497 446 1552 lta
483 1509 539 1554 et
569 1502 696 1557 illlld
730 1503 812 1558 vel
845 1504 996 1567 illud,
1025 1515 1084 1559 ut
1120 1517 1175 1563 et
1203 1509 1318 1578 ipse
1343 1511 1394 1564 in
1419 1512 1654 1566 nonnul-

99 1586 154 1640 lis
208 1590 330 1646 aliis
379 1591 516 1646 locis
567 1595 780 1662 scribit,
837 1599 985 1652 verbi
1036 1601 1230 1669 gratia,
1279 1617 1401 1657 cum
1437 1605 1648 1660 dicit”:

104 1697 120 1730 l
144 1681 293 1737 Sicut
317 1684 466 1738 enim
501 1685 552 1740 in
579 1687 748 1741 Adam
780 1703 970 1745 omnes
1003 1693 1332 1759 moriuntur,
1379 1695 1454 1750 ita
1499 1706 1554 1752 et
1595 1699 1652 1751 in

97 1771 303 1829 Christo
356 1791 554 1834 omnes
604 1779 1088 1838 viviﬁcabuntur.»
1144 1785 1245 1840 Hie
1300 1796 1478 1842 autem
1528 1804 1648 1844 cum

1772 591 1988 646 occulta
2040 604 2166 648 sunt
2213 610 2478 665 querere,
2525 599 2741 668 pulsare
2794 617 2914 670 qua:
2959 610 3140 664 clausa
3172 616 3320 671 sunt,

1771 680 2081 740 desiderare
2125 699 2246 755 quae
2290 688 2604 744 abscondita
2645 701 2790 746 sunt.
2830 691 3067 762 Denique
3092 707 3147 752 et
3179 699 3231 752 in
3259 712 3325 751 eo

1769 772 2023 842 capitulo,
2060 778 2206 845 quod
2236 794 2336 849 pro
2362 780 2716 836 similitudine
2746 784 2937 840 horum
2967 787 3240 842 'dictorum
3269 789 3324 842 ill

1769 865 2004 920 medium
2035 865 2149 940 (16)
2201 873 2540 936 adduximus,
2599 877 2649 930 id
2697 887 2817 945 est,
2853 881 3045 936 «Sicut
3077 884 3220 938 enim
3270 885 3325 937 ill

1765 955 1936 1010 Adam
1987 975 2180 1016 omnes
2229 965 2614 1032 moriuntur",
2637 989 2656 1023 ι
2686 986 2791 1025 non
2843 973 2999 1036 dixit,
3033 994 3052 1026 ‹
3079 975 3148 1030 ita
3183 985 3238 1030 et
3269 975 3322 1030 ill

1765 1047 1987 1107 Christo
2015 1067 2209 1110 omnes
2227 1075 2245 1108 ι
2281 1057 2535 1115 viviﬁcati
2563 1072 2712 1124 sunt,
2733 1073 2823 1118 aut
2849 1065 3212 1134 viviﬁcantur,
3229 1067 3324 1124 sed

1769 1139 2292 1208 «viviﬁcabuntur,»
2342 1157 2398 1200 ιιι
2459 1152 2770 1208 ostenderet
2810 1155 3029 1224 quidem
3083 1172 3324 1226 praesens

1765 1238 1976 1298 tempus
2007 1248 2128 1290 esse
2163 1235 2370 1292 laboris
2404 1250 2458 1294 et
2503 1244 2707 1311 operis,
2755 1246 2808 1298 in
2845 1260 2952 1315 quo
2996 1263 3092 1316 per
3123 1249 3319 1304 bonam

1761 1323 2224 1380 conversationem
2257 1327 2446 1382 merita
2465 1333 2891 1402 conquirantur;
2923 1333 3160 1390 futurum
3191 1352 3325 1393 vero

1759 1425 1881 1466 esse
1927 1413 1983 1469 in
2026 1429 2136 1484 quo
2175 1418 2594 1477 viviﬁcabuntur
2621 1425 2675 1479 hi
2709 1425 2800 1494 qui
2845 1426 2898 1481 in
2931 1429 3184 1496 praesenti
3209 1430 3320 1485 vita

1759 1501 1976 1561 Christo
2025 1512 2479 1580 commoriuntur,
2507 1517 2650 1572 sicut
2695 1531 2751 1574 et
2785 1519 2913 1575 alibi
2938 1522 2982 1554 “
3009 1523 3140 1578 dicit
3174 1524 3318 1579 idem

1757 1594 2049 1663 Apostolus
2081 1618 2094 1656 :
2132 1619 2151 1652 ι
2181 1602 2238 1658 Si
2284 1605 2430 1660 enim
2501 1611 2925 1678 commorimur,
2971 1623 3028 1670 et
3065 1619 3320 1673 convive-

1758 1703 1898 1746 mus.
1923 1707 1942 1742 ι
1988 1690 2056 1746 Ει
2097 1694 2214 1749 ideo
2249 1699 2410 1752 etiam
2443 1699 2496 1754 in
2543 1707 2797 1772 praesenti
2845 1707 2964 1764 loco
3008 1709 3319 1766 dissimulat

1757 1781 1997 1848 exsequi,
2050 1791 2106 1837 et
2151 1786 2448 1859 adimplere
2497 1807 2748 1853 sermone
2792 1813 2858 1854 ea
2897 1815 3019 1870 quae
3061 1817 3222 1858 sensu
3260 1815 3318 1859 et

99 1863 290 1920 dixerit
320 1883 335 1920 :
376 1885 398 1918 ι
428 1867 584 1922 Sicut
615 1883 712 1939 per
751 1887 914 1926 unum
949 1874 1222 1932 hominem
1268 1888 1544 1947 peccatum
1573 1881 1656 1935 in-
1686 1863 1729 1918 Β
1757 1878 2143 1946 consequentia
2172 1881 2428 1939 videnlur
2457 1887 2710 1958 intelligi.
2731 1889 2884 1946 Alius
2904 1863 3135 1948 fortasse
3159 1895 3313 1958 dicit,

99 1957 267 2010 troivit
301 1958 357 2013 in
392 1960 538 2014 hunc
571 1962 856 2029 mundum,
900 1974 954 2019 et
999 1982 1096 2036 per
1147 1981 1427 2040 peccatum
1486 1988 1654 2035 mors,

95 2057 142 2102 et
173 2051 243 2104 ita
291 2052 346 2106 in
397 2067 594 2106 omnes
631 2053 877 2117 homines
923 2073 1072 2114 mors
1099 2063 1438 2129 pertransiit,
1471 2063 1656 2133 inquo

94 2156 270 2198 omnes
325 2157 712 2213 peccaverunt,
748 2168 768 2202 ι
807 2166 914 2206 non
953 2152 1137 2206 retulit
1161 2153 1274 2224 (15)
1319 2164 1378 2210 ut
1426 2158 1653 2224 diceret,

93 2235 233 2290 verbi
281 2251 450 2293 causa
483 2255 497 2291 :
524 2239 601 2294 lla
625 2250 680 2296 et
706 2257 804 2311 per
833 2259 1003 2298 unum
1034 2244 1310 2302 hominem
1333 2248 1545 2318 iustitia
1572 2253 1655 2306 in-

98 2329 274 2385 troivit
305 2332 366 2385 in
409 2332 556 2389 hunc
610 2335 896 2404 mundum,
925 2348 979 2392 et
1012 2353 1109 2408 per
1131 2340 1400 2409 justitiam
1432 2344 1564 2409 vita,
1596 2354 1654 2401 et

94 2415 161 2469 sic
192 2418 244 2470 in
280 2433 476 2473 omnes
510 2421 760 2478 homines
799 2425 910 2478 vita
939 2429 1276 2495 pertransiit,
1308 2431 1362 2485 in
1395 2447 1500 2503 qua
1531 2449 1653 2489 om-

92 2521 178 2560 nes
203 2510 465 2566 viviﬁcati
503 2523 630 2569 snnt
666 2533 680 2568 :
714 2514 816 2569 hoc
867 2519 1010 2573 enim
1069 2521 1351 2577 videbatur
1389 2527 1650 2596 propositi

91 2598 283 2670 eloquii
315 2620 514 2662 sensus
563 2619 837 2678 expetere,
869 2612 1168 2666 secundum
1191 2627 1258 2670 ea
1296 2630 1416 2686 quae
1445 2617 1498 2672 in
1531 2618 1654 2674 aliis

90 2692 192 2760 ipse
238 2697 602 2767 proloquitur.
634 2699 820 2770 Neque
845 2705 990 2756 enim
1038 2705 1263 2760 multum
1303 2705 1488 2764 (ἥσθη
1521 2709 1650 2765 illud

88 2789 219 2852 quod
255 2788 386 2844 alibi
438 2791 680 2847 dicit“:
719 2813 738 2845 ι
767 2792 924 2850 Sicut
972 2797 1118 2851 enim
1175 2798 1227 2852 in
1255 2800 1426 2854 Adam
1461 2816 1656 2860 omnes

88 2878 408 2947 moriuntur,
443 2899 463 2934 ι
501 2892 557 2938 et
589 2885 734 2953 quod
791 2886 878 2940 hic
906 2888 1080 2942 dicit:
1118 2906 1136 2940 ι
1166 2888 1460 2960 Propterea
1510 2895 1650 2950 sicut

87 2983 172 3036 per
204 2987 371 3026 unum
403 2975 677 3032 hominem
707 2990 984 3048 peccatum
1020 2982 1072 3036 in
1103 2983 1248 3039 hunc
1275 2987 1532 3042 mundum
1563 2989 1648 3042 ill-

88 3063 288 3127 troivit,
314 3075 369 3119 et
396 3081 500 3136 per
531 3079 812 3137 peccatum
860 3087 1030 3139 mors,
1055 3085 1111 3130 et
1139 3075 1212 3130 ita
1243 3076 1296 3131 in
1329 3093 1518 3137 omnes
1544 3080 1648 3135 bo-

87 3153 248 3210 mines
271 3159 619 3228 pertransiit,
651 3161 705 3216 in
733 3178 840 3234 quo
885 3179 1075 3222 omnes
1119 3181 1510 3239 peccaverunt;
1534 3189 1554 3226 l
1589 3181 1644 3230 et
1669 3207 1716 3269 Ο

84 3243 266 3301 iterum
301 3249 446 3316 quod
474 3251 616 3306 dixit
641 3252 684 3284 “
709 3270 725 3309 :
755 3272 776 3304 σ
808 3255 886 3310 lta
923 3267 980 3312 et
1010 3259 1064 3312 in
1099 3258 1318 3316 Christo
1345 3277 1534 3319 omnes
1562 3265 1643 3320 vi-

82 3337 454 3406 viﬁcabuntur,
485 3360 502 3392 ι
532 3343 664 3398 nihil
701 3345 880 3402 diﬁ'ert
905 3349 974 3404 ab
997 3366 1062 3405 eo
1090 3367 1272 3416 sensu,
1299 3369 1456 3421 quem
1480 3372 1642 3427 supra

80 3426 260 3483 deesse
288 3430 584 3486 elocutioni
612 3434 850 3491 diximus
880 3437 1016 3509 (lt),
1057 3448 1112 3494 et
1141 3441 1434 3498 intellectui
1459 3426 1642 3516 legen-

82 3515 140 3568 tis
177 3517 454 3575 relictum.
493 3521 599 3576 Sed
649 3524 780 3578 mihi
818 3526 1035 3582 videtur
1083 3529 1284 3585 Paulus
1323 3533 1413 3602 qui
1455 3515 1641 3589 dicit"

77 3608 197 3673 quia
232 3627 254 3662 ε
288 3611 612 3670 sumcientia
644 3626 827 3671 nostra
857 3634 923 3673 ex
949 3619 1060 3677 Deo
1088 3632 1190 3689 est,
1221 3625 1311 3692 qui
1344 3633 1397 3679 et
1423 3626 1644 3684 idoneos

77 3713 164 3754 nos
198 3703 333 3758 fecit
381 3707 666 3762 ministros
704 3709 836 3765 Novi
869 3711 1243 3779 Testamenti;
1269 3735 1289 3768 ι
1322 3727 1376 3772 et
1401 3719 1493 3788 qui
1541 3720 1642 3774 ite-

77 3805 184 3844 rum
223 3795 409 3849 dicit-:
444 3814 465 3848 ι
495 3797 580 3851 An
625 3799 1009 3858 documentum
1042 3806 1291 3874 quaeritis
1320 3807 1436 3875 ejus
1465 3810 1556 3878 qui
1582 3811 1637 3864 in

74 3888 423 3956 nte-loquitur
447 3889 704 3948 Christus
721 3894 819 3948 ’³7)
853 3909 961 3950 non
987 3895 1102 3952 hac
1117 3911 1216 3966 per
1233 3897 1498 3954 delectum
1523 3902 1638 3971 (l5)

72 3987 254 4038 passus
307 3981 536 4048 eloquii,
593 3983 686 4036 sed
734 3987 1080 4054 prospexisse
1124 4002 1222 4058 per
1274 3989 1390 4044 haec
1435 3990 1639 4060 aliquid

69 4069 341 4137 utilitatis,
391 4089 502 4142 quo
545 4074 763 4130 etiamsi
808 4076 1037 4148 intelligi
1101 4079 1362 4136 deberent
1409 4096 1473 4137 ea
1518 4099 1639 4154 qua:

67 4159 250 4218 deesse
277 4165 572 4220 elocutioni
602 4176 659 4221 et
691 4168 1145 4236 subintelligenda
1179 4171 1434 4238 diximus,
1459 4183 1639 4229 tamen

67 4265 290 4322 propter
335 4257 766 4327 negligentiores
824 4274 1066 4329 quosque
1108 4262 1198 4330 qui
1256 4263 1395 4316 forte
1443 4266 1634 4320 resolvi

67 4357 310 4415 possent,
342 4349 386 4404 si
420 4352 678 4404 audirent
708 4353 849 4422 quod
883 4353 1030 4408 sicut
1077 4368 1223 4410 mors
1247 4355 1301 4409 in
1324 4371 1512 4412 omnes
1543 4359 1637 4412 llo-

66 4439 230 4494 lnines
260 4457 360 4510 per
389 4454 696 4513 peccatum,
723 4445 797 4497 ita
834 4453 889 4500 et
911 4445 965 4499 in
995 4459 1189 4503 omnes
1226 4447 1470 4504 homines
1511 4465 1635 4519 per-

1756 1963 1883 2032 quia
1912 1965 2014 2022 hoc
2042 1969 2183 2037 quod
2209 1971 2424 2028 videtur
2445 1975 2632 2032 deesse
2663 1979 2714 2032 in
2737 1979 2819 2035 his
2842 1997 2962 2052 quae
2990 1998 3151 2053 supra
3181 1985 3316 2038 dixi-

1754 2072 1876 2113 mus
1904 2061 2194 2117 secundum
2221 2063 2542 2124 elocutionis
2572 2071 2839 2134 ordinem,
2878 2075 3028 2129 tarde
3065 2076 3306 2145 quidem,

1751 2149 1846 2202 sed
1869 2149 1922 2203 in
1951 2155 2340 2220 posterioribus
2365 2159 2626 2226 redditur,
2657 2163 2743 2217 ubi
2776 2164 2996 2222 dicit“:
3023 2186 3043 2219 ι
3070 2168 3175 2223 Sed
3203 2185 3311 2224 non

1751 2241 1893 2295 sicut
1919 2242 2196 2312 delictum,
2226 2247 2301 2301 ita
2338 2259 2391 2304 et
2420 2251 2664 2309 donatio.
2706 2255 2762 2310 Si
2810 2258 2954 2312 enim
2991 2259 3152 2315 unius
3179 2262 3314 2316 deli-

1753 2338 1844 2386 cto
1874 2335 2073 2389 mortui
2103 2347 2231 2393 sunt
2269 2340 2444 2407 multi,
2479 2344 2646 2398 multo
2688 2348 2858 2417 magis
2901 2351 3072 2420 gratia
3108 2353 3222 2419 Dei,
3257 2363 3316 2409 et

1749 2421 1972 2491 donum,
2012 2427 2063 2480 in
2093 2428 2204 2502 (17)
2239 2434 2415 2502 gratia
2459 2438 2622 2494 unius
2658 2439 2906 2497 hominis
2932 2441 3058 2498 Jesu
3108 2445 3310 2501 Christi

1749 2515 1804 2570 in
1854 2518 2035 2588 plures
2085 2523 2454 2594 abundavitp
2487 2539 2543 2584 et
2575 2533 2768 2588 asserit
2813 2548 2879 2590 ex
2916 2537 3002 2593 bis
3045 2540 3310 2609 completa

1748 2622 1870 2664 esse
1900 2626 2021 2681 quae
2051 2614 2294 2672 defuisse
2325 2619 2379 2674 in
2407 2623 2784 2690 superioribus
2818 2627 3185 2688 videbantur:
3212 2647 3318 2688 nec

1748 2696 1974 2754 multum
2002 2701 2266 2762 interesse
2290 2709 2432 2778 quod
2474 2710 2545 2766 ibi
2583 2713 2636 2768 in
2669 2729 2858 2770 omnes
2883 2717 3130 2776 homines
3158 2722 3312 2778 dixe-

1747 2786 1820 2842 rit
1852 2794 2216 2856 pertransisse
2253 2809 2559 2868 peccatum,
2595 2801 2684 2858 hic
2718 2820 2847 2861 vero
2881 2808 3078 2864 donum
3110 2822 3165 2866 et
3187 2829 3312 2882 gra-

1747 2877 1876 2935 tiam
1901 2879 2029 2937 Jesu
2061 2884 2262 2941 Christi
2304 2887 2360 2943 in
2391 2890 2576 2960 plures
2605 2895 2939 2967 abundasse,
2965 2915 3088 2956 eum
3115 2913 3171 2958 et
3190 2877 3312 2958 om-

1745 2986 1842 3026 nes
1885 2972 2129 3031 homines
2184 2978 2372 3048 plures
2418 2997 2543 3038 esse
2594 2985 2990 3059 intelligantur,
3032 3001 3087 3048 et
3126 2995 3310 3058 plures

1744 3078 1936 3120 omnes
1978 3068 2206 3142 intelligi
2244 3088 2348 3126 non
2397 3075 2645 3133 videatur
2695 3079 3022 3150 absurdum,
3075 3087 3310 3143 maxime

1744 3167 1865 3208 cum
1895 3155 1946 3208 in
1975 3157 2428 3228 subsequentibus
2451 3163 2496 3197 ¹⁷
2522 3167 2665 3222 dicat
2689 3172 2960 3239 apertius:
2991 3191 3013 3226 ι
3040 3174 3192 3231 Sicut
3212 3192 3310 3244 per

1747 3246 1904 3302 unius
1932 3247 2184 3306 delictum
2215 3253 2270 3306 in
2297 3267 2488 3312 omnes
2522 3258 2774 3317 homines
2807 3264 2858 3317 in
2891 3267 3308 3324 condemnatio-

1745 3353 1904 3406 nem;
1937 3341 2012 3396 ita
2041 3353 2095 3397 et
2135 3359 2234 3415 per
2275 3347 2435 3402 unius
2472 3347 2740 3416 justitiam
2764 3353 2818 3408 in
2847 3369 3036 3412 omnes
3062 3359 3310 3415 homines

1745 3430 1812 3483 ad
1836 3429 2290 3499 justiﬁeationem
2315 3437 2461 3493 vitae.
2487 3457 2506 3492 ι
2535 3439 2601 3494 Et
2632 3453 2690 3498 ut
2725 3445 3032 3504 evidentius
3061 3455 3310 3508 ostende-

1747 3531 1829 3576 ret
1873 3537 2064 3579 omnes
2103 3525 2352 3584 homines
2376 3540 2430 3585 et
2457 3533 2657 3589 multos
2708 3536 2957 3593 homines
2984 3538 3130 3596 idem
3163 3558 3310 3610 esse,

1742 3613 1951 3668 addidit
1970 3614 2058 3670 his
2080 3615 2156 3670 ‘3:
2186 3635 2204 3669 ι
2227 3616 2380 3674 Sicut
2405 3622 2547 3675 enim
2575 3638 2672 3693 per
2701 3626 3126 3686 inobedientiam
3151 3634 3310 3688 unius

1742 3703 1981 3762 hominis
2012 3717 2332 3778 peccatores
2354 3715 2635 3769 constituti
2671 3729 2799 3772 sunt
2828 3720 3003 3787 multi,
3035 3723 3106 3778 ita
3134 3737 3190 3779 et
3213 3743 3309 3796 per

1743 3796 1902 3852 unius
1943 3800 2312 3856 obedientiam
2360 3804 2495 3873 justi
2552 3809 2953 3866 constituentur
2991 3815 3162 3870 multi.
3187 3835 3206 3869 ι
3245 3819 3310 3874 Et

1740 3891 1881 3955 quod
1910 3891 2160 3959 superius
2205 3907 2397 3950 omnes
2433 3896 2649 3952 dixerat
2685 3899 2962 3970 homines,
2997 3905 3086 3960 hic
3115 3908 3304 3963 eodem

1740 3994 1900 4035 sensu
1929 3983 2126 4039 multos
2155 3987 2480 4044 nominavit.
2531 3989 2650 4045 Nisi
2692 3993 2736 4046 si
2780 3995 2906 4063 quis
2950 3995 3116 4062 dicat,
3162 4004 3303 4066 quod

1741 4070 1912 4140 magis
1951 4073 2283 4142 permiscere
2319 4086 2374 4130 et
2433 4077 2766 4134 confundere
2811 4080 2996 4137 volens
3018 4082 3308 4152 Apostolus

1740 4160 1790 4214 id
1829 4165 1974 4230 quod
2003 4166 2252 4234 superius
2285 4177 2593 4237 aperuerat,
2622 4185 2712 4238 ne,
2739 4179 2796 4226 ut
2832 4173 3090 4240 diximus,
3111 4177 3308 4231 dissol-

1739 4253 1899 4326 545
1928 4266 2082 4312 veret
2106 4273 2170 4313 ac
2201 4260 2470 4316 relaxaret
2498 4263 2784 4319 audientes
2807 4307 2823 4331 ,
2862 4279 2956 4320 eos
3003 4282 3144 4336 quos
3179 4278 3308 4322 ante

1745 4365 1764 4396 ι
1804 4362 1994 4404 omnes
2032 4367 2050 4399 ι
2080 4351 2312 4416 dixerat,
2340 4353 2431 4408 hic
2469 4373 2488 4407 ‹
2527 4356 2709 4425 plures
2743 4377 2764 4411 ι
2805 4359 3126 4425 nominavit,
3155 4368 3215 4414 ut
3249 4370 3309 4416 et

1739 4438 1872 4496 illud
1907 4441 2049 4511 quod
2085 4461 2105 4494 ι
2141 4459 2330 4500 omnes
2364 4465 2384 4500 ι
2411 4447 2652 4512 dixil,ad
2676 4465 2771 4504 eos
2799 4453 3170 4514 tantummodo
3193 4462 3307 4506 tra-

65 4532 281 4586 lransiit
313 4534 422 4587 vita
455 4549 554 4600 per
588 4535 891 4602 Christum,
923 4537 1295 4593 consideravit
1325 4539 1498 4609 palam
1525 4541 1638 4598 haec
1669 4549 1713 4604 D
1742 4533 1965 4589 heret"?
1993 4535 2104 4607 (ίδ)
2130 4576 2145 4601 ν
2181 4539 2270 4606 qui
2309 4539 2507 4594 donum
2535 4540 2740 4598 Chris“
2789 4546 2981 4613 ετειῖω
3023 4546 3303 4600 θοηδθθηιί

60 4620 157 4676 dici
203 4634 265 4678 et
311 4626 529 4694 publice
577 4641 682 4680 non
736 4627 940 4683 debere
971 4646 984 4682 :
1013 4628 1172 4683 simul
1205 4639 1258 4685 et
1289 4630 1418 4686 illud
1449 4642 1633 4687 osten-

61 4712 202 4782 dens,
238 4719 389 4787 quod
421 4719 638 4773 etiamsi
664 4734 762 4788 per
791 4735 956 4774 unum
991 4720 1268 4777 hominem
1296 4721 1512 4789 iustitia
1545 4724 1631 4780 in-

61 4806 239 4860 troivit
262 4807 317 4861 in
347 4809 492 4863 hunc
517 4809 797 4874 mundum,
822 4816 876 4864 et
899 4824 996 4878 per
1017 4809 1281 4880 justitiam
1309 4811 1440 4877 vita,
1469 4820 1524 4865 et
1549 4812 1630 4867 sic

59 4893 106 4947 in
135 4913 331 4954 omnes
358 4899 615 4954 homines
643 4901 1026 4969 pertransivit,
1067 4911 1247 4956 tamen
1290 4918 1397 4958 non
1445 4903 1547 4958 hoc
1576 4904 1630 4958 in

55 4993 310 5054 prtesenti
349 4993 542 5046 statim
587 4994 924 5064 contingere,
967 5009 1069 5049 nec
1113 4995 1303 5050 otiosis
1357 4995 1630 5061 accidere,

115 5110 137 5140 ⁸
163 5107 326 5163 Rom.
363 5109 542 5173 ν,12.
615 5111 636 5143 ⁸
664 5109 680 5162 l
707 5111 831 5166 Cor.
860 5125 950 5173 xv,
986 5110 1076 5163 92.
1174 5111 1217 5142 “
1258 5111 1388 5165 ibid.

53 5189 134 5239 XV.
162 5181 260 5233 ἥ.
340 5181 387 5212 ³⁸
427 5181 467 5234 ll
500 5179 640 5234 Tim.
671 5195 731 5246 ll,
765 5181 854 5234 11.
929 5181 973 5212 ¹⁶
995 5180 1153 5235 Rom.
1185 5196 1234 5247 ν,
1268 5180 1351 5235 15.

115 5317 230 5383 (10)
261 5316 437 5378 Alias.
473 5319 889 5386 «insuperabili.
917 5338 937 5372 ι

145 5388 922 5473 l1)é‘liaSﬂpatelactulu.»
992 5457 1027 5473 η
1086 5467 1097 5473 Δ
1170 5460 1182 5472 ο
1424 5468 1434 5473 _

145 5390 231 5454 11)
265 5388 448 5450 Alias,
479 5404 499 5436 ε
522 5389 874 5455 patefactum.
901 5407 922 5440 ι

112 5388 228 5525 ξιξ)
289 5457 381 5510 Sic
433 5468 586 5540 recte
634 5473 736 5512 ms.
781 5473 953 5540 unus._
989 5457 1183 5540 Caeteri
1231 5473 1362 5513 vero
1386 5461 1628 5540 et_editi,

53 5545 69 5574 ι
91 5525 393 5596 Propterea
427 5526 574 5580 sicut
620 5542 719 5593 per
745 5543 908 5582 unum
941 5530 1214 5584 hominem
1255 5544 1402 5584 mors
1451 5529 1630 5585 intro-

50 5598 139 5648 ivit
174 5600 230 5651 in
268 5598 414 5650 hunc
445 5597 732 5660 mundum,
759 5607 813 5650 et
843 5607 1058 5653 caitera.
1085 5618 1104 5650 ι

112 5670 225 5738 (15)
269 5669 351 5720 Ita
382 5682 513 5738 ms.
558 5682 699 5720 unus
755 5666 974 5738 Regius.
1002 5670 1197 5723 Creteri
1238 5684 1367 5726 vero
1401 5685 1533 5726 mss.
1572 5682 1630 5726 et

47 5725 246 5799 editiﬁ
274 5747 334 5790 et
376 5737 454 5791 ita
503 5737 558 5791 in
613 5751 805 5792 omnes
839 5725 1088 5795 homines
1130 5725 1488 5810 pertransiit:
1523 5759 1628 5796 non

49 5811 248 5874 retulit,
278 5826 301 5861 ι
333 5817 442 5863 etc.

1493 5111 1533 5183 τι
1567 5111 1720 5183 ἰδίει.
1799 5113 1841 5143 ιι
1871 5112 1910 5166 ll
1934 5113 2059 5168 Cor.
2088 5179 2092 5183 χ

1429 5181 1470 5212 ¹⁷
1501 5181 1629 5238 ibid.
1668 5182 1754 5236 18.
1832 5183 1874 5214 ¹⁸
1904 5186 2038 5239 ibid.
2064 5181 2153 5240 19.

1735 4635 1878 4687 sunt,
1911 4627 2001 4694 qui
2033 4635 2210 4682 tamen
2243 4644 2350 4684 non
2377 4632 2557 4700 pauci,
2579 4633 2671 4689 sed
2701 4635 2885 4704 plures
2911 4645 3055 4692 sunt.
3090 4635 3300 4691 Etenim

1737 4716 1902 4772 moris
1927 4730 2011 4773 est
2040 4722 2284 4790 apostolo
2313 4722 2502 4792 Paulo,
2558 4741 2680 4781 cum
2711 4727 2780 4782 de
2823 4729 3153 4798 benignitate
3181 4728 3298 4793 Dei,

1739 4820 1796 4865 et
1847 4808 2103 4866 ineﬂ‘abili
2155 4811 2276 4880 ejus
2325 4815 2564 4872 bonitate
2597 4818 2771 4888 aliqua
2805 4818 3298 4888 patefecerit(l9),

1740 4916 1957 4956 rursum
1991 4913 2215 4973 propter
2264 4907 2684 4978 negligentiores
2731 4925 2971 4979 quosque
3015 4907 3300 4964 audito’res

1739 4994 2013 5063 paululum
2063 4998 2213 5053 velut
2256 5014 2583 5070 exasperare
2631 5017 2751 5071 qua:
2796 5002 2974 5066 dixit,
3012 5010 3066 5056 et
3097 5012 3296 5055 lnellllll

1799 5113 1841 5143 "
1871 5112 1910 5166 ll
1934 5113 2059 5168 Cor.
2088 5130 2194 5183 χιιι,
2229 5114 2282 5183 5,
2307 5116 2362 5170 6.
2467 5083 2566 5170 ι’³11
2593 5114 2722 5170 Cor.
2747 5130 2865 5179 xnl,
2895 5114 2949 5169 5.
3049 5115 3094 5146 ³⁸
3125 5115 3294 5170 Ιιῖοτ.

1808 5322 1919 5394 (lt)
1959 5324 2125 5389 Editi,
2162 5323 2346 5390 «dixi,
2385 5331 2522 5391 ειν
2577 5322 2868 5391 al.,tdixi,
2938 5325 3106 5388 θείη»
3163 5322 3296 5377 alias

1736 5409 1755 5442 ι
1783 5395 2027 5447 dixisset.
2057 5415 2075 5446 ι

1805 5465 1920 5532 (15)
1941 5463 2340 5525 Genebrardus,
2385 5483 2404 5515 ε
2429 5475 2527 5532 per
2555 5463 2672 5518 hac
2705 5462 2999 5518 delectum.
3023 5482 3042 5514 ι

1800 5536 1912 5614 1112)
1948 5534 2111 5614 Εάίιὶο
2142 5534 2237 5614 ‘5'?
2269 5534 2466 5614 medio:
2488 5552 2508 5585 ’
2638 5603 2648 5613 .
2951 5603 2980 5614 ..
3015 5603 3027 5614 .

1801 5605 1914 5672 (l7)
1953 5603 2037 5655 In.
2065 5603 2418 5657 Desideratur
2448 5604 2499 5656 in
2530 5601 2682 5656 libris
2708 5616 2864 5657 antea
2896 5603 3079 5657 editis.

1801 5673 1911 5753 (lit;
1945 5674 2042 5753 Ms.
2079 5688 2238 5735 unus,
2267 5689 2290 5753 t
2321 5673 2656 5753 retraheret.
2687 5693 2713 5753 _i
2975 5742 2995 5753 _
3062 5745 3072 5753 .

1805 5745 2100 5814 (l9):\lias,
2137 5761 2154 5794 ι
2189 5741 2554 5812 patefaceret;
2592 5762 2612 5794 ι
2651 5745 2750 5809 aL,
2782 5761 2800 5795 ι
2839 5742 3121 5814 patefacit.
3167 5763 3187 5797 ι
