1883 3267
232 178 302 206 1007

988 179 1147 207 ORIGENIS

1772 181 1832 208 ioos

232 239 347 272 aliquem
365 239 565 267 remissioribus
590 240 722 267 intentare
736 260 743 273 ,
770 243 799 268 ut
813 248 875 268 cum
901 241 933 268 de
959 241 1010 268 ﬁne
1025 243 1047 272 Λ
1062 241 1195 271 manibus,
1213 240 1248 266 ita
1272 241 1475 274 quodammodo
1490 241 1547 268 haec
1564 240 1637 275 loqui
1654 240 1721 275 (25).
1734 240 1831 269 velutsi

231 285 351 311 omnium
366 285 516 312 Corinthiis
530 286 669 321 disputans
685 286 723 313 ait
747 285 768 302 ¹⁹
783 294 791 312 :
807 291 821 311 ἰ
835 285 923 313 ἐἰουι
938 287 1009 314 enim

231 329 257 356 in
283 330 368 357 Adam
395 338 488 358 omnes
503 331 559 367 (20)
575 333 737 365 moriuntur,
754 333 788 360 ita
807 338 834 359 et
851 333 877 359 in
902 333 1010 360 Christo

230 383 324 403 omnes
340 376 568 411 viviﬁcabuntur;
599 387 608 403 i
632 384 659 405 et
682 378 762 413 paulo
776 383 856 413 post:
874 388 883 404 ι
899 378 1011 407 {Deinde

231 421 302 454 ﬁnis,
316 430 377 448 cum
395 423 539 450 tradiderit
553 430 666 458 regnum
681 423 736 451 Deo
749 428 775 451 et
789 423 874 456 Patri,
893 433 902 449 ι
920 428 947 451 et
958 431 1010 450 cae-

230 471 302 494 tera.
329 467 381 494 Pro
407 467 506 502 quibus
520 476 616 495 verens
633 476 666 496 ne
679 469 740 503 quis
760 469 868 496 divitias
881 469 1009 497 bonitatis

231 513 277 540 Dei
292 534 299 547 ,
316 518 343 540 et
360 514 498 548 patientize
511 535 518 547 ,
535 519 561 541 et
578 514 790 550 longanimitatis
815 520 1007 548 contemnens,

229 560 376 586 secundum
394 560 520 587 duritiam
538 568 615 587 suam
639 565 666 588 et
684 569 731 588 cor
754 561 927 596 imptenitens
949 562 1009 589 tlie-

228 605 379 632 sanrizaret
393 606 444 632 sibi
459 606 526 632 iram
548 606 574 632 iu
598 606 641 633 die
665 606 712 633 irae
726 610 754 634 et
770 606 937 634 revelationis
952 606 1007 641 (21)

227 650 289 681 iusti
303 651 396 685 judicii
412 651 458 678 Dei
474 651 508 684 '°,
520 651 623 679 addidit
637 657 697 686 post
710 652 753 679 illa
763 659 824 687 qua:
838 652 871 680 de
884 652 940 680 ﬁne
950 652 1007 687 (Ξῖ)

226 697 333 724 dixerat
347 706 354 723 :
373 706 382 722 ι
398 696 486 724 Nolite
502 697 605 726 seduci.
621 697 805 733 Corrumpunt
819 706 907 725 mores
922 699 1006 726 bonos

226 742 361 776 colloquia
383 742 462 769 mala.
481 743 706 778 Expergiscimini
719 743 797 777 justi,
811 749 838 771 et
852 744 934 771 nolite
946 752 1008 779 pec-

225 796 298 815 care.
323 788 504 823 Ignorantiam
521 790 592 817 enim
611 790 719 824 quidam
738 790 847 822 habent,
864 791 897 817 ad
912 790 1007 817 confu-

225 834 330 863 sionem
349 835 426 862 vobis
440 835 501 862 dico
514 835 547 861 ²¹.
566 845 576 861 ›
589 835 651 870 Agit
665 842 731 870 ergo
748 840 875 869 tanquam
888 836 1006 870 prudens

226 880 397 915 dispensator
419 881 492 908 verbi
511 890 517 908 :
535 886 563 908 et
584 889 645 908 cum
661 882 768 908 venerit
794 881 826 908 ad
845 889 876 908 ea
903 881 961 908 loca
978 881 1003 908 in

1065 286 1126 321 quis
1142 285 1229 313 ﬁdelis
1253 285 1369 314 famulus
1395 291 1422 314 ct
1439 287 1558 322 prudens
1577 294 1591 313 a
1610 294 1674 321 rege
1693 294 1788 321 magno
1809 293 1833 315 et

1063 332 1172 359 domino
1197 340 1245 360 suo
1271 333 1463 361 introducatur
1486 333 1512 360 iu
1530 333 1672 360 thesauros
1689 334 1787 367 regios,
1810 339 1833 362 et

1062 378 1240 404 ostendantur
1252 378 1275 405 ei
1287 378 1392 405 diversa
1407 383 1434 405 et
1449 385 1546 412 magna
1561 377 1711 409 domicilia,
1729 385 1831 412 quorum

1063 423 1153 449 aditus
1170 424 1238 450 varii
1252 423 1307 450 sint
1320 423 1375 458 (26)
1390 428 1418 450 et
1435 424 1549 457 incerti,
1564 424 1599 450 ita
1614 428 1644 450 ut
1659 424 1684 449 ei
1701 431 1750 457 per
1763 424 1832 450 alium

1062 469 1200 504 ingressus
1214 491 1220 502 ,
1236 475 1263 497 et
1278 477 1326 504 per
1342 470 1424 496 alium
1442 474 1608 497 monstretur
1625 470 1683 505 (27)
1696 478 1833 505 egressus;

1063 515 1193 542 interdum
1219 520 1308 542 autem
1328 523 1361 542 ex
1380 515 1493 542 diversis
1520 515 1689 551 ingressibus
1709 516 1744 543 ad
1761 525 1833 543 unum

1061 561 1187 588 conclave
1206 561 1339 593 veniatur,
1351 567 1381 588 ut
1399 569 1470 596 sape
1494 563 1520 589 in
1535 563 1616 589 terris
1643 563 1768 596 quadarn
1785 563 1834 598 (28)

1060 605 1183 633 videmus
1200 610 1337 633 exstructa
1356 605 1454 640 palatia
1466 614 1481 633 -ε
1497 607 1657 634 ostendatur
1673 608 1759 633 etiam
1779 608 1833 635 huic

1060 651 1105 686 qui
1121 651 1334 678 circumducitur
1348 651 1418 678 ﬁdeli
1440 651 1541 679 famulo
1568 653 1715 680 thesaurus
1740 654 1834 688 argenti

1062 697 1139 731 regii,
1152 702 1181 724 et
1198 698 1269 724 alius
1283 697 1362 730 auri,
1380 697 1496 731 lapidum
1512 706 1618 732 quoque
1634 704 1661 725 et
1680 699 1835 733 margarita-

1060 750 1130 774 rum,
1143 743 1335 777 variorumque
1353 743 1507 776 monilium,
1523 751 1650 778 purpurae
1663 745 1748 771 etiam
1765 745 1836 778 regi:

1060 789 1146 821 locus,
1163 794 1191 816 et
1205 790 1274 817 alius
1287 790 1470 817 diadeinatum
1492 801 1497 818 :
1515 791 1740 818 demonstrentur
1756 791 1835 818 adhuc

1059 836 1158 870 reginae
1176 835 1286 863 thalami
1305 835 1360 870 (29)
1375 837 1401 862 in
1421 836 1513 863 multis
1538 837 1709 871 diversisque
1724 836 1835 863 mansio-

1058 881 1137 908 nibus
1150 881 1240 916 positi,
1254 886 1281 908 et
1298 886 1387 909 tamen
1402 882 1458 917 (30)
1468 882 1572 917 singula
1591 883 1649 909 haec
1664 890 1719 909 non
1737 882 1836 917 penitus

226 926 324 961 quibus
340 927 372 954 de
388 927 433 954 Dei
461 927 585 954 bonitate
600 927 743 955 dicendum
759 932 817 960 est,
841 932 952 962 propter
965 935 1007 955 se-
1021 928 1042 955 Β
1058 928 1090 954 ad
1108 927 1241 962 integrum
1266 929 1421 962 patentibus
1445 929 1537 963 januis
1555 933 1724 959 resereniur,
1746 929 1792 954 sed
1806 935 1836 954 ex

225 973 333 1007 gniores
346 981 467 1008 quosque
481 978 509 1001 et
526 974 660 1001 occultius
675 975 731 1001 haec
748 979 775 1001 et
788 974 932 1001 obscurius
944 982 1006 1009 pro-

225 1017 288 1050 fert,
304 1025 338 1045 ne
353 1018 433 1050 forte,
450 1023 479 1046 ut
492 1020 621 1052 diximus,
637 1019 746 1047 divitias
760 1019 889 1046 bonitatis
903 1018 970 1053 ejus,
979 1023 1007 1046 et

225 1065 383 1099 patientiae,
401 1070 428 1093 et
441 1066 656 1101 longanimitatis
672 1070 869 1098 contemnant,
886 1070 913 1093 et
937 1066 1004 1092 iram

224 1111 276 1137 sibi
294 1112 477 1139 tliesaurizent
502 1113 528 1139 in
555 1113 598 1140 die
616 1113 662 1140 ira;
676 1132 684 1145 ,
701 1112 728 1139 in
745 1120 825 1146 quam
840 1120 950 1139 necesse
964 1116 1006 1139 est

224 1157 365 1185 incurrere
377 1165 470 1185 omnes
482 1159 527 1193 qui
550 1159 601 1186 sibi
616 1158 769 1192 hujusmodi
784 1162 859 1193 gesta
873 1158 1006 1185 thesauri-

222 1203 361 1230 .zaveriiit.
379 1204 467 1231 Etiam
484 1209 512 1232 tu
527 1209 587 1238 post
602 1205 659 1232 haec
682 1203 783 1231 videris
796 1203 859 1238 quid
874 1203 921 1230 ﬁat
937 1202 1003 1239 (‘23).

224 1252 278 1279 Sed
292 1258 319 1280 et
334 1253 405 1287 quod
423 1253 471 1285 ait,
490 1262 500 1279 ι
519 1252 610 1288 Usque
624 1253 657 1280 ad
675 1253 760 1288 legem
774 1253 845 1280 enim
864 1257 1003 1288 peccatum

223 1302 283 1324 erat
297 1298 323 1324 in
339 1298 391 1325 lioc
401 1298 500 1326 mundo
508 1298 580 1333 (ρης
597 1302 736 1332 peccatum
752 1302 841 1325 autem
854 1305 907 1325 non
921 1298 1005 1331 impu-

223 1347 296 1370 tatur
315 1351 375 1371 cum
402 1344 445 1371 lex
471 1352 523 1371 non
547 1349 624 1379 est,i
645 1345 697 1372 hoc
726 1344 834 1371 videtur
850 1344 1002 1375 ostendere,

223 1391 295 1423 quod
309 1397 394 1426 usque
417 1390 450 1417 ad
465 1390 551 1425 legem
566 1411 573 1424 ,
588 1391 640 1419 hoc
656 1395 709 1424 est,
725 1398 866 1426 usquequo
879 1390 1003 1418 Christus

221 1435 326 1463 veniret
337 1436 381 1466 qui
397 1436 467 1463 tollit
483 1441 622 1471 peccatum
637 1437 729 1464 mundi
742 1437 776 1470 ’³,
792 1441 933 1472 peccatum
944 1441 1003 1464 erat

222 1481 250 1507 in
267 1482 377 1508 mundo.
405 1481 574 1509 Manifestum
597 1486 639 1509 est
664 1487 754 1510 autem
780 1487 922 1518 peccatum
949 1489 1002 1509 non

222 1533 302 1561 posse
318 1527 454 1561 imputari,
472 1528 516 1555 ubi
536 1528 578 1554 lex
593 1536 645 1555 non
660 1533 701 1556 est
715 1535 775 1563 qua:
792 1533 889 1562 arguat
905 1535 1002 1563 pecca-

222 1577 320 1600 torem.
338 1582 347 1598 ι
370 1573 503 1608 Regnavit
518 1578 607 1601 autem
623 1580 713 1605 mors,
737 1573 825 1609 {quae
844 1581 894 1609 per
907 1581 1002 1609 pecca-

222 1623 277 1645 tum
295 1619 381 1647 fuerat
395 1621 524 1652 ingressa,
543 1629 553 1646 ι
571 1628 656 1655 usque
671 1621 704 1648 ad
721 1621 840 1657 Moysen,
856 1631 866 1648 ι
883 1621 936 1649 hoc
959 1625 1001 1649 est

219 1671 361 1699 usquequo
373 1665 417 1691 lex
425 1665 585 1700 permansit,
591 1674 601 1690 ι
610 1667 637 1693 in
645 1672 692 1693 eos
699 1665 746 1700 qui
760 1671 938 1700 peccaverunt
957 1674 1001 1694 se-

218 1711 338 1737 cundum
361 1711 564 1739 similitudinem
581 1712 685 1746 peccati
709 1711 813 1745 Adam,
832 1721 841 1737 ι
860 1719 908 1746 per
920 1719 1000 1746 quem

220 1763 294 1783 mors
313 1756 369 1791 ipsa
385 1757 489 1792 accepit
503 1757 671 1793 ingressum;
696 1767 706 1783 ι
723 1757 768 1793 qui
787 1767 797 1784 ι
812 1757 898 1785 Adam
915 1766 925 1783 ι
943 1757 1000 1785 for-

220 1810 263 1829 ma
279 1803 361 1830 futuri
376 1808 427 1836 est,
447 1813 457 1830 ι
478 1812 530 1831 ιιοη
554 1804 705 1832 secundum
723 1805 794 1840 quod
810 1805 1002 1840 prtevaricatus

216 1851 272 1879 est,
287 1848 495 1876 sed-secundum
510 1849 561 1877 hoc
576 1850 647 1884 quod
662 1850 734 1877 sicut
749 1857 799 1885 per
814 1849 901 1885 ipsum
917 1857 1000 1882 mors,

217 1892 257 1920 ita
270 1901 317 1928 per
332 1893 508 1922 novissimum
523 1895 607 1922 Adam
621 1894 676 1922 vita
690 1895 811 1929 ingressa
824 1899 866 1922 est
888 1895 914 1922 in
929 1895 1001 1923 hunc

217 1939 347 1966 mundum
362 1939 385 1956 ³³
399 1948 407 1967 :
423 1944 451 1968 et
464 1941 534 1968 sicut
548 1948 596 1975 per
619 1941 694 1968 illum
715 1941 742 1968 in
758 1949 853 1969 omnes
879 1941 1003 1969 homines

218 1984 409 2013 condemnatio
423 2006 431 2019 ,
448 1986 485 2014 ita
500 1991 528 2014 et
542 1994 591 2021 per
604 1986 742 2014 Christum
760 1987 788 2014 in
803 1994 898 2015 omnes
914 1987 1001 2014 homi-

219 2036 268 2057 nes
278 2029 447 2063 jusiificatio.
462 2032 525 2059 Haec
536 2033 567 2060 de
581 2033 664 2068 ipsius
677 2033 776 2068 eloquii
786 2032 928 2068 apostolici
936 2040 1002 2060 con-

220 2077 333 2103 tinetitia
358 2077 430 2105 dicta
446 2078 511 2106 sint.
528 2079 674 2107 Videamus
695 2087 766 2107 nunc
781 2079 845 2114 quid
861 2079 943 2106 etiam
960 2079 1001 2106 iii-

220 2122 305 2148 terior
317 2122 416 2151 habeat
433 2124 594 2152 intellectus.
614 2124 667 2152 Sed
686 2130 713 2152 et
726 2125 791 2152 illud
804 2125 893 2160 primo
905 2124 1001 2152 inloco

219 2166 419 2195 admonendum
447 2174 523 2204 puto,
545 2171 616 2205 quod
639 2171 746 2198 videtur
772 2171 838 2198 mihi
863 2171 1001 2206 apostolus

217 2212 317 2241 Paulus
331 2214 357 2242 in
372 2215 413 2243 his
426 2217 560 2251 prmcipue
574 2216 641 2244 locis
653 2225 712 2252 quae
733 2224 805 2245 nunc
820 2216 953 2244 habentur
970 2215 998 2243 in

255 2281 304 2318 ξ’,ι
323 2282 385 2310 Cor.
401 2290 446 2313 xv.
463 2282 498 2309 22
510 2304 518 2317 ,
535 2284 580 2311 24.
638 2284 661 2300 ³ο
678 2284 756 2312 Rom.
773 2292 791 2312 ll
803 2304 810 2317 ,
825 2284 852 2318 4,
866 2285 893 2312 5.

217 2316 240 2331 "
253 2315 262 2342 1
275 2316 339 2344 Cor.
354 2325 417 2350 xiii,
433 2318 512 2351 9,12.

253 2374 308 2408 (ΞΟ)
325 2374 431 2401 Omnes.
450 2374 527 2402 Deest
540 2375 565 2401 in
581 2375 659 2402 libris
675 2380 752 2403 antea
766 2376 856 2403 editis.

253 2409 309 2443 (:21)
327 2410 379 2435 Ine
398 2416 420 2436 ei
442 2410 618 2437 reuelationis.
633 2410 695 2438 Hazc
711 2411 807 2438 desunt
829 2411 856 2438 in
874 2411 956 2439 editis
970 2415 997 2439 et

217 2445 242 2470 in
259 2445 394 2478 plerisque
409 2452 473 2472 mss.

252 2480 306 2512 (se)
324 2480 403 2510 Editi,
420 2489 429 2506 ι
451 2480 512 2507 ride.
530 2489 540 2506 ›

253 2515 308 2549 (23)
327 2515 412 2550 Aligh,
426 2524 435 2541 ι
451 2522 559 2542 onmem
573 2515 665 2549 qui....
680 2515 996 2550 tliesaurizavit,etiamsi

218 2555 278 2581 pust
294 2551 349 2576 lucc
367 2549 474 2577 .ludaaus
489 2551 552 2584 quis
570 2551 633 2583 flat;
653 2561 662 2577 ι
681 2550 729 2583 al.,
747 2560 756 2577 ι
776 2558 884 2579 omnem
900 2552 995 2585 qui....

219 2585 420 2621 ilicsaiirizni‘it,
437 2586 543 2612 etiamsi
563 2590 621 2621 post
638 2586 694 2613 hiec
712 2586 814 2614 videris
828 2587 889 2621 quis
904 2587 959 2614 tiat.
983 2597 993 2614 ι

218 2618 271 2644 Sed
289 2625 360 2645 recte
375 2627 425 2648 ms.
441 2628 510 2647 unus
522 2625 550 2647 ut
563 2618 594 2647 ⁷111
609 2626 703 2647 11051.Γο
719 2626 803 2648 textu.

254 2653 311 2687 (24)
323 2654 408 2692 Alias,
428 2663 437 2679 ι
452 2663 537 2690 usque
551 2656 584 2683 ad
607 2656 691 2691 legem
710 2661 799 2684 autem
814 2662 954 2692 peccatum
970 2657 997 2684 in

217 2687 268 2714 hoc
282 2689 392 2721 mundo,
410 2699 419 2714 ι
437 2694 490 2717 etc.

254 2723 310 2761 (ᾷξξ)
327 2724 441 2761 ξύων(
459 2725 495 2751 ita
509 2729 535 2752 et
548 2726 747 2759 quodammodo
760 2726 811 2754 hoc
826 2726 911 2761 loqui.
931 2736 941 2753 ι

253 2758 310 2792 (26)
322 2757 392 2785 Sim.
407 2757 629 2788 Ρτωιειηιὶῐιίιυι-
644 2761 671 2788 in
683 2761 763 2789 editis
777 2768 806 2789 et
821 2762 846 2789 in
860 2757 996 2797 plerisque

217 2800 282 2819 lllSS.

254 2827 308 2861 (’27)
324 2828 407 2860 Editi,
422 2838 431 2854 ι
449 2829 627 2857 ministretur.
649 2840 659 2856 ι

253 2864 308 2898 (:18)
332 2864 417 2896 Alias,
431 2876 452 2902 ἰ
480 2866 620 2902 quaedam;
642 2875 652 2891 ι
672 2866 720 2897 al.,
739 2876 747 2892 ι
765 2875 891 2902 qumque;
910 2877 920 2893 ι
945 2867 992 2900 al.,

219 2906 229 2922 ‹
248 2906 369 2933 unoque;
386 2909 395 2925 ι
414 2899 460 2931 al.,
478 2909 486 2924 I
504 2900 575 2926 inter
592 2906 713 2935 quaeque.
735 2911 744 2927 ι

944 2285 965 2300 ’ί
980 2283 991 2311 Ι
1006 2284 1069 2312 Cor.
1086 2292 1133 2318 xv,
1151 2285 1196 2318 55,
1214 2284 1258 2312 54.

1057 980 1133 1009 parte
1148 975 1300 1009 subapertis
1316 975 1352 1001 ita
1377 980 1407 1001 ut
1423 979 1551 1009 agnoscat
1567 974 1624 1010 (51)
1653 974 1766 1008 quidem
1781 975 1834 1001 ibe-

1057 1028 1153 1048 sauros
1168 1021 1328 1052 dominicos,
1342 1025 1369 1047 et
1383 1021 1472 1055 regias
1489 1028 1566 1055 opes,
1583 1027 1633 1047 nec
1652 1025 1747 1047 tamen
1764 1020 1796 1047 ad
1808 1020 1837 1046 li-

1057 1066 1166 1099 quidum
1185 1071 1211 1094 et
1224 1066 1258 1092 ad
1279 1065 1428 1100 perfectum
1439 1065 1544 1101 singula
1558 1073 1673 1100 quaeque
1683 1070 1836 1101 cognoscat.

1056 1113 1120 1140 Post
1137 1112 1194 1140 haec
1210 1120 1275 1140 vero
1291 1113 1342 1140 iste
1357 1120 1451 1139 servus
1468 1112 1514 1147 qui
1539 1116 1592 1139 tam
1619 1111 1711 1139 ﬁdelis
1735 1112 1837 1138 habitus

1056 1164 1098 1187 est
1110 1179 1118 1191 ,
1141 1164 1170 1186 ut
1185 1159 1209 1186 ei
1227 1167 1273 1186 rex
1287 1164 1316 1186 et
1333 1158 1459 1186 dominus
1475 1166 1558 1193 opum
1574 1166 1685 1186 suarum
1703 1159 1836 1193 magnitu-

1056 1206 1146 1234 diueiii
1169 1205 1266 1232 fecerit
1281 1205 1452 1232 innotescere
1467 1204 1534 1240 (52),
1550 1204 1677 1231 mittatur
1691 1209 1724 1231 ut
1736 1203 1838 1231 exerci-

1056 1256 1111 1278 tuui
1125 1255 1271 1287 congreget
1295 1251 1350 1285 regi
1374 1250 1442 1286 (55),
1456 1251 1589 1278 delectum
1606 1250 1719 1282 habeat,
1743 1250 1837 1277 milites

1055 1298 1149 1333 probet
1170 1307 1178 1325 :
1197 1305 1245 1332 pro
1259 1304 1291 1324 eo
1306 1297 1414 1331 quidem
1428 1297 1491 1331 quia
1509 1296 1596 1323 ﬁdelis
1611 1300 1676 1329 est,
1702 1300 1734 1322 ut
1751 1295 1838 1330 plures

1055 1343 1149 1371 invitet
1164 1343 1197 1370 ad
1217 1343 1397 1375 militandum,
1413 1347 1440 1369 et
1457 1342 1585 1376 majorem
1602 1341 1759 1369 exercitum
1775 1349 1838 1368 con-

1054 1395 1147 1425 greget
1164 1390 1231 1424 regi,
1251 1391 1438 1416 necessitatem
1455 1389 1574 1423 patietur
1589 1388 1717 1422 proferre
1731 1386 1790 1423 (54)
1804 1394 1836 1414 ex

1054 1439 1130 1469 parte
1144 1442 1203 1468 qua:
1218 1434 1315 1461 viderit
1331 1442 1338 1461 :
1355 1439 1382 1461 et
1404 1441 1511 1460 rursum
1527 1433 1590 1468 quia
1607 1433 1732 1467 prudens
1745 1437 1798 1464 est,
1814 1436 1839 1458 et

1053 1482 1105 1510 scit
1116 1482 1297 1509 necessarium
1313 1488 1373 1509 esse
1394 1480 1560 1508 abscondere
1573 1480 1738 1515 mysterium
1754 1480 1838 1514 regis,

1054 1527 1162 1555 indiciis
1185 1527 1347 1562 quibusdam
1367 1527 1453 1561 magis
1473 1534 1554 1561 quam
1572 1526 1758 1553 relationibus
1784 1531 1840 1552 ute-

1055 1577 1114 1605 tur;
1132 1573 1168 1600 ita
1184 1578 1213 1600 ut
1234 1573 1353 1607 potentia
1371 1572 1479 1607 quidem
1496 1572 1569 1607 regis
1587 1580 1641 1599 non
1660 1572 1748 1599 lateat
1764 1579 1773 1604 ;
1798 1579 1842 1598 or-

1054 1620 1125 1647 dinis
1139 1623 1227 1646 autem
1243 1638 1251 1651 ,
1265 1624 1347 1653 atque
1361 1623 1474 1646 ornatus
1489 1617 1593 1653 palatii,
1614 1623 1641 1646 et
1654 1617 1772 1645 habitus
1796 1625 1842 1645 0c-

1053 1665 1124 1692 culia
1143 1669 1231 1692 tamen
1248 1668 1355 1691 maneat
1379 1664 1548 1699 dispensatio
1561 1663 1628 1699 (55).
1654 1664 1692 1691 lia
1711 1671 1792 1698 ergo,
1813 1668 1840 1691 ct

1054 1711 1122 1743 dixi,
1140 1711 1248 1737 videtur
1264 1710 1330 1737 milii
1353 1711 1435 1738 etiam
1461 1711 1598 1744 apostolus
1615 1710 1721 1737 Paulus
1744 1711 1773 1738 in
1799 1711 1840 1738 his

1052 1756 1223 1784 sermonibus
1246 1755 1338 1784 facere
1351 1776 1358 1788 ,
1382 1760 1410 1783 et
1428 1764 1480 1783 non
1498 1756 1586 1783 solum
1603 1763 1652 1790 pro
1668 1764 1702 1783 eo
1727 1757 1801 1791 quod
1816 1760 1841 1782 et

1052 1802 1110 1837 ipse
1126 1802 1192 1829 dicit
1205 1823 1213 1835 ,
1228 1803 1290 1836 quia
1307 1810 1340 1829 ex
1354 1807 1432 1837 parte
1446 1802 1535 1835 sciat,
1550 1807 1576 1829 et
1592 1809 1624 1829 ex
1642 1808 1725 1837 parte
1740 1810 1842 1837 cogno-

1051 1853 1110 1875 scat
1131 1848 1164 1881 “,
1178 1848 1224 1875 sed
1239 1853 1267 1876 et
1281 1852 1391 1883 propter
1411 1856 1460 1876 nos
1480 1848 1526 1883 qui
1542 1856 1591 1876 nec
1604 1856 1635 1874 ea
1650 1848 1767 1883 quidem
1784 1855 1841 1882 qua:

1051 1901 1083 1921 ex
1098 1899 1174 1928 parte
1186 1894 1239 1921 scit
1255 1901 1353 1929 capere
1370 1902 1525 1929 possumus,
1551 1898 1707 1928 temperate
1733 1901 1840 1921 sermo-

1052 1948 1123 1972 nem,
1138 1945 1166 1967 et
1180 1939 1261 1975 546
1272 1940 1484 1974 uniuscujusque
1496 1939 1621 1966 conclave
1639 1940 1770 1974 mysterii
1785 1938 1839 1973 (56)

1050 1985 1164 2020 singulis
1189 1990 1236 2012 aut
1259 1985 1303 2012 vix
1322 1985 1393 2012 binis
1417 1986 1599 2020 perstringere
1622 1988 1650 2011 et
1673 1984 1841 2020 subaperire

1050 2031 1222 2058 sermonibus
1246 2039 1254 2058 :
1280 2036 1307 2058 et
1323 2038 1395 2058 nunc
1409 2038 1459 2066 per
1474 2038 1556 2058 unum
1574 2030 1676 2057 aditum
1693 2030 1842 2066 ingressus

1050 2086 1099 2114 pcr
1116 2079 1199 2105 alium
1212 2079 1327 2114 digredi,
1344 2087 1415 2106 nunc
1431 2087 1464 2106 ex
1476 2079 1530 2106 alio
1551 2078 1693 2113 ingressus
1710 2079 1748 2105 ad
1765 2077 1838 2105 aliud

1050 2126 1176 2152 conclave
1193 2132 1377 2158 concurrere,
1404 2125 1440 2152 ita
1457 2130 1486 2152 ut
1504 2125 1527 2152 si
1549 2125 1674 2159 requiras
1694 2130 1767 2151 eum
1796 2123 1841 2150 illo

1050 2171 1123 2197 aditu
1148 2178 1201 2205 quo
1228 2171 1367 2206 ingressus
1381 2176 1441 2203 est,
1467 2178 1518 2198 non
1537 2170 1659 2197 invenias
1678 2176 1840 2204 egressum.

1052 2216 1116 2244 Hac
1132 2223 1196 2252 ergo
1213 2218 1289 2252 prius
1302 2217 1335 2244 de
1350 2217 1392 2244 liis
1399 2223 1460 2251 qua
1474 2215 1573 2243 Paulus
1584 2214 1689 2247 scribit,
1700 2215 1734 2242 in
1750 2219 1842 2241 mente

1315 2286 1338 2301 “
1351 2285 1430 2313 Joan.
1445 2291 1465 2316 i,
1482 2283 1528 2311 ‘29.
1584 2282 1607 2297 “
1619 2281 1626 2309 l
1640 2281 1704 2309 Cor.
1722 2288 1773 2314 xv,
1795 2279 1840 2306 '22.

1014 2366 1035 2393 Ι)
1097 2376 1131 2404 29
1156 2376 1207 2404 llis.
1224 2384 1303 2409 unus,
1321 2386 1331 2402 ι
1348 2376 1413 2412 regii
1435 2375 1555 2403 thalami.
1574 2383 1583 2400 ι

1086 2375 1142 2447 (50)
1171 2411 1277 2440 Tamen.
1299 2412 1345 2438 Sic
1370 2415 1442 2438 recte
1466 2418 1517 2438 ius.
1543 2417 1583 2436 uni

1097 2406 1142 2440 50)
1171 2411 1277 2440 Tamen.
1298 2406 1345 2438 Sic
1370 2406 1442 2438 recte
1466 2418 1517 2438 ius.
1543 2415 1636 2440 unus;
1658 2406 1756 2434 caeteri
1775 2412 1842 2433 vero

1055 2454 1120 2474 mss.
1137 2452 1164 2474 et
1178 2447 1253 2479 editi,
1275 2456 1285 2472 ι
1301 2452 1374 2474 tunc.
1395 2455 1404 2471 ι

1087 2481 1141 2553 (ﬁt;
1158 2482 1239 2515 Editi,
1258 2491 1268 2507 ι
1284 2487 1331 2508 aut
1349 2485 1490 2521 agnoscat.
1508 2489 1518 2505 ι
1537 2478 1618 2505 male.

1087 2517 1131 2553 (52
1158 2517 1243 2553 Ajias,
1258 2526 1272 2553 ι
1285 2517 1387 2553 faceret
1401 2520 1580 2553 innotescere.
1600 2522 1610 2538 I

1097 2515 1141 2549 52)
1158 2517 1243 2549 Alias,
1261 2526 1270 2542 ι
1285 2515 1387 2543 faceret
1401 2515 1580 2542 innotescere.
1600 2522 1610 2538 I

1097 2546 1142 2586 55)
1161 2546 1241 2587 Βεῃίξ
1257 2552 1338 2579 Deest
1352 2552 1378 2578 in
1400 2550 1526 2587 edit_isret
1544 2549 1570 2575 iii
1585 2546 1754 2587 quibusdam
1772 2553 1840 2586 mss.

1097 2585 1142 2622 54)
1155 2585 1192 2613 Et
1205 2585 1341 2621 'majorem
1353 2606 1361 2618 ,
1378 2591 1432 2613 etc.
1449 2585 1520 2622 Edjti
1532 2603 1540 2615 ,
1557 2593 1566 2608 ι
1582 2585 1711 2621 majorem
1729 2588 1842 2622 exerci-

1051 2614 1106 2649 tuiii
1121 2614 1266 2656 (ἴρηκι-θεεῖ
1279 2614 1366 2656 regni,
1391 2614 1578 2656 necessitatem
1601 2614 1724 2656 patietur
1751 2614 1841 2640 refer-

1048 2664 1087 2689 re,
1107 2666 1117 2683 ›
1136 2652 1188 2684 etc:
1205 2652 1334 2683 Mverlinu's
1347 2664 1381 2691 ,γι
1400 2652 1695 2691 majoremexercitym
1713 2656 1839 2691 congre-

1048 2684 1093 2725 κεί
1107 2692 1142 2719 01)
1166 2691 1239 2725 regni
1264 2684 1466 2720 necessitatem,
1483 2689 1601 2723 patietur
1615 2684 1733 2715 referre,
1753 2692 1765 2710 ι
1781 2689 1838 2710 etc.

1048 2727 1100 2754 Sed
1115 2734 1209 2754 omnes
1223 2734 1289 2753 mss.
1304 2731 1332 2752 ut
1348 2726 1373 2752 in
1389 2730 1482 2751 nostro
1499 2729 1580 2750 textu.

1084 2752 1140 2796 (55)
1151 2752 1236 2793 Alias,
1255 2752 1264 2786 ὲ
1283 2752 1418 2787 ordinatio
1429 2764 1509 2792 atque
1524 2760 1636 2796 ornatus
1652 2762 1663 2796 ξ
1677 2752 1740 2796 (al_._,
1766 2761 1777 2778 ι
1792 2760 1839 2779 or-

1047 2789 1236 2823 diiiis'tameu'
1255 2801 1335 2830 atque
1357 2789 1481 2828 ornatus)
1500 2792 1592 2827 palatii
1613 2794 1640 2816 et
1657 2789 1773 2815 habitus
1791 2796 1839 2814 oc-

1049 2832 1119 2866 culta
1137 2835 1243 2861 maneat
1255 2830 1431 2866 dispensatio.
1452 2839 1461 2854 ι
1551 2862 1556 2866 _

1085 2836 1091 2858 l
1137 2836 1243 2861 liianeat
1255 2836 1431 2864 dispensatio.
1452 2839 1461 2854 ρ

1083 2836 1139 2901 (5.6)
1154 2866 1236 2897 Editi,
1258 2874 1268 2891 ι
1288 2865 1424 2892 conclavis
1447 2862 1623 2898 mysterium;
1638 2868 1649 2885 ι
1666 2857 1715 2885 sed
1734 2865 1838 2885 omnes

1047 2909 1111 2927 mss.
1130 2905 1158 2928 ut
1170 2901 1197 2928 iii
1213 2905 1305 2928 nostro
1319 2904 1402 2927 textu.
