3766 6538
79 479 206 538 1099
1010 479 1366 537 COMMENT.
1410 481 1474 537 IN
1515 481 1734 540 EPIST.
1767 483 1856 538 AD
1893 482 2216 540 ROM.LIB.
2255 483 2318 539 V.
3167 494 3305 552 1010

80 603 252 650 nostra
287 601 449 662 atque
473 593 670 648 animis
694 594 1032 665 ordinantes,
1066 615 1207 654 nunc
1230 601 1341 670 jam
1370 601 1435 655 ad
1462 603 1631 672 inspi-
1658 607 1706 668 Α
1733 604 1884 670 Adae,
1939 619 2060 660 cum
2090 604 2272 658 adhuc
2316 610 2459 660 esset
2499 603 2554 658 in
2585 603 2872 674 paradiso;
2907 617 2964 664 et
2989 623 3176 666 omnes
3206 613 3307 669 ho-
3342 641 3350 648 -

79 685 258 740 cienda
289 692 342 738 et
371 685 680 739 contuenda
706 700 770 742 ea
819 703 939 758 qua:
971 690 1024 743 in
1053 692 1302 747 manibus
1332 692 1624 758 habentur,
1736 699 1911 753 mines
1935 715 2054 754 cum
2073 698 2189 769 ipso
2213 697 2298 752 vel
2322 683 2382 752 in
2409 697 2528 767 ipso
2552 697 2759 766 expulsi
2786 708 2910 754 sunt
2937 702 3004 757 de
3028 705 3302 772 paradiso,

79 794 163 849 pro
194 777 396 833 viribus
427 788 831 834 convertamur.
869 781 932 835 Et
965 783 1145 851 primo
1178 785 1464 841 videamus
1495 801 1632 856 quo—
1735 807 1854 848 cum
1903 787 2016 862 ipse
2059 791 2183 846 inde
2215 789 2474 860 depulsus
2525 799 2642 857 est;
2689 799 2744 844 et
2790 806 2886 860 per
2923 792 3097 862 ipsum
3134 810 3300 860 mors,

78 869 226 924 modo
271 887 291 920 ι
336 882 434 940 per
467 885 629 924 unum
669 871 942 927 hominem
992 885 1273 942 peccatum
1307 878 1542 935 introivit
1577 880 1628 934 in
1734 902 1857 958 qnze
1887 887 1936 942 ei
1967 901 2033 941 ex
2066 883 2512 955 praevaricatione
2545 894 2790 948 venerat,
2828 896 3222 957 consequenter
3247 898 3304 943 et

78 962 208 1016 hunc
232 964 510 1026 mundum,
534 972 589 1016 et
616 977 714 1033 per
747 973 1029 1034 peccatum
1068 981 1216 1023 mors
1255 969 1322 1022 ³⁸.
1357 989 1376 1023 t
1410 970 1632 1027 Fortas—
1733 978 1787 1034 in
1821 994 1916 1034 eos
1946 975 2264 1047 pertransiit
2287 976 2378 1047 qui
2423 976 2478 1031 in
2520 975 2715 1033 lumbis
2760 977 2876 1045 ejus
2915 979 3298 1046 habebantur;

76 1053 142 1108 sis
165 1052 307 1108 enim
335 1054 578 1124 requirat
601 1053 820 1125 aliquis,
857 1054 904 1111 si
931 1065 1058 1113 ante
1087 1058 1262 1114 Adam
1295 1060 1488 1116 mulier
1507 1077 1632 1132 pec—
1731 1081 1787 1127 et
1821 1072 1942 1126 ideo
1967 1082 2111 1126 recte
2137 1068 2429 1139 Apostolus
2455 1069 2621 1124 dicit:
2657 1088 2676 1122 ι
2706 1069 2858 1125 Sicut
2883 1071 3027 1125 enim
3055 1072 3108 1126 in
3130 1071 3300 1126 Adam

76 1146 226 1212 cavit,
257 1147 324 1202 de
352 1162 457 1217 qua
491 1147 710 1213 dicitur,
738 1149 867 1219 quia
892 1166 914 1202 ι
957 1151 1181 1208 seducta
1209 1152 1263 1208 in
1299 1156 1631 1223 praevarica-
1731 1177 1922 1218 omnes
1950 1160 2280 1224 moriuntur,
2312 1159 2386 1213 ita
2415 1168 2472 1213 et
2501 1157 2555 1212 in
2585 1156 2803 1214 Christo
2835 1173 3024 1215 omnes
3057 1160 3303 1214 viviiica-

77 1239 211 1293 tione
236 1237 379 1294 facta
403 1250 487 1295 est
521 1241 602 1307 ¹⁶;
643 1261 662 1294 ι
697 1251 751 1297 et
777 1258 988 1298 rursum
1025 1254 1153 1301 ante
1184 1247 1356 1316 ipsam
1387 1249 1632 1317 peccavit
1731 1251 1934 1306 buntur
1960 1250 2028 1307 ³⁸.
2067 1269 2087 1303 t
2121 1248 2305 1319 Neque
2323 1263 2454 1319 ergo
2498 1262 2564 1302 ex
2591 1257 2841 1318 serpente
2885 1249 2978 1319 qui
3021 1259 3149 1304 ante
3179 1265 3299 1304 mu.

75 1345 308 1400 serpens.
341 1331 586 1386 Peccavit
616 1335 762 1390 enim
789 1350 913 1390 cum
945 1335 1084 1391 dixit
1113 1339 1325 1394 mulieri
1349 1362 1360 1394 :
1385 1357 1403 1390 ι
1432 1339 1631 1406 thuid
1732 1344 1916 1399 lierem
1960 1351 2304 1412 peccaverat,
2338 1354 2515 1410 neque
2552 1353 2619 1394 ex
2657 1338 2885 1395 muliere
2912 1355 3034 1410 quae
3064 1349 3193 1394 ante
3221 1340 3300 1392 vi-

77 1424 172 1478 hoc
197 1424 332 1478 dixit
375 1424 537 1493 Deus,
574 1435 635 1480 ut
665 1442 771 1481 non
819 1428 1156 1485 manducetis
1190 1430 1255 1485 de
1288 1431 1433 1486 omni
1487 1431 1632 1499 ligno
1733 1450 1852 1489 rum
1890 1435 1941 1489 in
1973 1433 2422 1505 praevaricatione
2453 1431 2601 1486 facta
2651 1440 2735 1486 est
2767 1431 2834 1496 ³⁸,
2860 1432 2954 1486 sed
2989 1447 3087 1502 per
3123 1432 3296 1486 Adam

76 1516 296 1584 paradisi
322 1517 417 1571 "2
451 1536 470 1569 t
515 1518 580 1573 Et
612 1519 808 1573 iterum
851 1520 1120 1590 peccavit,
1152 1536 1277 1576 cum
1313 1521 1454 1578 Deus
1483 1524 1632 1579 dixe.
1731 1539 1798 1580 ex
1835 1540 1942 1596 quo
1989 1539 2177 1581 omnes
2212 1522 2470 1578 mortales
2507 1524 2776 1595 originem
2823 1523 3064 1590 ducunt,
3099 1525 3301 1578 dicitur

75 1607 139 1661 rit
169 1607 281 1679 (37)
306 1649 322 1674 ,
355 1609 482 1678 quia
522 1626 542 1661 ι
579 1624 901 1680 qnacunque
929 1611 1018 1666 die
1072 1612 1533 1668 manducaveritis
1562 1628 1629 1668 ex
1733 1617 1984 1672 introisse
2018 1623 2320 1686 peccatum,
2351 1623 2408 1669 et
2437 1628 2535 1684 per
2567 1624 2846 1685 peccatum
2880 1631 3049 1671 mors.
3086 1615 3190 1672 Sed
3212 1617 3300 1671 hic

74 1714 149 1765 eo,
181 1709 353 1756 morte
380 1701 687 1758 moriemini
709 1703 775 1768 ³⁸,
820 1722 840 1756 ι
874 1713 930 1760 et
970 1704 1061 1759 ille
1098 1705 1300 1760 dixerit
1325 1707 1392 1761 ad
1439 1706 1631 1761 mulie-
1731 1708 1989 1762 nimirum
2023 1717 2106 1762 est
2139 1720 2280 1761 unus
2304 1705 2466 1760 homo
2487 1720 2582 1774 per
2605 1719 2765 1775 quem
2793 1714 3073 1775 peccatum
3106 1706 3300 1760 introi-

75 1809 172 1851 rem
205 1814 220 1851 :
258 1813 280 1849 ι
316 1797 432 1852 Νοιι
481 1808 657 1856 morte
690 1799 1038 1867 moriemini;
1102 1803 1200 1856 sed
1235 1801 1442 1858 sciebat
1487 1803 1630 1858 Deus
1731 1799 1830 1864 vit,
1859 1808 1914 1854 et
1944 1813 2042 1868 per
2080 1804 2363 1867 peccatum
2398 1809 2547 1850 mors
2574 1795 2640 1858 ³⁷,
2693 1809 2854 1864 quem
2907 1803 2962 1850 et
2999 1795 3126 1850 alibi
3182 1798 3300 1865 ipse

74 1894 182 1962 quia
234 1909 558 1964 quacunque
608 1894 694 1949 die
744 1886 1196 1948 manducaveritis
1243 1910 1308 1949 ex
1352 1909 1453 1959 eo,
1494 1908 1626 1964 ape-
1668 1961 1675 1964 Α
1730 1887 2022 1956 Apostolus
2044 1886 2156 1959 (60)
2180 1885 2312 1941 dicit
2353 1886 2582 1955 primum
2609 1887 2881 1940 hominem
2909 1887 2975 1940 de
3011 1895 3153 1941 terra
3190 1895 3299 1941 ter-

74 1961 269 2040 rientur
294 1985 437 2041 oculi
469 1961 630 2041 vestri
651 2025 665 2049 ,
706 1994 762 2040 et
792 1984 942 2040 eritis
985 1985 1123 2040 sicut
1157 1985 1230 2041 dii
1260 1985 1496 2040 scientes
1527 1985 1627 2040 bo-
1657 1961 1701 2021 Β
1728 1993 1918 2034 renum
1941 2019 1956 2043 ,
1990 1979 2285 2034 secundum
2317 1992 2447 2033 νθτο
2495 1978 2560 2032 de
2605 1977 2747 2032 θωιο
2791 1979 3074 2034 εωιθειθηι
3108 2020 3124 2046 ν
3173 1995 3296 2036 cum

76 2080 185 2119 num
212 2077 266 2123 ει
288 2069 487 2122 mam,“
522 2073 588 2124 ﬂ.
624 2091 643 2124 ,
680 2071 735 2127 Si
770 2087 903 2143 ergo
934 2083 1060 2130 ante
1089 2077 1259 2131 Adam
1289 2078 1485 2132 mune.-
1507 2092 1628 2148 pcc.
1729 2067 2055 2124 exhortatur
2093 2084 2190 2122 nos
2221 2067 2433 2134 abiecta
2461 2067 2698 2138 imagine
2728 2069 2969 2134 terreni,
3005 2069 3295 2140 imaginem

74 2159 223 2220 cavit,
263 2166 319 2213 et
351 2171 479 2216 ante
514 2163 796 2218 mulierem
824 2180 1069 2236 serpens,
1101 2176 1158 2223 et
1189 2167 1243 2222 in
1269 2167 1378 2224 alio
1407 2169 1561 2225 loco:

1806 2167 1952 2214 rtare
2010 2161 2256 2216 caelestis
2282 2159 2360 2226 ³⁸;
2412 2160 2465 2215 id
2499 2169 2586 2217 est
2638 2170 2696 2216 ut
2738 2161 3032 2216 secundum
3073 2163 3293 2217 verbum

74 2250 138 2302 cit
161 2251 447 2321 Apostolus
474 2293 490 2318 ,
521 2255 649 2323 quia
685 2275 704 2307 ε
737 2256 907 2311 Adam
943 2272 1047 2313 ηοιι
1078 2268 1164 2314 εει
1201 2260 1476 2327 seductus,
1505 2279 1623 2318 mu-
1733 2250 1824 2306 Dei
1857 2253 2102 2306 viventes
2128 2266 2472 2319 renovemur,
2500 2263 2554 2307 et
2588 2252 2953 2308 reformemur
2993 2254 3295 2308 secundum

75 2341 162 2395 iier
201 2352 382 2399 autem
434 2347 654 2402 seducta
700 2357 785 2403 est
826 2349 895 2416 ³ο,
953 2368 972 2402 ι
1020 2352 1292 2422 quomodo
1334 2368 1433 2424 per
1458 2370 1624 2410 unum
1729 2343 2043 2402 interiorem
2080 2348 2350 2403 hominem
2381 2350 2446 2404 ad
2481 2350 2769 2419 imaginem
2821 2349 2916 2406 Dei
2948 2352 3041 2421 qui
3086 2351 3300 2406 creavit

74 2427 348 2502 hominem,
375 2447 429 2493 et
457 2454 563 2494 non
595 2442 768 2512 magis
791 2456 891 2510 per
914 2458 1077 2498 unam
1114 2445 1392 2502 mulierem
1419 2446 1627 2502 videbi-
1729 2451 1852 2491 eum
1882 2436 1948 2492 ³ὀ
1991 2438 2091 2494 Hic
2124 2453 2256 2512 81‘8"
2285 2441 2444 2496 homo
2476 2443 2568 2512 qui
2611 2440 2725 2512 iam
2763 2444 3095 2499 reformat“?
3121 2453 3178 2498 θι
3205 2458 3295 2502 νϐ’

76 2536 150 2582 tur
189 2530 443 2589 introisse
489 2536 815 2604 peccatum?
863 2537 904 2590 A
953 2538 1179 2595 muliere
1213 2541 1357 2596 enim
1399 2541 1554 2596 initin

1809 2540 1952 2584 ratur
1995 2532 2061 2586 ad
2093 2532 2387 2604 imaginem
2416 2534 2509 2589 Dei
2535 2577 2550 2601 ,
2581 2552 2759 2608 neque
2786 2548 3040 2593 terrenus
3065 2575 3080 2602 ,
3119 2550 3296 2608 neque

74 2624 292 2686 peccati.
339 2636 398 2680 et
441 2636 566 2681 ante
595 2627 877 2684 mulierem
913 2644 942 2683 a
989 2639 1263 2702 serpente,
1297 2633 1414 2688 sive
1442 2647 1472 2688 ε
1508 2633 1626 2687 dia-
1728 2619 1782 2674 in
1820 2620 1920 2674 hoc
1969 2621 2168 2677 mundo
2198 2631 2316 2687 681,
2350 2625 2447 2679 58d
2481 2625 2536 2680 in
2569 2627 2723 2682 caelis
2767 2641 2886 2684 esse
2935 2627 3138 2682 dicitur
3165 2641 3299 2682 COD-

74 2712 199 2778 bolo,
229 2717 297 2772 de
325 2732 434 2787 quo
475 2720 676 2775 dicitur
712 2723 766 2776 in
800 2721 1100 2792 Evangelio
1123 2765 1138 2788 ,
1177 2725 1301 2796 quia
1338 2743 1356 2778 ι
1396 2725 1486 2780 ille
1524 2726 1624 2781 hc-
1726 2712 1966 2766 νθτδδιίο
1995 2713 2114 2782 eius
2136 2713 2184 2746 “
2222 2731 2236 2768 ε
2272 2725 2327 2770 ei
2353 2716 2474 2772 ίάθο
2518 2719 2820 2774 secundum
2850 2734 2974 2775 eum
3008 2719 3103 2790 qui
3131 2719 3290 2787 δίκην

75 2807 250 2862 micida
277 2819 400 2863 erat
423 2811 490 2866 ab
523 2812 678 2867 initio
705 2813 769 2867 ³¹.
812 2833 832 2867 t
871 2816 977 2871 Sed
1008 2815 1131 2870 vide
1166 2817 1217 2870 in
1247 2817 1332 2872 his
1389 2816 1560 2886 Apost

1809 2803 1894 2859 ios
1922 2814 2102 2860 autem
2147 2821 2255 2861 non
2307 2811 2443 2865 estis
2485 2811 2550 2866 de
2590 2811 2690 2866 hoc
2740 2813 2943 2866 mundo
2973 2811 3040 2878 “,
3075 2831 3096 2865 ι
3147 2826 3296 2867 mors

75 2898 167 2952 lum
207 2913 420 2957 natura:
445 2905 690 2960 ordinem
736 2909 998 2974 tenuisse,
1033 2917 1088 2961 et
1123 2906 1242 2963 ideo
1268 2911 1525 2981 quoniam
1561 2938 1562 2955 ι

1836 2910 1960 2951 eum
1993 2912 2100 2952 non
2129 2905 2307 2969 potest
2355 2904 2710 2971 pertransire.
2743 2901 2848 2970 Qui
2903 2912 3082 2959 autem
3121 2903 3296 2958 adhuc

74 3003 270 3056 peccato
298 2993 645 3062 loquebatur.
671 3013 735 3053 ex
766 3014 874 3068 quo
901 3016 1045 3056 mors
1073 3003 1124 3056 in
1156 3017 1344 3056 omnes
1375 3001 1626 3058 homines
1727 2990 1780 3044 ίη
1801 2990 1914 3046 hoc
1943 2995 2146 3048 ωυηάο
2176 3004 2260 3049 θεῖ
2283 3033 2300 3061 ο
2328 3004 2383 3050 ei
2416 3006 2668 3053 iel'reiilis
2698 3008 2800 3063 εει.
2836 3013 2900 3054 ac
2936 2997 3140 3054 ῑθηεηῖ
3174 2996 3292 3068 (Η)

75 3083 445 3149 pertransierat
478 3086 542 3153 ³¹,
569 3091 974 3146 successionem
1009 3094 1341 3162 posteritatis
1375 3092 1562 3148 humat

1805 3086 2014 3154 aginetn
2045 3096 2268 3156 portat,
2323 3090 2390 3144 de
2436 3091 2552 3160 ipso
2593 3090 2812 3156 dicitur,
2861 3093 3004 3162 quod
3031 3105 3128 3163 per
3167 3105 3292 3145 eum

74 3187 174 3236 qua
199 3175 324 3231 huic
357 3180 518 3232 morti
550 3182 842 3236 succubuit
878 3197 945 3238 ex
982 3193 1206 3254 peccato
1228 3185 1620 3252 venienti,non
1725 3185 2004 3242 βεεοεηιπη
2041 3177 2094 3230 in
2134 3177 2278 3232 Ῑιυηο
2306 3181 2562 3235 mundum
2590 3182 2854 3248 Ῐηῑτοίνῖῑο
2891 3192 2944 3238 ei
2968 3199 3064 3254 Per
3095 3198 3288 3254 Pecca‘

76 3263 263 3320 mulieri
291 3269 539 3335 ascribit,
566 3272 659 3326 sed
687 3274 824 3328 viro.
863 3273 978 3329 Non
1004 3275 1149 3330 enim
1177 3291 1242 3333 ex
1277 3278 1501 3332 muliere
1525 3293 1622 3348 po-
1649 3317 1697 3380 c
1729 3274 1842 3320 ium
1864 3282 2024 3380 Jmors
2148 3270 2302 3338 Ουοά
2350 3271 2396 3326 εί
2445 3283 2725 3342 Peccamm
2773 3283 2829 3330 ει
2870 3291 3018 3330 mors
3055 3275 3106 3330 Ῐη
3151 3277 3296 3332 hunc

73 3359 290 3424 steritas,
313 3362 411 3417 sed
449 3380 513 3420 ex
561 3365 681 3420 viro
709 3366 1041 3435 nominatur,
1081 3369 1221 3424 sicut
1252 3379 1308 3424 et
1338 3370 1452 3440 ipse
1474 3371 1622 3440 Apo-
1651 3359 1697 3380 ’³
1726 3360 1986 3414 mundum
2037 3359 2150 3434 (η)
2185 3363 2428 3418 ίηιτοίνίι
2454 3405 2469 3430 ο
2499 3373 2554 3421 ει
2584 3365 2636 3420 in
2684 3366 2791 3421 hoc
2829 3367 3028 3424 mmido
3064 3368 3292 3435 habili“.

73 3452 219 3506 stolus
411 3457 464 3510 in
508 3457 630 3512 aliis
677 3459 852 3516 dicit;
901 3479 921 3514 ι
971 3461 1085 3516 Non
1115 3462 1260 3518 enim
1309 3473 1396 3518 es;
1440 3463 1525 3518 vir
1555 3479 1621 3520 ex
1724 3461 1935 3506 certum
1971 3462 2056 3508 est
2085 3455 2295 3510 alienos
2343 3471 2372 3508 3
2409 3468 2582 3512 morte
2632 3468 2688 3513 et
2734 3475 2762 3512 ὃ
2793 3471 3018 3528 peccato
3048 3475 3171 3517 esse
3197 3477 3294 3517 €08

79 3542 303 3610 muliere,
337 3547 431 3600 sed
475 3547 673 3604 mulier
695 3565 762 3604 ex
796 3551 949 3618 viro;
991 3572 1010 3606 ι
1046 3563 1102 3608 ει
1140 3555 1336 3609 iterum
1370 3571 1386 3608 ε
1417 3572 1438 3605 ι
1473 3553 1624 3610 δῆσαι
1724 3541 1816 3610 qui
1851 3557 1950 3612 per
1975 3544 2254 3601 Christum
2283 3546 2366 3602 vel
2398 3564 2518 3602 cum
2547 3548 2766 3606 Christo
2795 3553 2998 3607 mortui
3023 3564 3147 3608 Slllll
3170 3554 3295 3610 huic

73 3634 196 3686 enim
227 3634 428 3689 mulier
458 3652 524 3692 ex
564 3639 682 3693 vim
707 3680 723 3705 ,
756 3643 827 3696 ita
855 3654 910 3698 ει
938 3643 1022 3697 νει-
1059 3663 1078 3696 ,
1113 3659 1221 3698 non
1249 3660 1312 3699 εχ
1348 3644 1578 3702 muliere
1603 3687 1619 3712 ,
1725 3635 1951 3699 mundo,
1981 3645 2182 3691 etcum
2223 3637 2340 3707 ipso
2367 3643 2696 3708 resuscitati,
2729 3660 2852 3698 cutn
2880 3647 2995 3717 ipso
3022 3646 3185 3700 etiam
3209 3661 3296 3701 se-

73 3723 146 3777 ³εά
176 3741 193 3776 ε
217 3742 316 3798 per
342 3727 624 3784 mulierem
654 3732 738 3798 ³⁸;
778 3751 797 3784 ι
824 3743 879 3788 et
918 3733 987 3788 ob
1022 3733 1126 3789 hoc
1162 3735 1406 3790 mortalis
1439 3745 1621 3804 poste-
1723 3725 1851 3780 dere
1899 3727 1952 3780 in
1995 3727 2307 3785 caelestibus
2353 3742 2665 3787 meruerunt
2701 3735 2782 3801 ",
2818 3737 3288 3792 conversationem

74 3815 216 3885 ritas,
265 3829 322 3871 et
382 3821 678 3889 corporalis
729 3826 1007 3879 successio
1035 3865 1050 3891 ,
1105 3825 1222 3880 viro
1273 3825 1452 3894 potius
1503 3834 1620 3880 tan-
1722 3832 1829 3872 ηοη
1871 3818 1985 3886 iam
2021 3821 2136 3890 (45)
2169 3822 2222 3875 ίιι
2255 3823 2354 3877 hoc
2387 3825 2587 3878 ιηυηάο
2613 3865 2630 3892 ι
2675 3826 2770 3881 8εά
2798 3826 2851 3880 in
2884 3828 3037 3882 cm'is
3088 3829 3295 3884 haben‘
3338 3836 3342 3840 ’

73 3920 209 3974 quam
242 3911 356 3984 (39)
406 3915 636 3979 auctori,
677 3925 734 3969 et
773 3931 879 3970 non
913 3917 1121 3972 mulieri
1150 3918 1457 3986 deputatur.
1505 3915 1615 3972 Sed
1725 3921 1808 3967 tes
1841 3912 1907 3965 “.
1942 3911 2096 3968 Unde
2120 3923 2176 3969 et
2205 3915 2324 3984 pari
2355 3918 2744 3987 consequentia
2776 3913 3103 3987 ostenditur,
3143 3921 3290 3991 quod

74 4009 120 4049 ut
156 4000 329 4055 adhuc
381 4001 686 4058 evidentius
740 4003 834 4058 ﬁat
864 4005 1008 4075 quod
1042 4005 1274 4062 dicimus
1300 4044 1316 4070 ,
1361 4007 1622 4062 addemus
1721 4007 1898 4061 omnis
1924 4008 2089 4062 homo
2117 4003 2293 4078 primo
2339 4029 2356 4061 t
2404 4013 2470 4064 de
2502 4021 2647 4065 terra
2677 4019 2926 4065 terrenus
2965 4030 2982 4063 t
3015 4020 3118 4076 est,
3153 4013 3294 4067 sicut

74 4090 207 4143 etiam
244 4093 346 4148 hoc
391 4095 534 4162 quod
585 4095 723 4150 idem
754 4098 1044 4166 Apostolus
1087 4097 1155 4152 ad
1188 4098 1444 4153 Hebraeos
1475 4100 1618 4154 scri-
1722 4097 1865 4152 idem
1894 4098 2187 4167 Apostolus
2220 4098 2346 4153 alibi
2378 4099 2423 4131 ⁸⁸
2461 4097 2633 4166 dicit;
2687 4115 2809 4155 cum
2858 4100 3149 4170 imaginem
3183 4110 3294 4154 ter-

75 4179 136 4232 itit
161 4182 203 4212 “
230 4201 243 4237 :
275 4203 295 4236 ι
333 4184 438 4239 Sed
463 4197 518 4242 et
549 4185 678 4241 Levi
709 4189 800 4257 qui
846 4189 1086 4244 decimas
1115 4188 1346 4256 accepit,
1378 4189 1618 4244 decima-
1721 4187 1838 4242 reni
1887 4197 2106 4258 portat,
2153 4200 2207 4243 et
2239 4192 2536 4244 secundum
2583 4191 2870 4260 imaginem
2923 4191 3126 4245 terreni
3184 4205 3293 4242 am-

77 4280 146 4324 tus
172 4285 268 4329 est.
304 4277 496 4334 Adhuc
534 4279 678 4333 enim
709 4279 762 4332 in
788 4279 988 4334 lumbis
1013 4279 1183 4348 patris
1209 4289 1328 4334 erat
1355 4297 1374 4330 ι
1423 4279 1620 4350 (Abra-
1721 4277 1871 4332 bulat
1921 4275 2057 4350 (44),
2113 4293 2333 4333 carnem
2373 4281 2612 4350 cogitat,
2667 4292 2723 4336 et
2774 4297 2894 4350 quae
2939 4282 3122 4336 carnis
3165 4291 3294 4336 sunt

77 4360 159 4432 lue)
199 4383 216 4417 t
273 4383 398 4421 cum
447 4370 686 4423 obviavit
742 4370 790 4424 ei
846 4367 1244 4425 Melchisedech
1285 4383 1533 4438 regresso
1585 4384 1616 4422 a
1722 4370 1894 4437 sapit,
1949 4378 2004 4422 et
2065 4370 2153 4424 vix
2211 4369 2504 4439 aliquando
2556 4381 2640 4426 est
2703 4382 2761 4426 ut
2810 4381 3166 4428 convertatur
3221 4371 3292 4426 ad

75 4457 196 4510 caede
219 4475 426 4528 regum.
454 4480 475 4515 ι
503 4460 558 4516 Si
589 4478 720 4533 ergo
749 4461 901 4528 Levi,
931 4463 1024 4532 qui
1057 4463 1403 4533 generatione
1425 4472 1621 4533 quarta
1723 4458 2004 4514 Dominum
2038 4501 2054 4525 ,
2105 4472 2159 4516 et
2219 4463 2414 4529 spiritu
2476 4463 2568 4517 Dei
2635 4475 2825 4530 agatur
2847 4505 2865 4531 ,
2921 4473 3087 4533 atque
3147 4463 3292 4518 elle-

75 4559 176 4614 post
205 4550 482 4608 Abraham
518 4555 798 4622 nascitur,
841 4557 894 4609 in
919 4555 1119 4609 lumbis
1168 4555 1399 4609 Abrahae
1447 4554 1620 4609 fuisse
1723 4550 1844 4596 ειυδ
1899 4541 2150 4610 spiritalis
2205 4543 2296 4597 “at
2339 4562 2357 4595 ί
2414 4544 2739 4601 ηονῖεδίῐηυε
2792 4548 2964 4602 Adam
3023 4549 3076 4602 ίη
3134 4549 3292 4619 547

75 4642 386 4710 perhibetur,
413 4646 581 4700 multo
617 4647 789 4717 magis
807 4662 994 4702 omnes
1029 4647 1277 4703 homines
1303 4649 1395 4717 qui
1425 4649 1479 4703 in
1515 4651 1562 4703 lit

1804 4633 1981 4687 iritum
2030 4633 2393 4690 viviﬁcantem
2446 4637 2491 4669 “
2544 4638 2703 4709 (45).
2761 4658 2782 4692 ι
2841 4639 3075 4710 Require
3131 4655 3291 4704 sane,

76 4734 248 4788 mundo
299 4748 620 4801 nascuntur,
663 4748 719 4792 et
769 4738 879 4791 nati
926 4750 1052 4794 sunt
1082 4780 1098 4805 ,
1131 4740 1182 4793 in
1229 4739 1430 4795 lumbis
1459 4749 1618 4794 erant
1723 4725 1976 4796 ςυοηὶειω
2008 4741 2106 4794 Per
2133 4742 2302 4781 unum
2335 4729 2609 4784 hominem
2640 4731 2693 4784 ili
2727 4731 2875 4786 hunc
2911 4733 3168 4786 mlmdum
3203 4733 3287 4784 ἀί-

131 4893 338 4951 “Rom.
362 4911 414 4958 v.
441 4897 526 4953 l2.
605 4899 653 4930 "
683 4898 697 4952 l
722 4898 859 4952 Tim.
891 4900 1060 4962 ",14.
1141 4901 1186 4931 ⁸⁷
1217 4897 1352 4954 Gen.
1386 4914 1466 4964 ιιι,
1496 4900 1547 4953 1.
1605 4900 1618 4931 ¹

1799 4935 1814 4950 .
1849 4911 1910 4958 li,
1946 4896 2034 4960 1⁸1.
2091 4894 2136 4927 ’⁸
2168 4895 2297 4953 ibid.
2327 4896 2379 4955 ι.
2405 4896 2458 4951 5.
2524 4895 2770 4950 “lTim.
2807 4912 2865 4958 ιι,
2894 4893 2979 4948 14.
3053 4893 3095 4924 ³¹
3129 4889 3285 4964 Joatt.

79 4967 280 5033 vim“.
353 4968 400 4999 ⁸⁸
432 4967 586 5022 Rom.
611 4985 662 5030 v,
697 4969 782 5022 l2.
861 4969 904 5001 ⁸³
934 4971 951 5022 l
987 4972 1111 5024 Cor.
1137 4986 1217 5026 xt.
1249 4971 1302 5028 8.
1333 4969 1416 5022 12.
1454 4963 1529 5001 ⁷³⁸
1557 4968 1566 5022 l

1808 4982 1846 5028 ι.
1873 4968 1928 5029 1,
1960 4968 2133 5032 9,10.
2173 5013 2176 5017 .
2223 4966 2269 4998 ³⁸
2299 4967 2468 5020 lCor.
2500 4983 2586 5033 xv,
2615 4969 2704 5020 22.
2798 4966 2843 4996 “
2879 4966 2892 5016 l
2931 4964 3074 5018 Tim.
3108 4979 3168 5026 ιι,
3202 4963 3287 5016 11».

79 5030 114 5106 ιι
136 5033 277 5106 βου..
310 5053 362 5101 ν,
391 5038 478 5092 η,
546 5039 589 5072 as
621 5039 779 5092 lCor.
804 5055 891 5101 xv,
915 5040 1004 5106 A7,
1030 5042 1118 5094 49.
1187 5041 1230 5073 ’9
1258 5038 1466 5094 Coloss.
1492 5056 1566 5104 ιιι¹

1821 5030 2021 5106 Philip.
2052 5053 2135 5097 ιιι.
2160 5037 2250 5091 20.
2323 5037 2364 5068 ⁸³
2392 5037 2548 5092 Joan.
2574 5030 2672 5101 ἰν,
2709 5037 2791 5092 19.
2864 5036 2907 5066 δ’
2937 5034 3095 5087 llum.
3123 5049 3172 5096 v,
3201 5035 3286 5087 l2.

81 5099 116 5130 “
139 5104 320 5174 Ephes.
348 5099 414 5170 tt,
449 5109 506 5173 5,
533 5108 587 5164 ε.
653 5109 699 5142 ⁸⁸
736 5099 928 5180 Philip.
962 5099 1042 5176 ιιί,
1066 5111 1157 5167 20.
1229 5109 1274 5141 ⁸⁸
1305 5109 1321 5163 Ι
1351 5111 1475 5166 Cor.
1505 5099 1568 5164 xv

736 5099 928 5180 Philip.
962 5099 1042 5176 ui,
1066 5111 1157 5167 20.
1229 5109 1274 5141 ⁸⁸
1305 5109 1321 5163 Ι
1351 5111 1475 5166 Cor.
1505 5099 1703 5177 xv,47,
1729 5108 1818 5163 49.
1881 5108 1927 5139 ⁸⁸
1953 5099 2086 5163 ibid.
2111 5107 2202 5162 45.

136 5263 234 5342 ς37)
262 5264 336 5318 ita
352 5281 494 5342 _t_nss.
523 5269 694 5342 nostri
734 5279 789 5324 et
819 5270 1092 5334 Rabanus,
1122 5270 1225 5324 nisi
1262 5271 1404 5339 quod
1437 5272 1613 5340 primo
1793 5269 1906 5342 (10)
1933 5269 2104 5342 Alias,
2130 5285 2151 5319 ‹
2187 5268 2328 5342 idem
2362 5268 2671 5342 Apostolus.
2705 5286 2724 5320 ι

83 5330 287 5411 habeant
314 5337 454 5391 alius
481 5355 500 5389 ς
537 5340 693 5411 dixit,
723 5359 742 5390 ι
774 5342 910 5394 alius
947 5360 964 5392 t
1001 5330 1250 5406 dixerat;
1280 5330 1304 5392 ἱ
1349 5330 1608 5405 secundo,
1792 5330 1905 5411 (4i)
1934 5330 2103 5405 Alias,
2137 5357 2156 5390 ι
2190 5339 2244 5392 in
2271 5330 2471 5392 mundo
2498 5348 2582 5393 est
2604 5378 2622 5404 ,
2657 5349 2908 5394 terrenus
2938 5347 3046 5404 est,
3085 5353 3150 5394 ac
3177 5347 3288 5392 ter-

84 5402 197 5456 alius
233 5407 425 5459 iterum
467 5426 486 5459 t
537 5409 711 5472 dixit,
752 5429 770 5461 ι
822 5412 960 5464 alius
997 5427 1017 5461 ι
1054 5402 1303 5465 diceret:
1345 5430 1364 5462 ι
1400 5414 1494 5465 sed
1535 5402 1617 5466 re-
1721 5402 1856 5470 rem,
1888 5402 1917 5461 ἰ
1951 5419 2057 5464 etc.

85 5473 201 5527 ctius
227 5491 362 5552 unus
394 5479 559 5552 codex
591 5479 793 5552 [legitis
826 5497 977 5534 num.
1027 5475 1162 5552 1639
1209 5482 1370 5535 habet
1400 5484 1612 5536 utrobi-
1788 5481 1904 5552 (ΑΞ)
1940 5478 2040 5533 Ms.
2078 5494 2242 5552 unus,
2282 5495 2301 5552 ι
2333 5477 2486 5544 Quod
2513 5479 2558 5533 si
2593 5489 2874 5547 peccatum
2907 5495 3076 5547 mors,
3102 5489 3157 5534 et
3193 5495 3290 5549 per

85 5556 204 5609 que,
225 5563 255 5621 ⁸ι
300 5546 515 5621 dixerit.
549 5567 568 5600 ι
600 5546 768 5621 Ειιίιῑῇ
793 5566 954 5615 vero,
990 5567 1010 5602 ι
1043 5560 1096 5605 et
1129 5551 1327 5604 iterum
1362 5555 1613 5619 peccavit
1719 5546 2001 5621 peccatum
2031 5565 2175 5621 mors
2202 5551 2252 5601 in
2285 5550 2429 5621 hunc
2461 5546 2744 5621 mundum,
2781 5570 2801 5602 ι
2841 5561 2953 5610 etc.

85 5626 184 5691 cum
209 5616 374 5691 dixit:
409 5618 521 5671 Scit
553 5619 695 5672 enim
748 5620 885 5674 Dens
913 5622 1038 5690 quia
1085 5616 1407 5691 quacunque
1458 5639 1610 5675 tnan-
1719 5616 1732 5621 ⁷
1790 5620 1903 5689 (15)
1932 5619 2077 5691 lam.
2105 5618 2264 5672 Deest
2303 5620 2361 5691 in
2387 5620 2566 5673 editis.

86 5683 380 5759 dlicaveritis
424 5702 489 5741 ex
519 5704 585 5742 eo
609 5728 624 5753 ,
667 5683 1005 5758 aperientur,
1043 5708 1060 5742 t
1099 5683 1231 5757 etc.,
1264 5683 1484 5748 omissis
1510 5709 1612 5748 cte-
1792 5683 1906 5759 (44)
1929 5690 2104 5752 Alias,
2139 5707 2156 5738 ι
2194 5705 2317 5742 cum
2349 5689 2401 5741 in
2437 5691 2671 5759 imagine
2705 5692 2906 5747 terreni
2942 5691 3208 5757 ambulat,
3237 5697 3295 5745 et

90 5755 237 5829 teri§._
703 5755 717 5758 ⁷
992 5755 998 5756 ί
1216 5755 1222 5757 ⁷
1723 5755 2021 5818 secundum
2049 5761 2340 5829 imaginem
2376 5755 2578 5812 terreni
2608 5762 2871 5816 ambulat.
2916 5782 2935 5814 ι

146 5823 245 5903 φξβ)
267 5826 568 5903 έροειοιιιε.
597 5828 768 5903 Deest
796 5830 849 5883 iu
874 5829 1110 5903 editis.”
1175 5902 1178 5903 γ
1797 5829 2102 5903 (15)Ει111ἱ,
2131 5823 2244 5886 εἰη
2263 5831 2475 5899 Spiritu
2506 5829 2839 5889 viviiicante.
2879 5851 2900 5884 ι

143 5895 241 5965 {39)
274 5895 567 5968 Tanquam.
595 5900 943 5956 Desideratur
970 5900 1023 5956 in
1060 5901 1215 5958 libris
1244 5912 1402 5958 antea
1435 5903 1616 5959 editis.
