  <div class='ocr_page' id='page_1' title='image "/cluster/home/n/w/nwhite01/storage/ocr_20150623/14/hvd.32044024333478/513.png"; bbox 0 0 3766 6548; ppageno 0'>
   <div class='ocr_carea' id='block_1_1' title="bbox 449 472 583 529">
    <p class='ocr_par' dir='ltr' id='par_1_1' title="bbox 449 472 583 529">
     <span class='ocr_line' id='line_1_1' title="bbox 449 472 583 529; baseline -0.022 0"><span class='ocrx_word' id='word_1_1' title='bbox 449 472 583 529; x_wconf 67' lang='grc'><strong>1011</strong></span> 
     </span>
    </p>
   </div>
   <div class='ocr_carea' id='block_1_2' title="bbox 1915 452 2236 513">
    <p class='ocr_par' dir='ltr' id='par_1_2' title="bbox 1915 452 2236 513">
     <span class='ocr_line' id='line_1_2' title="bbox 1915 452 2236 513; baseline -0.019 0"><span class='ocrx_word' id='word_1_2' title='bbox 1915 452 2236 513; x_wconf 79' lang='lat' dir='ltr'><strong>ORIGENIS</strong></span> 
     </span>
    </p>
   </div>
   <div class='ocr_carea' id='block_1_3' title="bbox 3536 441 3656 496">
    <p class='ocr_par' dir='ltr' id='par_1_3' title="bbox 3536 441 3656 496">
     <span class='ocr_line' id='line_1_3' title="bbox 3536 441 3656 496; baseline 0.008 -1"><span class='ocrx_word' id='word_1_3' title='bbox 3536 441 3656 496; x_wconf 62' lang='lat' dir='ltr'><strong>i053</strong></span> 
     </span>
    </p>
   </div>
   <div class='ocr_carea' id='block_1_4' title="bbox 452 559 3654 656">
    <p class='ocr_par' dir='ltr' id='par_1_4' title="bbox 452 559 3654 656">
     <span class='ocr_line' id='line_1_4' title="bbox 452 559 3654 656; baseline -0.01 -11"><span class='ocrx_word' id='word_1_4' title='bbox 452 588 532 642; x_wconf 72' lang='lat' dir='ltr'><strong>rit</strong></span> <span class='ocrx_word' id='word_1_5' title='bbox 581 586 830 641; x_wconf 78' lang='lat' dir='ltr'><strong>introisse</strong></span> <span class='ocrx_word' id='word_1_6' title='bbox 880 594 1185 656; x_wconf 82' lang='lat' dir='ltr'><strong>peccatum,</strong></span> <span class='ocrx_word' id='word_1_7' title='bbox 1247 593 1301 640; x_wconf 90' lang='lat' dir='ltr'><strong>et</strong></span> <span class='ocrx_word' id='word_1_8' title='bbox 1351 592 1557 640; x_wconf 78' lang='lat' dir='ltr'><strong>eertum</strong></span> <span class='ocrx_word' id='word_1_9' title='bbox 1609 588 1698 635; x_wconf 90' lang='lat' dir='ltr'><strong>est</strong></span> <span class='ocrx_word' id='word_1_10' title='bbox 1743 579 1868 649; x_wconf 85' lang='lat' dir='ltr'><strong>quia</strong></span> <span class='ocrx_word' id='word_1_11' title='bbox 1917 578 2004 632; x_wconf 90' lang='lat' dir='ltr'><strong>hic</strong></span> <span class='ocrx_word' id='word_1_12' title='bbox 2035 579 2079 634; x_wconf 71' lang='grc' dir='ltr'>Α</span> <span class='ocrx_word' id='word_1_13' title='bbox 2108 573 2342 633; x_wconf 86' lang='lat' dir='ltr'><strong>invocat,</strong></span> <span class='ocrx_word' id='word_1_14' title='bbox 2367 567 2460 622; x_wconf 89' lang='lat' dir='ltr'><strong>sed</strong></span> <span class='ocrx_word' id='word_1_15' title='bbox 2491 563 2795 622; x_wconf 86' lang='lat' dir='ltr'><strong>dissimulat</strong></span> <span class='ocrx_word' id='word_1_16' title='bbox 2815 569 2870 617; x_wconf 89' lang='lat' dir='ltr'><strong>et</strong></span> <span class='ocrx_word' id='word_1_17' title='bbox 2907 559 3386 616; x_wconf 67' lang='lat' dir='ltr'><strong>moraturiEtiam</strong></span> <span class='ocrx_word' id='word_1_18' title='bbox 3416 560 3462 614; x_wconf 88' lang='lat' dir='ltr'><strong>si</strong></span> <span class='ocrx_word' id='word_1_19' title='bbox 3490 559 3654 614; x_wconf 83' lang='lat' dir='ltr'><strong>Enoch</strong></span> 
     </span>
    </p>
   </div>
   <div class='ocr_carea' id='block_1_5' title="bbox 459 671 2015 745">
    <p class='ocr_par' dir='ltr' id='par_1_5' title="bbox 459 671 2015 745">
     <span class='ocr_line' id='line_1_5' title="bbox 459 671 2015 745; baseline -0.006 -15"><span class='ocrx_word' id='word_1_20' title='bbox 459 696 478 730; x_wconf 70' lang='grc' dir='ltr'><strong>ι</strong></span> <span class='ocrx_word' id='word_1_21' title='bbox 511 680 764 734; x_wconf 87' lang='lat' dir='ltr'><strong>mundum</strong></span> <span class='ocrx_word' id='word_1_22' title='bbox 794 697 814 731; x_wconf 74' lang='grc' dir='ltr'><strong>ι</strong></span> <span class='ocrx_word' id='word_1_23' title='bbox 851 688 1124 734; x_wconf 89' lang='lat' dir='ltr'><strong>terrenum</strong></span> <span class='ocrx_word' id='word_1_24' title='bbox 1157 679 1300 732; x_wconf 91' lang='lat' dir='ltr'><strong>hunc</strong></span> <span class='ocrx_word' id='word_1_25' title='bbox 1341 674 1573 745; x_wconf 94' lang='lat' dir='ltr'><strong>appellat</strong></span> <span class='ocrx_word' id='word_1_26' title='bbox 1612 673 1788 728; x_wconf 90' lang='lat' dir='ltr'><strong>locum</strong></span> <span class='ocrx_word' id='word_1_27' title='bbox 1817 671 1871 725; x_wconf 87' lang='lat' dir='ltr'><strong>in</strong></span> <span class='ocrx_word' id='word_1_28' title='bbox 1906 685 2015 739; x_wconf 88' lang='lat' dir='ltr'><strong>quo</strong></span> 
     </span>
    </p>
   </div>
   <div class='ocr_carea' id='block_1_6' title="bbox 456 759 2015 834">
    <p class='ocr_par' dir='ltr' id='par_1_6' title="bbox 456 759 2015 834">
     <span class='ocr_line' id='line_1_6' title="bbox 456 759 2015 834; baseline -0.005 -14"><span class='ocrx_word' id='word_1_29' title='bbox 456 768 702 823; x_wconf 84' lang='lat' dir='ltr'><strong>homines</strong></span> <span class='ocrx_word' id='word_1_30' title='bbox 759 769 1026 834; x_wconf 84' lang='lat' dir='ltr'><strong>habitant,</strong></span> <span class='ocrx_word' id='word_1_31' title='bbox 1073 768 1121 823; x_wconf 90' lang='lat' dir='ltr'><strong>si</strong></span> <span class='ocrx_word' id='word_1_32' title='bbox 1170 769 1226 822; x_wconf 88' lang='lat' dir='ltr'><strong>in</strong></span> <span class='ocrx_word' id='word_1_33' title='bbox 1268 767 1414 821; x_wconf 90' lang='lat' dir='ltr'><strong>nullo</strong></span> <span class='ocrx_word' id='word_1_34' title='bbox 1457 765 1562 819; x_wconf 89' lang='lat' dir='ltr'><strong>alio</strong></span> <span class='ocrx_word' id='word_1_35' title='bbox 1600 763 1720 818; x_wconf 85' lang='lat' dir='ltr'><strong>loco</strong></span> <span class='ocrx_word' id='word_1_36' title='bbox 1767 759 2015 816; x_wconf 88' lang='lat' dir='ltr'><strong>introivit</strong></span> 
     </span>
    </p>
   </div>
   <div class='ocr_carea' id='block_1_7' title="bbox 457 852 2012 931">
    <p class='ocr_par' dir='ltr' id='par_1_7' title="bbox 457 852 2012 931">
     <span class='ocr_line' id='line_1_7' title="bbox 457 852 2012 931; baseline -0.006 -17"><span class='ocrx_word' id='word_1_37' title='bbox 457 871 758 927; x_wconf 80' lang='lat' dir='ltr'><strong>peccatum,</strong></span> <span class='ocrx_word' id='word_1_38' title='bbox 790 875 962 931; x_wconf 91' lang='lat' dir='ltr'><strong>neque</strong></span> <span class='ocrx_word' id='word_1_39' title='bbox 992 861 1042 915; x_wconf 90' lang='lat' dir='ltr'><strong>in</strong></span> <span class='ocrx_word' id='word_1_40' title='bbox 1071 860 1179 916; x_wconf 89' lang='lat' dir='ltr'><strong>illis</strong></span> <span class='ocrx_word' id='word_1_41' title='bbox 1212 859 1344 915; x_wconf 92' lang='lat' dir='ltr'><strong>locis</strong></span> <span class='ocrx_word' id='word_1_42' title='bbox 1371 857 1666 921; x_wconf 72' lang='lat' dir='ltr'><strong>invenitur,</strong></span> <span class='ocrx_word' id='word_1_43' title='bbox 1689 854 1777 908; x_wconf 93' lang='lat' dir='ltr'><strong>ubi</strong></span> <span class='ocrx_word' id='word_1_44' title='bbox 1805 872 1825 904; x_wconf 75' lang='grc' dir='ltr'><strong>ι</strong></span> <span class='ocrx_word' id='word_1_45' title='bbox 1849 852 2012 920; x_wconf 87' lang='lat' dir='ltr'><strong>spiri-</strong></span> 
     </span>
    </p>
   </div>
   <div class='ocr_carea' id='block_1_8' title="bbox 461 943 2015 1020">
    <p class='ocr_par' dir='ltr' id='par_1_8' title="bbox 461 943 2015 1020">
     <span class='ocr_line' id='line_1_8' title="bbox 461 943 2015 1020; baseline -0.005 -16"><span class='ocrx_word' id='word_1_46' title='bbox 461 953 585 1004; x_wconf 81' lang='lat' dir='ltr'><strong>talia</strong></span> <span class='ocrx_word' id='word_1_47' title='bbox 634 953 886 1020; x_wconf 66' lang='lat' dir='ltr'><strong>nequitize</strong></span> <span class='ocrx_word' id='word_1_48' title='bbox 930 953 988 1007; x_wconf 88' lang='lat' dir='ltr'><strong>in</strong></span> <span class='ocrx_word' id='word_1_49' title='bbox 1019 951 1330 1007; x_wconf 68' lang='lat' dir='ltr'><strong>cmlestibus</strong></span> <span class='ocrx_word' id='word_1_50' title='bbox 1357 949 1402 982; x_wconf 77' lang='lat'><strong>&quot;</strong></span> <span class='ocrx_word' id='word_1_51' title='bbox 1434 968 1457 1003; x_wconf 76' lang='grc' dir='ltr'><strong>ι</strong></span> <span class='ocrx_word' id='word_1_52' title='bbox 1489 948 1860 1004; x_wconf 84' lang='lat' dir='ltr'><strong>nominantur.</strong></span> <span class='ocrx_word' id='word_1_53' title='bbox 1909 943 2015 998; x_wconf 88' lang='lat' dir='ltr'><strong>Sed</strong></span> 
     </span>
    </p>
   </div>
   <div class='ocr_carea' id='block_1_9' title="bbox 457 1035 2018 1113">
    <p class='ocr_par' dir='ltr' id='par_1_9' title="bbox 457 1035 2018 1113">
     <span class='ocr_line' id='line_1_9' title="bbox 457 1035 2018 1113; baseline -0.005 -17"><span class='ocrx_word' id='word_1_54' title='bbox 457 1050 513 1096; x_wconf 90' lang='lat' dir='ltr'><strong>et</strong></span> <span class='ocrx_word' id='word_1_55' title='bbox 539 1041 668 1095; x_wconf 91' lang='lat' dir='ltr'><strong>illud</strong></span> <span class='ocrx_word' id='word_1_56' title='bbox 695 1043 833 1113; x_wconf 88' lang='lat' dir='ltr'><strong>apud</strong></span> <span class='ocrx_word' id='word_1_57' title='bbox 869 1043 1207 1111; x_wconf 81' lang='lat' dir='ltr'><strong>temetipsum</strong></span> <span class='ocrx_word' id='word_1_58' title='bbox 1251 1048 1544 1112; x_wconf 87' lang='lat' dir='ltr'><strong>pertracta,</strong></span> <span class='ocrx_word' id='word_1_59' title='bbox 1592 1037 1735 1092; x_wconf 92' lang='lat' dir='ltr'><strong>unde</strong></span> <span class='ocrx_word' id='word_1_60' title='bbox 1780 1036 1831 1089; x_wconf 93' lang='lat' dir='ltr'><strong>in</strong></span> <span class='ocrx_word' id='word_1_61' title='bbox 1874 1035 2018 1088; x_wconf 90' lang='lat' dir='ltr'><strong>hunc</strong></span> 
     </span>
    </p>
   </div>
   <div class='ocr_carea' id='block_1_10' title="bbox 460 1123 2018 1202">
    <p class='ocr_par' dir='ltr' id='par_1_10' title="bbox 460 1123 2018 1202">
     <span class='ocr_line' id='line_1_10' title="bbox 460 1123 2018 1202; baseline -0.006 -16"><span class='ocrx_word' id='word_1_62' title='bbox 460 1133 718 1188; x_wconf 89' lang='lat' dir='ltr'><strong>mundum</strong></span> <span class='ocrx_word' id='word_1_63' title='bbox 763 1133 1005 1189; x_wconf 86' lang='lat' dir='ltr'><strong>introivit</strong></span> <span class='ocrx_word' id='word_1_64' title='bbox 1051 1143 1351 1202; x_wconf 86' lang='lat' dir='ltr'><strong>peccatum,</strong></span> <span class='ocrx_word' id='word_1_65' title='bbox 1400 1140 1490 1184; x_wconf 87' lang='lat' dir='ltr'><strong>aut</strong></span> <span class='ocrx_word' id='word_1_66' title='bbox 1545 1128 1634 1183; x_wconf 94' lang='lat' dir='ltr'><strong>ubi</strong></span> <span class='ocrx_word' id='word_1_67' title='bbox 1681 1134 1800 1181; x_wconf 91' lang='lat' dir='ltr'><strong>erat</strong></span> <span class='ocrx_word' id='word_1_68' title='bbox 1839 1123 2018 1193; x_wconf 88' lang='lat' dir='ltr'><strong>prius-</strong></span> 
     </span>
    </p>
   </div>
   <div class='ocr_carea' id='block_1_11' title="bbox 460 1215 2020 1295">
    <p class='ocr_par' dir='ltr' id='par_1_11' title="bbox 460 1215 2020 1295">
     <span class='ocr_line' id='line_1_11' title="bbox 460 1215 2020 1295; baseline -0.005 -16"><span class='ocrx_word' id='word_1_69' title='bbox 460 1241 620 1295; x_wconf 91' lang='lat' dir='ltr'><strong>quam</strong></span> <span class='ocrx_word' id='word_1_70' title='bbox 651 1231 755 1282; x_wconf 89' lang='lat' dir='ltr'><strong>huc</strong></span> <span class='ocrx_word' id='word_1_71' title='bbox 791 1228 1057 1291; x_wconf 86' lang='lat' dir='ltr'><strong>introiret,</strong></span> <span class='ocrx_word' id='word_1_72' title='bbox 1094 1237 1186 1280; x_wconf 89' lang='lat' dir='ltr'><strong>aut</strong></span> <span class='ocrx_word' id='word_1_73' title='bbox 1219 1225 1264 1280; x_wconf 89' lang='lat' dir='ltr'><strong>si</strong></span> <span class='ocrx_word' id='word_1_74' title='bbox 1291 1225 1512 1279; x_wconf 91' lang='lat' dir='ltr'><strong>omnino</strong></span> <span class='ocrx_word' id='word_1_75' title='bbox 1544 1230 1687 1283; x_wconf 86' lang='lat' dir='ltr'><strong>erat,</strong></span> <span class='ocrx_word' id='word_1_76' title='bbox 1730 1217 1816 1272; x_wconf 87' lang='lat' dir='ltr'><strong>vel</strong></span> <span class='ocrx_word' id='word_1_77' title='bbox 1844 1218 1887 1272; x_wconf 92' lang='lat' dir='ltr'><strong>si</strong></span> <span class='ocrx_word' id='word_1_78' title='bbox 1917 1215 2020 1270; x_wconf 86' lang='lat' dir='ltr'><strong>fuit</strong></span> 
     </span>
    </p>
   </div>
   <div class='ocr_carea' id='block_1_12' title="bbox 461 1309 2020 1384">
    <p class='ocr_par' dir='ltr' id='par_1_12' title="bbox 461 1309 2020 1384">
     <span class='ocr_line' id='line_1_12' title="bbox 461 1309 2020 1384; baseline -0.006 -16"><span class='ocrx_word' id='word_1_79' title='bbox 461 1326 587 1370; x_wconf 86' lang='lat' dir='ltr'><strong>ante</strong></span> <span class='ocrx_word' id='word_1_80' title='bbox 621 1316 766 1369; x_wconf 90' lang='lat' dir='ltr'><strong>illum</strong></span> <span class='ocrx_word' id='word_1_81' title='bbox 813 1315 880 1369; x_wconf 88' lang='lat' dir='ltr'><strong>ad</strong></span> <span class='ocrx_word' id='word_1_82' title='bbox 929 1331 1090 1384; x_wconf 88' lang='lat' dir='ltr'><strong>quem</strong></span> <span class='ocrx_word' id='word_1_83' title='bbox 1119 1315 1362 1370; x_wconf 89' lang='lat' dir='ltr'><strong>dicitur:</strong></span> <span class='ocrx_word' id='word_1_84' title='bbox 1404 1330 1423 1363; x_wconf 76' lang='grc' dir='ltr'><strong>ι</strong></span> <span class='ocrx_word' id='word_1_85' title='bbox 1457 1310 1747 1380; x_wconf 86' lang='lat' dir='ltr'><strong>Usquequo</strong></span> <span class='ocrx_word' id='word_1_86' title='bbox 1791 1309 2020 1361; x_wconf 63' lang='lat' dir='ltr'><strong>inventae</strong></span> 
     </span>
    </p>
   </div>
   <div class='ocr_carea' id='block_1_13' title="bbox 460 1395 2018 1474">
    <p class='ocr_par' dir='ltr' id='par_1_13' title="bbox 460 1395 2018 1474">
     <span class='ocr_line' id='line_1_13' title="bbox 460 1395 2018 1474; baseline -0.006 -15"><span class='ocrx_word' id='word_1_87' title='bbox 460 1413 587 1459; x_wconf 87' lang='lat' dir='ltr'><strong>sunt</strong></span> <span class='ocrx_word' id='word_1_88' title='bbox 631 1404 943 1474; x_wconf 83' lang='lat' dir='ltr'><strong>iniquitates</strong></span> <span class='ocrx_word' id='word_1_89' title='bbox 970 1407 1029 1461; x_wconf 84' lang='lat' dir='ltr'><strong>in</strong></span> <span class='ocrx_word' id='word_1_90' title='bbox 1065 1415 1136 1470; x_wconf 88' lang='lat' dir='ltr'><strong>te,</strong></span> <span class='ocrx_word' id='word_1_91' title='bbox 1169 1413 1224 1458; x_wconf 91' lang='lat' dir='ltr'><strong>et</strong></span> <span class='ocrx_word' id='word_1_92' title='bbox 1262 1412 1480 1473; x_wconf 85' lang='lat' dir='ltr'><strong>propter</strong></span> <span class='ocrx_word' id='word_1_93' title='bbox 1509 1402 1610 1457; x_wconf 88' lang='lat' dir='ltr'><strong>hoc</strong></span> <span class='ocrx_word' id='word_1_94' title='bbox 1639 1397 1844 1469; x_wconf 86' lang='lat' dir='ltr'><strong>projeci</strong></span> <span class='ocrx_word' id='word_1_95' title='bbox 1889 1404 1940 1451; x_wconf 92' lang='lat' dir='ltr'><strong>te</strong></span> <span class='ocrx_word' id='word_1_96' title='bbox 1963 1395 2018 1450; x_wconf 90' lang='lat' dir='ltr'><strong>in</strong></span> 
     </span>
    </p>
   </div>
   <div class='ocr_carea' id='block_1_14' title="bbox 466 1492 2019 1550">
    <p class='ocr_par' dir='ltr' id='par_1_14' title="bbox 466 1492 2019 1550">
     <span class='ocr_line' id='line_1_14' title="bbox 466 1492 2019 1550; baseline -0.006 -4"><span class='ocrx_word' id='word_1_97' title='bbox 466 1503 664 1548; x_wconf 89' lang='lat' dir='ltr'><strong>terram</strong></span> <span class='ocrx_word' id='word_1_98' title='bbox 694 1493 762 1547; x_wconf 67' lang='grc'><strong>⁸⁸.</strong></span> <span class='ocrx_word' id='word_1_99' title='bbox 811 1512 832 1546; x_wconf 78' lang='grc' dir='ltr'><strong>ι</strong></span> <span class='ocrx_word' id='word_1_100' title='bbox 883 1492 1048 1550; x_wconf 82' lang='lat' dir='ltr'><strong>Nobis</strong></span> <span class='ocrx_word' id='word_1_101' title='bbox 1090 1502 1272 1549; x_wconf 88' lang='lat' dir='ltr'><strong>autem</strong></span> <span class='ocrx_word' id='word_1_102' title='bbox 1319 1494 1387 1548; x_wconf 93' lang='lat' dir='ltr'><strong>de</strong></span> <span class='ocrx_word' id='word_1_103' title='bbox 1431 1493 1514 1546; x_wconf 88' lang='lat' dir='ltr'><strong>his</strong></span> <span class='ocrx_word' id='word_1_104' title='bbox 1558 1507 1665 1546; x_wconf 88' lang='lat' dir='ltr'><strong>non</strong></span> <span class='ocrx_word' id='word_1_105' title='bbox 1707 1498 1794 1545; x_wconf 87' lang='lat' dir='ltr'><strong>est</strong></span> <span class='ocrx_word' id='word_1_106' title='bbox 1844 1495 2019 1542; x_wconf 92' lang='lat' dir='ltr'><strong>tutum</strong></span> 
     </span>
    </p>
   </div>
   <div class='ocr_carea' id='block_1_15' title="bbox 463 1578 2021 1654">
    <p class='ocr_par' dir='ltr' id='par_1_15' title="bbox 463 1578 2021 1654">
     <span class='ocr_line' id='line_1_15' title="bbox 463 1578 2021 1654; baseline -0.004 -16"><span class='ocrx_word' id='word_1_107' title='bbox 463 1585 616 1654; x_wconf 87' lang='lat' dir='ltr'><strong>plura</strong></span> <span class='ocrx_word' id='word_1_108' title='bbox 642 1585 930 1653; x_wconf 88' lang='lat' dir='ltr'><strong>disserere,</strong></span> <span class='ocrx_word' id='word_1_109' title='bbox 956 1602 1079 1642; x_wconf 91' lang='lat' dir='ltr'><strong>cum</strong></span> <span class='ocrx_word' id='word_1_110' title='bbox 1109 1586 1388 1641; x_wconf 83' lang='lat' dir='ltr'><strong>videamus</strong></span> <span class='ocrx_word' id='word_1_111' title='bbox 1435 1582 1749 1653; x_wconf 80' lang='lat' dir='ltr'><strong>Apostolum</strong></span> <span class='ocrx_word' id='word_1_112' title='bbox 1784 1580 1873 1634; x_wconf 91' lang='lat' dir='ltr'><strong>vix</strong></span> <span class='ocrx_word' id='word_1_113' title='bbox 1913 1578 2021 1632; x_wconf 80' lang='lat' dir='ltr'><strong>sin-</strong></span> 
     </span>
    </p>
   </div>
   <div class='ocr_carea' id='block_1_16' title="bbox 463 1669 2021 1746">
    <p class='ocr_par' dir='ltr' id='par_1_16' title="bbox 463 1669 2021 1746">
     <span class='ocr_line' id='line_1_16' title="bbox 463 1669 2021 1746; baseline -0.004 -17"><span class='ocrx_word' id='word_1_114' title='bbox 463 1675 603 1745; x_wconf 75' lang='lat' dir='ltr'><strong>gulis</strong></span> <span class='ocrx_word' id='word_1_115' title='bbox 662 1677 777 1732; x_wconf 65' lang='lat' dir='ltr'><strong>haec</strong></span> <span class='ocrx_word' id='word_1_116' title='bbox 826 1678 1209 1746; x_wconf 81' lang='lat' dir='ltr'><strong>perstrinxisse</strong></span> <span class='ocrx_word' id='word_1_117' title='bbox 1264 1675 1608 1732; x_wconf 84' lang='lat' dir='ltr'><strong>sermonibus</strong></span> <span class='ocrx_word' id='word_1_118' title='bbox 1661 1670 1795 1744; x_wconf 75' lang='grc'><strong>(46).</strong></span> <span class='ocrx_word' id='word_1_119' title='bbox 1849 1689 1869 1722; x_wconf 71' lang='grc' dir='ltr'><strong>ι</strong></span> <span class='ocrx_word' id='word_1_120' title='bbox 1916 1669 2021 1724; x_wconf 88' lang='lat' dir='ltr'><strong>Per</strong></span> 
     </span>
    </p>
   </div>
   <div class='ocr_carea' id='block_1_17' title="bbox 464 1761 2022 1838">
    <p class='ocr_par' dir='ltr' id='par_1_17' title="bbox 464 1761 2022 1838">
     <span class='ocr_line' id='line_1_17' title="bbox 464 1761 2022 1838; baseline -0.006 -14"><span class='ocrx_word' id='word_1_121' title='bbox 464 1782 634 1824; x_wconf 82' lang='lat' dir='ltr'><strong>unum</strong></span> <span class='ocrx_word' id='word_1_122' title='bbox 667 1785 687 1819; x_wconf 75' lang='grc' dir='ltr'><strong>ι</strong></span> <span class='ocrx_word' id='word_1_123' title='bbox 715 1782 843 1837; x_wconf 73' lang='lat' dir='ltr'><strong>ergo</strong></span> <span class='ocrx_word' id='word_1_124' title='bbox 871 1786 890 1820; x_wconf 71' lang='grc' dir='ltr'><strong>ι</strong></span> <span class='ocrx_word' id='word_1_125' title='bbox 930 1769 1199 1823; x_wconf 86' lang='lat' dir='ltr'><strong>hominem</strong></span> <span class='ocrx_word' id='word_1_126' title='bbox 1226 1776 1502 1838; x_wconf 88' lang='lat' dir='ltr'><strong>peccatum</strong></span> <span class='ocrx_word' id='word_1_127' title='bbox 1532 1763 1775 1819; x_wconf 87' lang='lat' dir='ltr'><strong>introivit</strong></span> <span class='ocrx_word' id='word_1_128' title='bbox 1803 1763 1855 1815; x_wconf 92' lang='lat' dir='ltr'><strong>in</strong></span> <span class='ocrx_word' id='word_1_129' title='bbox 1879 1761 2022 1815; x_wconf 90' lang='lat' dir='ltr'><strong>hunc</strong></span> 
     </span>
    </p>
   </div>
   <div class='ocr_carea' id='block_1_18' title="bbox 465 1849 2020 1921">
    <p class='ocr_par' dir='ltr' id='par_1_18' title="bbox 465 1849 2020 1921">
     <span class='ocr_line' id='line_1_18' title="bbox 465 1849 2020 1921; baseline -0.004 -11"><span class='ocrx_word' id='word_1_130' title='bbox 465 1858 723 1913; x_wconf 86' lang='lat' dir='ltr'><strong>mundum</strong></span> <span class='ocrx_word' id='word_1_131' title='bbox 753 1858 823 1915; x_wconf 72' lang='grc' dir='ltr'><strong>δ’.</strong></span> <span class='ocrx_word' id='word_1_132' title='bbox 853 1877 872 1910; x_wconf 79' lang='grc' dir='ltr'><strong>ι</strong></span> <span class='ocrx_word' id='word_1_133' title='bbox 905 1858 1131 1914; x_wconf 83' lang='lat' dir='ltr'><strong>Mundus</strong></span> <span class='ocrx_word' id='word_1_134' title='bbox 1175 1865 1378 1921; x_wconf 90' lang='lat' dir='ltr'><strong>autem,</strong></span> <span class='ocrx_word' id='word_1_135' title='bbox 1427 1863 1485 1910; x_wconf 87' lang='lat' dir='ltr'><strong>ut</strong></span> <span class='ocrx_word' id='word_1_136' title='bbox 1527 1854 1784 1917; x_wconf 77' lang='lat' dir='ltr'><strong>diximus,</strong></span> <span class='ocrx_word' id='word_1_137' title='bbox 1822 1849 2020 1906; x_wconf 90' lang='lat' dir='ltr'><strong>intelli-</strong></span> 
     </span>
    </p>
   </div>
   <div class='ocr_carea' id='block_1_19' title="bbox 2116 654 3659 724">
    <p class='ocr_par' dir='ltr' id='par_1_19' title="bbox 2116 654 3659 724">
     <span class='ocr_line' id='line_1_19' title="bbox 2116 654 3659 724; baseline -0.007 -7"><span class='ocrx_word' id='word_1_138' title='bbox 2116 663 2263 718; x_wconf 86' lang='lat' dir='ltr'><strong>dicas</strong></span> <span class='ocrx_word' id='word_1_139' title='bbox 2291 676 2306 712; x_wconf 91' lang='lat'><strong>:</strong></span> <span class='ocrx_word' id='word_1_140' title='bbox 2339 674 2443 714; x_wconf 89' lang='lat' dir='ltr'><strong>non</strong></span> <span class='ocrx_word' id='word_1_141' title='bbox 2484 657 2742 713; x_wconf 85' lang='lat' dir='ltr'><strong>scribitur</strong></span> <span class='ocrx_word' id='word_1_142' title='bbox 2771 654 3055 724; x_wconf 84' lang='lat' dir='ltr'><strong>placuisse,</strong></span> <span class='ocrx_word' id='word_1_143' title='bbox 3090 667 3372 722; x_wconf 84' lang='lat' dir='ltr'><strong>usquequo</strong></span> <span class='ocrx_word' id='word_1_144' title='bbox 3396 663 3659 721; x_wconf 73' lang='lat' dir='ltr'><strong>generaret</strong></span> 
     </span>
    </p>
   </div>
   <div class='ocr_carea' id='block_1_20' title="bbox 2119 742 3658 810">
    <p class='ocr_par' dir='ltr' id='par_1_20' title="bbox 2119 742 3658 810">
     <span class='ocr_line' id='line_1_20' title="bbox 2119 742 3658 810; baseline -0.007 -4"><span class='ocrx_word' id='word_1_145' title='bbox 2119 749 2480 807; x_wconf 82' lang='lat' dir='ltr'><strong>Mathusalam</strong></span> <span class='ocrx_word' id='word_1_146' title='bbox 2531 746 2598 802; x_wconf 77' lang='grc'><strong>⁵⁸.</strong></span> <span class='ocrx_word' id='word_1_147' title='bbox 2647 744 3003 802; x_wconf 85' lang='lat' dir='ltr'><strong>Mathusalam</strong></span> <span class='ocrx_word' id='word_1_148' title='bbox 3061 753 3240 798; x_wconf 86' lang='lat' dir='ltr'><strong>autem</strong></span> <span class='ocrx_word' id='word_1_149' title='bbox 3291 742 3658 810; x_wconf 81' lang='lat' dir='ltr'><strong>interpretatur</strong></span> 
     </span>
    </p>
   </div>
   <div class='ocr_carea' id='block_1_21' title="bbox 2116 833 3660 905">
    <p class='ocr_par' dir='ltr' id='par_1_21' title="bbox 2116 833 3660 905">
     <span class='ocr_line' id='line_1_21' title="bbox 2116 833 3660 905; baseline -0.006 -9"><span class='ocrx_word' id='word_1_150' title='bbox 2116 843 2326 897; x_wconf 77' lang='lat' dir='ltr'><strong>entisst&#39;o</strong></span> <span class='ocrx_word' id='word_1_151' title='bbox 2392 838 2597 899; x_wconf 80' lang='lat' dir='ltr'><strong>mortis.</strong></span> <span class='ocrx_word' id='word_1_152' title='bbox 2672 837 2750 890; x_wconf 87' lang='lat' dir='ltr'><strong>Ex</strong></span> <span class='ocrx_word' id='word_1_153' title='bbox 2807 850 2916 905; x_wconf 90' lang='lat' dir='ltr'><strong>quo</strong></span> <span class='ocrx_word' id='word_1_154' title='bbox 2979 835 3281 890; x_wconf 89' lang='lat' dir='ltr'><strong>ostenditur</strong></span> <span class='ocrx_word' id='word_1_155' title='bbox 3342 833 3472 901; x_wconf 82' lang='lat' dir='ltr'><strong>quia</strong></span> <span class='ocrx_word' id='word_1_156' title='bbox 3531 848 3660 888; x_wconf 87' lang='lat' dir='ltr'><strong>mors</strong></span> 
     </span>
    </p>
   </div>
   <div class='ocr_carea' id='block_1_22' title="bbox 2119 927 3659 1004">
    <p class='ocr_par' dir='ltr' id='par_1_22' title="bbox 2119 927 3659 1004">
     <span class='ocr_line' id='line_1_22' title="bbox 2119 927 3659 1004; baseline -0.009 -13"><span class='ocrx_word' id='word_1_157' title='bbox 2119 937 2220 991; x_wconf 89' lang='lat' dir='ltr'><strong>ista</strong></span> <span class='ocrx_word' id='word_1_158' title='bbox 2247 950 2366 1004; x_wconf 64' lang='lat' dir='ltr'><strong>quae</strong></span> <span class='ocrx_word' id='word_1_159' title='bbox 2413 935 2464 988; x_wconf 91' lang='lat' dir='ltr'><strong>in</strong></span> <span class='ocrx_word' id='word_1_160' title='bbox 2495 946 2683 987; x_wconf 86' lang='lat' dir='ltr'><strong>omnes</strong></span> <span class='ocrx_word' id='word_1_161' title='bbox 2728 931 2978 984; x_wconf 86' lang='lat' dir='ltr'><strong>homines</strong></span> <span class='ocrx_word' id='word_1_162' title='bbox 3037 927 3376 997; x_wconf 87' lang='lat' dir='ltr'><strong>pertransiit,</strong></span> <span class='ocrx_word' id='word_1_163' title='bbox 3415 927 3572 979; x_wconf 88' lang='lat' dir='ltr'><strong>etiam</strong></span> <span class='ocrx_word' id='word_1_164' title='bbox 3614 927 3659 979; x_wconf 85' lang='lat' dir='ltr'><strong>in</strong></span> 
     </span>
    </p>
   </div>
   <div class='ocr_carea' id='block_1_23' title="bbox 2119 1006 3658 1093">
    <p class='ocr_par' dir='ltr' id='par_1_23' title="bbox 2119 1006 3658 1093">
     <span class='ocr_line' id='line_1_23' title="bbox 2119 1006 3658 1093; baseline -0.006 -15"><span class='ocrx_word' id='word_1_165' title='bbox 2119 1024 2294 1093; x_wconf 87' lang='lat' dir='ltr'><strong>ipsum</strong></span> <span class='ocrx_word' id='word_1_166' title='bbox 2325 1021 2604 1078; x_wconf 89' lang='lat' dir='ltr'><strong>transierit</strong></span> <span class='ocrx_word' id='word_1_167' title='bbox 2636 1039 2651 1075; x_wconf 89' lang='lat'>:</span> <span class='ocrx_word' id='word_1_168' title='bbox 2685 1020 2779 1076; x_wconf 85' lang='lat' dir='ltr'><strong>sed</strong></span> <span class='ocrx_word' id='word_1_169' title='bbox 2812 1020 2902 1073; x_wconf 80' lang='lat' dir='ltr'><strong>vix</strong></span> <span class='ocrx_word' id='word_1_170' title='bbox 2931 1018 3217 1086; x_wconf 83' lang='lat' dir='ltr'><strong>aliquando</strong></span> <span class='ocrx_word' id='word_1_171' title='bbox 3249 1017 3424 1070; x_wconf 86' lang='lat' dir='ltr'><strong>sensit</strong></span> <span class='ocrx_word' id='word_1_172' title='bbox 3446 1006 3562 1069; x_wconf 70' lang='lat' dir='ltr'><strong>esse</strong></span> <span class='ocrx_word' id='word_1_173' title='bbox 3589 1016 3658 1069; x_wconf 78' lang='lat' dir='ltr'><strong>in-</strong></span> 
     </span>
    </p>
   </div>
   <div class='ocr_carea' id='block_1_24' title="bbox 2120 1107 3662 1184">
    <p class='ocr_par' dir='ltr' id='par_1_24' title="bbox 2120 1107 3662 1184">
     <span class='ocr_line' id='line_1_24' title="bbox 2120 1107 3662 1184; baseline -0.007 -16"><span class='ocrx_word' id='word_1_174' title='bbox 2120 1125 2200 1168; x_wconf 88' lang='lat' dir='ltr'><strong>tra</strong></span> <span class='ocrx_word' id='word_1_175' title='bbox 2231 1129 2290 1169; x_wconf 90' lang='lat' dir='ltr'><strong>se</strong></span> <span class='ocrx_word' id='word_1_176' title='bbox 2317 1122 2542 1168; x_wconf 88' lang='lat' dir='ltr'><strong>mortem</strong></span> <span class='ocrx_word' id='word_1_177' title='bbox 2566 1111 2703 1184; x_wconf 81' lang='lat'><strong>(50),</strong></span> <span class='ocrx_word' id='word_1_178' title='bbox 2734 1120 2789 1165; x_wconf 89' lang='lat' dir='ltr'><strong>et</strong></span> <span class='ocrx_word' id='word_1_179' title='bbox 2812 1125 3108 1166; x_wconf 86' lang='lat' dir='ltr'><strong>conversus</strong></span> <span class='ocrx_word' id='word_1_180' title='bbox 3130 1109 3197 1164; x_wconf 88' lang='lat' dir='ltr'><strong>ad</strong></span> <span class='ocrx_word' id='word_1_181' title='bbox 3231 1107 3520 1162; x_wconf 89' lang='lat' dir='ltr'><strong>Dominum</strong></span> <span class='ocrx_word' id='word_1_182' title='bbox 3545 1107 3662 1166; x_wconf 80' lang='lat' dir='ltr'><strong>emi-</strong></span> 
     </span>
    </p>
   </div>
   <div class='ocr_carea' id='block_1_25' title="bbox 2118 1199 3663 1274">
    <p class='ocr_par' dir='ltr' id='par_1_25' title="bbox 2118 1199 3663 1274">
     <span class='ocr_line' id='line_1_25' title="bbox 2118 1199 3663 1274; baseline -0.004 -14"><span class='ocrx_word' id='word_1_183' title='bbox 2118 1207 2188 1260; x_wconf 86' lang='lat' dir='ltr'><strong>sit</strong></span> <span class='ocrx_word' id='word_1_184' title='bbox 2216 1220 2334 1260; x_wconf 90' lang='lat' dir='ltr'><strong>eam</strong></span> <span class='ocrx_word' id='word_1_185' title='bbox 2360 1220 2392 1259; x_wconf 92' lang='lat' dir='ltr'><strong>a</strong></span> <span class='ocrx_word' id='word_1_186' title='bbox 2435 1219 2515 1272; x_wconf 90' lang='lat' dir='ltr'><strong>se,</strong></span> <span class='ocrx_word' id='word_1_187' title='bbox 2549 1213 2605 1259; x_wconf 84' lang='lat' dir='ltr'><strong>et</strong></span> <span class='ocrx_word' id='word_1_188' title='bbox 2645 1202 2843 1274; x_wconf 89' lang='lat' dir='ltr'><strong>abjecit</strong></span> <span class='ocrx_word' id='word_1_189' title='bbox 2873 1217 2969 1272; x_wconf 89' lang='lat' dir='ltr'><strong>per</strong></span> <span class='ocrx_word' id='word_1_190' title='bbox 3004 1201 3382 1272; x_wconf 73' lang='lat' dir='ltr'><strong>paenitentiam</strong></span> <span class='ocrx_word' id='word_1_191' title='bbox 3417 1217 3436 1254; x_wconf 90' lang='lat'><strong>:</strong></span> <span class='ocrx_word' id='word_1_192' title='bbox 3467 1207 3524 1252; x_wconf 88' lang='lat' dir='ltr'><strong>et</strong></span> <span class='ocrx_word' id='word_1_193' title='bbox 3561 1199 3663 1254; x_wconf 85' lang='lat' dir='ltr'><strong>ideo</strong></span> 
     </span>
    </p>
   </div>
   <div class='ocr_carea' id='block_1_26' title="bbox 2121 1291 3660 1362">
    <p class='ocr_par' dir='ltr' id='par_1_26' title="bbox 2121 1291 3660 1362">
     <span class='ocr_line' id='line_1_26' title="bbox 2121 1291 3660 1362; baseline -0.005 -14"><span class='ocrx_word' id='word_1_194' title='bbox 2121 1294 2471 1349; x_wconf 81' lang='lat' dir='ltr'><strong>Mathusalam</strong></span> <span class='ocrx_word' id='word_1_195' title='bbox 2507 1295 2704 1348; x_wconf 89' lang='lat' dir='ltr'><strong>dicitur</strong></span> <span class='ocrx_word' id='word_1_196' title='bbox 2731 1293 3004 1362; x_wconf 79' lang='lat' dir='ltr'><strong>genuisse,</strong></span> <span class='ocrx_word' id='word_1_197' title='bbox 3057 1291 3198 1358; x_wconf 86' lang='lat' dir='ltr'><strong>quod</strong></span> <span class='ocrx_word' id='word_1_198' title='bbox 3249 1305 3280 1342; x_wconf 87' lang='lat' dir='ltr'><strong>a</strong></span> <span class='ocrx_word' id='word_1_199' title='bbox 3336 1303 3400 1343; x_wconf 87' lang='lat' dir='ltr'><strong>se</strong></span> <span class='ocrx_word' id='word_1_200' title='bbox 3451 1297 3660 1342; x_wconf 81' lang='lat' dir='ltr'><strong>mortem</strong></span> 
     </span>
    </p>
   </div>
   <div class='ocr_carea' id='block_1_27' title="bbox 2119 1380 3663 1454">
    <p class='ocr_par' dir='ltr' id='par_1_27' title="bbox 2119 1380 3663 1454">
     <span class='ocr_line' id='line_1_27' title="bbox 2119 1380 3663 1454; baseline -0.005 -15"><span class='ocrx_word' id='word_1_201' title='bbox 2119 1401 2238 1454; x_wconf 68' lang='lat' dir='ltr'><strong>qua:</strong></span> <span class='ocrx_word' id='word_1_202' title='bbox 2260 1401 2380 1440; x_wconf 90' lang='lat' dir='ltr'><strong>eum</strong></span> <span class='ocrx_word' id='word_1_203' title='bbox 2412 1385 2699 1440; x_wconf 86' lang='lat' dir='ltr'><strong>obsederat</strong></span> <span class='ocrx_word' id='word_1_204' title='bbox 2723 1383 3025 1452; x_wconf 89' lang='lat' dir='ltr'><strong>ahjecisset.</strong></span> <span class='ocrx_word' id='word_1_205' title='bbox 3056 1381 3222 1436; x_wconf 80' lang='lat' dir='ltr'><strong>Recte</strong></span> <span class='ocrx_word' id='word_1_206' title='bbox 3243 1396 3379 1450; x_wconf 78' lang='lat' dir='ltr'><strong>ergo</strong></span> <span class='ocrx_word' id='word_1_207' title='bbox 3405 1383 3546 1449; x_wconf 87' lang='lat' dir='ltr'><strong>quod</strong></span> <span class='ocrx_word' id='word_1_208' title='bbox 3567 1380 3663 1449; x_wconf 85' lang='lat' dir='ltr'><strong>jam</strong></span> 
     </span>
    </p>
   </div>
   <div class='ocr_carea' id='block_1_28' title="bbox 2121 1472 3664 1539">
    <p class='ocr_par' dir='ltr' id='par_1_28' title="bbox 2121 1472 3664 1539">
     <span class='ocr_line' id='line_1_28' title="bbox 2121 1472 3664 1539; baseline -0.006 -7"><span class='ocrx_word' id='word_1_209' title='bbox 2121 1477 2279 1532; x_wconf 84' lang='lat' dir='ltr'><strong>morti</strong></span> <span class='ocrx_word' id='word_1_210' title='bbox 2312 1491 2417 1531; x_wconf 88' lang='lat' dir='ltr'><strong>non</strong></span> <span class='ocrx_word' id='word_1_211' title='bbox 2449 1485 2594 1532; x_wconf 88' lang='lat' dir='ltr'><strong>esset</strong></span> <span class='ocrx_word' id='word_1_212' title='bbox 2628 1474 2913 1538; x_wconf 83' lang='lat' dir='ltr'><strong>obnoxius,</strong></span> <span class='ocrx_word' id='word_1_213' title='bbox 2949 1474 3042 1529; x_wconf 91' lang='lat' dir='ltr'><strong>sed</strong></span> <span class='ocrx_word' id='word_1_214' title='bbox 3075 1472 3364 1539; x_wconf 72' lang='lat' dir='ltr'><strong>abiecisset</strong></span> <span class='ocrx_word' id='word_1_215' title='bbox 3411 1487 3534 1524; x_wconf 86' lang='lat' dir='ltr'><strong>eam</strong></span> <span class='ocrx_word' id='word_1_216' title='bbox 3559 1485 3587 1523; x_wconf 84' lang='lat' dir='ltr'><strong>a</strong></span> <span class='ocrx_word' id='word_1_217' title='bbox 3613 1486 3664 1524; x_wconf 83' lang='lat' dir='ltr'><strong>se</strong></span> 
     </span>
    </p>
   </div>
   <div class='ocr_carea' id='block_1_29' title="bbox 2119 1560 3664 1634">
    <p class='ocr_par' dir='ltr' id='par_1_29' title="bbox 2119 1560 3664 1634">
     <span class='ocr_line' id='line_1_29' title="bbox 2119 1560 3664 1634; baseline -0.005 -15"><span class='ocrx_word' id='word_1_218' title='bbox 2119 1579 2173 1619; x_wconf 88' lang='lat' dir='ltr'><strong>et</strong></span> <span class='ocrx_word' id='word_1_219' title='bbox 2199 1564 2511 1634; x_wconf 75' lang='lat' dir='ltr'><strong>eﬂ&#39;ugasset,</strong></span> <span class='ocrx_word' id='word_1_220' title='bbox 2538 1563 2733 1618; x_wconf 89' lang='lat' dir='ltr'><strong>dicitur</strong></span> <span class='ocrx_word' id='word_1_221' title='bbox 2769 1563 2913 1632; x_wconf 91' lang='lat' dir='ltr'><strong>quod</strong></span> <span class='ocrx_word' id='word_1_222' title='bbox 2944 1561 3283 1616; x_wconf 88' lang='lat' dir='ltr'><strong>transtulerit</strong></span> <span class='ocrx_word' id='word_1_223' title='bbox 3337 1560 3492 1614; x_wconf 88' lang='lat' dir='ltr'><strong>illum</strong></span> <span class='ocrx_word' id='word_1_224' title='bbox 3521 1560 3664 1623; x_wconf 86' lang='lat' dir='ltr'><strong>Deus,</strong></span> 
     </span>
    </p>
   </div>
   <div class='ocr_carea' id='block_1_30' title="bbox 2120 1650 3667 1720">
    <p class='ocr_par' dir='ltr' id='par_1_30' title="bbox 2120 1650 3667 1720">
     <span class='ocr_line' id='line_1_30' title="bbox 2120 1650 3667 1720; baseline -0.003 -10"><span class='ocrx_word' id='word_1_225' title='bbox 2120 1657 2198 1710; x_wconf 91' lang='lat' dir='ltr'><strong>uti</strong></span> <span class='ocrx_word' id='word_1_226' title='bbox 2229 1671 2296 1710; x_wconf 87' lang='lat' dir='ltr'><strong>ne</strong></span> <span class='ocrx_word' id='word_1_227' title='bbox 2325 1655 2530 1712; x_wconf 87' lang='lat' dir='ltr'><strong>videret</strong></span> <span class='ocrx_word' id='word_1_228' title='bbox 2557 1662 2786 1709; x_wconf 92' lang='lat' dir='ltr'><strong>mortem</strong></span> <span class='ocrx_word' id='word_1_229' title='bbox 2810 1653 2879 1707; x_wconf 81' lang='lat'><strong>&quot;.</strong></span> <span class='ocrx_word' id='word_1_230' title='bbox 2911 1651 3017 1708; x_wconf 89' lang='lat' dir='ltr'><strong>Sed</strong></span> <span class='ocrx_word' id='word_1_231' title='bbox 3046 1661 3102 1707; x_wconf 91' lang='lat' dir='ltr'><strong>et</strong></span> <span class='ocrx_word' id='word_1_232' title='bbox 3131 1651 3200 1707; x_wconf 89' lang='lat' dir='ltr'><strong>de</strong></span> <span class='ocrx_word' id='word_1_233' title='bbox 3225 1650 3340 1706; x_wconf 82' lang='lat' dir='ltr'><strong>Noe</strong></span> <span class='ocrx_word' id='word_1_234' title='bbox 3361 1654 3411 1705; x_wconf 88' lang='lat' dir='ltr'><strong>si</strong></span> <span class='ocrx_word' id='word_1_235' title='bbox 3440 1653 3667 1720; x_wconf 80' lang='lat' dir='ltr'><strong>requiras</strong></span> 
     </span>
    </p>
   </div>
   <div class='ocr_carea' id='block_1_31' title="bbox 2120 1743 3661 1814">
    <p class='ocr_par' dir='ltr' id='par_1_31' title="bbox 2120 1743 3661 1814">
     <span class='ocr_line' id='line_1_31' title="bbox 2120 1743 3661 1814; baseline -0.005 -12"><span class='ocrx_word' id='word_1_236' title='bbox 2120 1748 2398 1813; x_wconf 84' lang='lat' dir='ltr'><strong>attentius,</strong></span> <span class='ocrx_word' id='word_1_237' title='bbox 2467 1745 2707 1802; x_wconf 89' lang='lat' dir='ltr'><strong>invenies</strong></span> <span class='ocrx_word' id='word_1_238' title='bbox 2759 1743 2903 1814; x_wconf 89' lang='lat' dir='ltr'><strong>quod</strong></span> <span class='ocrx_word' id='word_1_239' title='bbox 2953 1743 3396 1814; x_wconf 77' lang='lat' dir='ltr'><strong>quingentesimo</strong></span> <span class='ocrx_word' id='word_1_240' title='bbox 3464 1745 3661 1798; x_wconf 86' lang='lat' dir='ltr'><strong>demum</strong></span> 
     </span>
    </p>
   </div>
   <div class='ocr_carea' id='block_1_32' title="bbox 2122 1835 3664 1912">
    <p class='ocr_par' dir='ltr' id='par_1_32' title="bbox 2122 1835 3664 1912">
     <span class='ocr_line' id='line_1_32' title="bbox 2122 1835 3664 1912; baseline -0.006 -16"><span class='ocrx_word' id='word_1_241' title='bbox 2122 1856 2266 1897; x_wconf 87' lang='lat' dir='ltr'><strong>anno</strong></span> <span class='ocrx_word' id='word_1_242' title='bbox 2290 1840 2402 1912; x_wconf 81' lang='grc'><strong>(51)</strong></span> <span class='ocrx_word' id='word_1_243' title='bbox 2433 1839 2690 1895; x_wconf 89' lang='lat' dir='ltr'><strong>scribitur</strong></span> <span class='ocrx_word' id='word_1_244' title='bbox 2713 1838 2780 1891; x_wconf 91' lang='lat' dir='ltr'><strong>de</strong></span> <span class='ocrx_word' id='word_1_245' title='bbox 2810 1851 2897 1900; x_wconf 91' lang='lat' dir='ltr'><strong>eo,</strong></span> <span class='ocrx_word' id='word_1_246' title='bbox 2934 1838 3060 1906; x_wconf 87' lang='lat' dir='ltr'><strong>quia</strong></span> <span class='ocrx_word' id='word_1_247' title='bbox 3093 1853 3115 1887; x_wconf 76' lang='grc' dir='ltr'><strong>ι</strong></span> <span class='ocrx_word' id='word_1_248' title='bbox 3146 1835 3260 1890; x_wconf 84' lang='lat' dir='ltr'><strong>Noe</strong></span> <span class='ocrx_word' id='word_1_249' title='bbox 3304 1835 3517 1888; x_wconf 89' lang='lat' dir='ltr'><strong>invenit</strong></span> <span class='ocrx_word' id='word_1_250' title='bbox 3557 1851 3664 1905; x_wconf 72' lang='lat' dir='ltr'><strong>gra-</strong></span> 
     </span>
    </p>
   </div>
   <div class='ocr_carea' id='block_1_33' title="bbox 464 1924 3669 2021">
    <p class='ocr_par' dir='ltr' id='par_1_33' title="bbox 464 1924 3669 2021">
     <span class='ocr_line' id='line_1_33' title="bbox 464 1924 3669 2021; baseline -0.005 -18"><span class='ocrx_word' id='word_1_251' title='bbox 464 1953 670 2018; x_wconf 76' lang='lat' dir='ltr'><strong>gendus</strong></span> <span class='ocrx_word' id='word_1_252' title='bbox 697 1959 781 2005; x_wconf 89' lang='lat' dir='ltr'><strong>est</strong></span> <span class='ocrx_word' id='word_1_253' title='bbox 809 1950 927 2021; x_wconf 75' lang='grc'>(47).</span> <span class='ocrx_word' id='word_1_254' title='bbox 951 1950 1036 2004; x_wconf 89' lang='lat' dir='ltr'><strong>vel</strong></span> <span class='ocrx_word' id='word_1_255' title='bbox 1057 1950 1208 2004; x_wconf 87' lang='lat' dir='ltr'><strong>locus</strong></span> <span class='ocrx_word' id='word_1_256' title='bbox 1233 1949 1288 2003; x_wconf 89' lang='lat' dir='ltr'><strong>in</strong></span> <span class='ocrx_word' id='word_1_257' title='bbox 1315 1961 1425 2018; x_wconf 87' lang='lat' dir='ltr'><strong>quo</strong></span> <span class='ocrx_word' id='word_1_258' title='bbox 1462 1945 1715 2002; x_wconf 84' lang='lat' dir='ltr'><strong>habitant</strong></span> <span class='ocrx_word' id='word_1_259' title='bbox 1751 1941 2016 2008; x_wconf 91' lang='lat' dir='ltr'><strong>homines,</strong></span> <span class='ocrx_word' id='word_1_260' title='bbox 2048 1924 2092 1979; x_wconf 74' lang='grc' dir='ltr'><strong><em>Β</em></strong></span> <span class='ocrx_word' id='word_1_261' title='bbox 2121 1933 2251 1986; x_wconf 74' lang='lat' dir='ltr'><strong>tiam</strong></span> <span class='ocrx_word' id='word_1_262' title='bbox 2301 1931 2355 1986; x_wconf 86' lang='lat' dir='ltr'><strong>in</strong></span> <span class='ocrx_word' id='word_1_263' title='bbox 2397 1937 2690 2021; x_wconf 61' lang='grc' dir='ltr'>οοιιερςεαιιι</span> <span class='ocrx_word' id='word_1_264' title='bbox 2740 1926 2954 1982; x_wconf 72' lang='lat' dir='ltr'><strong>Domini</strong></span> <span class='ocrx_word' id='word_1_265' title='bbox 3001 1926 3120 2021; x_wconf 54' lang='lat' dir='ltr'><strong>Dei.</strong></span> <span class='ocrx_word' id='word_1_266' title='bbox 3153 1944 3172 1978; x_wconf 71' lang='grc' dir='ltr'><strong>ι</strong></span> <span class='ocrx_word' id='word_1_267' title='bbox 3207 1935 3264 2021; x_wconf 58' lang='lat' dir='ltr'><strong>ei</strong></span> <span class='ocrx_word' id='word_1_268' title='bbox 3293 1926 3477 2021; x_wconf 46' lang='lat' dir='ltr'><strong>quia}</strong></span> <span class='ocrx_word' id='word_1_269' title='bbox 3509 1924 3669 2021; x_wconf 55' lang='grc' dir='ltr'>ἱυξῑιιε</span> 
     </span>
    </p>
   </div>
   <div class='ocr_carea' id='block_1_34' title="bbox 463 2032 2021 2110">
    <p class='ocr_par' dir='ltr' id='par_1_34' title="bbox 463 2032 2021 2110">
     <span class='ocr_line' id='line_1_34' title="bbox 463 2032 2021 2110; baseline -0.003 -20"><span class='ocrx_word' id='word_1_270' title='bbox 463 2039 547 2093; x_wconf 89' lang='lat' dir='ltr'><strong>vel</strong></span> <span class='ocrx_word' id='word_1_271' title='bbox 579 2048 790 2094; x_wconf 84' lang='lat' dir='ltr'><strong>terrena</strong></span> <span class='ocrx_word' id='word_1_272' title='bbox 821 2048 874 2094; x_wconf 86' lang='lat' dir='ltr'><strong>et</strong></span> <span class='ocrx_word' id='word_1_273' title='bbox 915 2039 1211 2110; x_wconf 84' lang='lat' dir='ltr'><strong>corporalis</strong></span> <span class='ocrx_word' id='word_1_274' title='bbox 1249 2038 1383 2105; x_wconf 90' lang='lat' dir='ltr'><strong>vita,</strong></span> <span class='ocrx_word' id='word_1_275' title='bbox 1433 2038 1488 2092; x_wconf 92' lang='lat' dir='ltr'><strong>in</strong></span> <span class='ocrx_word' id='word_1_276' title='bbox 1529 2051 1637 2106; x_wconf 74' lang='lat' dir='ltr'><strong>qua</strong></span> <span class='ocrx_word' id='word_1_277' title='bbox 1674 2048 1822 2090; x_wconf 90' lang='lat' dir='ltr'><strong>mors</strong></span> <span class='ocrx_word' id='word_1_278' title='bbox 1856 2032 2021 2088; x_wconf 87' lang='lat' dir='ltr'><strong>habet</strong></span> 
     </span>
    </p>
   </div>
   <div class='ocr_carea' id='block_1_35' title="bbox 463 2125 2022 2198">
    <p class='ocr_par' dir='ltr' id='par_1_35' title="bbox 463 2125 2022 2198">
     <span class='ocr_line' id='line_1_35' title="bbox 463 2125 2022 2198; baseline -0.003 -15"><span class='ocrx_word' id='word_1_279' title='bbox 463 2129 674 2196; x_wconf 87' lang='lat' dir='ltr'><strong>locum;</strong></span> <span class='ocrx_word' id='word_1_280' title='bbox 720 2130 808 2185; x_wconf 90' lang='lat' dir='ltr'><strong>cui</strong></span> <span class='ocrx_word' id='word_1_281' title='bbox 860 2131 1079 2198; x_wconf 82' lang='lat' dir='ltr'><strong>mundo,</strong></span> <span class='ocrx_word' id='word_1_282' title='bbox 1125 2131 1229 2186; x_wconf 92' lang='lat' dir='ltr'><strong>hoc</strong></span> <span class='ocrx_word' id='word_1_283' title='bbox 1275 2141 1360 2185; x_wconf 87' lang='lat' dir='ltr'><strong>est</strong></span> <span class='ocrx_word' id='word_1_284' title='bbox 1407 2139 1635 2185; x_wconf 71' lang='lat' dir='ltr'><strong>terrente</strong></span> <span class='ocrx_word' id='word_1_285' title='bbox 1663 2127 1808 2191; x_wconf 63' lang='lat' dir='ltr'><strong>vitat,</strong></span> <span class='ocrx_word' id='word_1_286' title='bbox 1841 2125 2022 2181; x_wconf 78' lang='lat' dir='ltr'><strong>cruci-</strong></span> 
     </span>
    </p>
   </div>
   <div class='ocr_carea' id='block_1_36' title="bbox 464 2216 2024 2284">
    <p class='ocr_par' dir='ltr' id='par_1_36' title="bbox 464 2216 2024 2284">
     <span class='ocr_line' id='line_1_36' title="bbox 464 2216 2024 2284; baseline 0.001 -14"><span class='ocrx_word' id='word_1_287' title='bbox 464 2218 602 2273; x_wconf 83' lang='lat' dir='ltr'><strong>ﬁxos</strong></span> <span class='ocrx_word' id='word_1_288' title='bbox 625 2232 685 2274; x_wconf 88' lang='lat' dir='ltr'><strong>se</strong></span> <span class='ocrx_word' id='word_1_289' title='bbox 713 2219 898 2274; x_wconf 89' lang='lat' dir='ltr'><strong>dicunt</strong></span> <span class='ocrx_word' id='word_1_290' title='bbox 935 2219 1106 2274; x_wconf 89' lang='lat' dir='ltr'><strong>sancti</strong></span> <span class='ocrx_word' id='word_1_291' title='bbox 1133 2219 1202 2282; x_wconf 81' lang='lat'><strong>‘°,</strong></span> <span class='ocrx_word' id='word_1_292' title='bbox 1231 2228 1288 2274; x_wconf 91' lang='lat' dir='ltr'><strong>et</strong></span> <span class='ocrx_word' id='word_1_293' title='bbox 1335 2227 1593 2274; x_wconf 89' lang='lat' dir='ltr'><strong>mortuos.</strong></span> <span class='ocrx_word' id='word_1_294' title='bbox 1629 2235 1649 2269; x_wconf 73' lang='grc' dir='ltr'><strong>ι</strong></span> <span class='ocrx_word' id='word_1_295' title='bbox 1681 2216 1752 2272; x_wconf 88' lang='lat' dir='ltr'><strong>Et</strong></span> <span class='ocrx_word' id='word_1_296' title='bbox 1781 2229 1877 2282; x_wconf 90' lang='lat' dir='ltr'><strong>per</strong></span> <span class='ocrx_word' id='word_1_297' title='bbox 1904 2229 2024 2284; x_wconf 87' lang='lat' dir='ltr'><strong>pec-</strong></span> 
     </span>
    </p>
   </div>
   <div class='ocr_carea' id='block_1_37' title="bbox 464 2306 2024 2382">
    <p class='ocr_par' dir='ltr' id='par_1_37' title="bbox 464 2306 2024 2382">
     <span class='ocr_line' id='line_1_37' title="bbox 464 2306 2024 2382; baseline -0.003 -19"><span class='ocrx_word' id='word_1_298' title='bbox 464 2319 670 2375; x_wconf 86' lang='lat' dir='ltr'><strong>catum,</strong></span> <span class='ocrx_word' id='word_1_299' title='bbox 702 2327 724 2366; x_wconf 71' lang='grc' dir='ltr'><strong>ι</strong></span> <span class='ocrx_word' id='word_1_300' title='bbox 751 2310 949 2382; x_wconf 84' lang='lat' dir='ltr'><strong>inquit,</strong></span> <span class='ocrx_word' id='word_1_301' title='bbox 986 2326 1006 2361; x_wconf 77' lang='grc' dir='ltr'><strong>ι</strong></span> <span class='ocrx_word' id='word_1_302' title='bbox 1039 2325 1206 2372; x_wconf 87' lang='lat' dir='ltr'><strong>mors,</strong></span> <span class='ocrx_word' id='word_1_303' title='bbox 1237 2328 1256 2362; x_wconf 76' lang='grc' dir='ltr'><strong>ι</strong></span> <span class='ocrx_word' id='word_1_304' title='bbox 1290 2309 1378 2363; x_wconf 89' lang='lat' dir='ltr'><strong>illa</strong></span> <span class='ocrx_word' id='word_1_305' title='bbox 1426 2309 1544 2364; x_wconf 90' lang='lat' dir='ltr'><strong>sine</strong></span> <span class='ocrx_word' id='word_1_306' title='bbox 1579 2307 1744 2362; x_wconf 87' lang='lat' dir='ltr'><strong>dubio</strong></span> <span class='ocrx_word' id='word_1_307' title='bbox 1776 2320 1922 2360; x_wconf 90' lang='lat' dir='ltr'><strong>mors</strong></span> <span class='ocrx_word' id='word_1_308' title='bbox 1957 2306 2024 2360; x_wconf 90' lang='lat' dir='ltr'><strong>de</strong></span> 
     </span>
    </p>
   </div>
   <div class='ocr_carea' id='block_1_38' title="bbox 464 2399 2025 2470">
    <p class='ocr_par' dir='ltr' id='par_1_38' title="bbox 464 2399 2025 2470">
     <span class='ocr_line' id='line_1_38' title="bbox 464 2399 2025 2470; baseline 0 -18"><span class='ocrx_word' id='word_1_309' title='bbox 464 2413 572 2469; x_wconf 88' lang='lat' dir='ltr'><strong>qua</strong></span> <span class='ocrx_word' id='word_1_310' title='bbox 621 2409 678 2458; x_wconf 90' lang='lat' dir='ltr'><strong>et</strong></span> <span class='ocrx_word' id='word_1_311' title='bbox 727 2401 988 2469; x_wconf 88' lang='lat' dir='ltr'><strong>pr0pheta</strong></span> <span class='ocrx_word' id='word_1_312' title='bbox 1033 2399 1182 2466; x_wconf 83' lang='lat' dir='ltr'><strong>dicit,</strong></span> <span class='ocrx_word' id='word_1_313' title='bbox 1229 2400 1356 2470; x_wconf 86' lang='lat' dir='ltr'><strong>quia</strong></span> <span class='ocrx_word' id='word_1_314' title='bbox 1407 2417 1425 2450; x_wconf 73' lang='grc' dir='ltr'><strong>ι</strong></span> <span class='ocrx_word' id='word_1_315' title='bbox 1466 2399 1644 2454; x_wconf 89' lang='lat' dir='ltr'><strong>anima</strong></span> <span class='ocrx_word' id='word_1_316' title='bbox 1680 2409 1800 2466; x_wconf 67' lang='lat' dir='ltr'><strong>qua:</strong></span> <span class='ocrx_word' id='word_1_317' title='bbox 1835 2403 2025 2464; x_wconf 83' lang='lat' dir='ltr'><strong>peccat</strong></span> 
     </span>
    </p>
   </div>
   <div class='ocr_carea' id='block_1_39' title="bbox 466 2488 2023 2563">
    <p class='ocr_par' dir='ltr' id='par_1_39' title="bbox 466 2488 2023 2563">
     <span class='ocr_line' id='line_1_39' title="bbox 466 2488 2023 2563; baseline -0.001 -18"><span class='ocrx_word' id='word_1_318' title='bbox 466 2491 580 2559; x_wconf 89' lang='lat' dir='ltr'><strong>ipsa</strong></span> <span class='ocrx_word' id='word_1_319' title='bbox 621 2493 886 2552; x_wconf 87' lang='lat' dir='ltr'><strong>morietur</strong></span> <span class='ocrx_word' id='word_1_320' title='bbox 912 2493 957 2526; x_wconf 81' lang='grc'><strong>⁵⁸</strong></span> <span class='ocrx_word' id='word_1_321' title='bbox 989 2511 1006 2549; x_wconf 88' lang='lat'><strong>:</strong></span> <span class='ocrx_word' id='word_1_322' title='bbox 1035 2511 1060 2546; x_wconf 76' lang='grc' dir='ltr'>ι.</span> <span class='ocrx_word' id='word_1_323' title='bbox 1081 2493 1242 2563; x_wconf 83' lang='lat' dir='ltr'><strong>.cujus</strong></span> <span class='ocrx_word' id='word_1_324' title='bbox 1280 2491 1469 2546; x_wconf 89' lang='lat' dir='ltr'><strong>mortis</strong></span> <span class='ocrx_word' id='word_1_325' title='bbox 1520 2493 1662 2546; x_wconf 89' lang='lat' dir='ltr'><strong>hanc</strong></span> <span class='ocrx_word' id='word_1_326' title='bbox 1689 2488 2023 2560; x_wconf 88' lang='lat' dir='ltr'><strong>corporalem</strong></span> 
     </span>
    </p>
   </div>
   <div class='ocr_carea' id='block_1_40' title="bbox 465 2578 2024 2650">
    <p class='ocr_par' dir='ltr' id='par_1_40' title="bbox 465 2578 2024 2650">
     <span class='ocr_line' id='line_1_40' title="bbox 465 2578 2024 2650; baseline 0 -18"><span class='ocrx_word' id='word_1_327' title='bbox 465 2588 704 2633; x_wconf 87' lang='lat' dir='ltr'><strong>mortem</strong></span> <span class='ocrx_word' id='word_1_328' title='bbox 746 2579 993 2640; x_wconf 87' lang='lat' dir='ltr'><strong>umbram</strong></span> <span class='ocrx_word' id='word_1_329' title='bbox 1030 2581 1225 2636; x_wconf 91' lang='lat' dir='ltr'><strong>merito</strong></span> <span class='ocrx_word' id='word_1_330' title='bbox 1262 2580 1384 2650; x_wconf 90' lang='lat' dir='ltr'><strong>quis</strong></span> <span class='ocrx_word' id='word_1_331' title='bbox 1427 2580 1647 2638; x_wconf 80' lang='lat' dir='ltr'><strong>dixerit.</strong></span> <span class='ocrx_word' id='word_1_332' title='bbox 1693 2578 2024 2648; x_wconf 84' lang='lat' dir='ltr'><strong>Quocunque</strong></span> 
     </span>
    </p>
   </div>
   <div class='ocr_carea' id='block_1_41' title="bbox 465 2668 2023 2738">
    <p class='ocr_par' dir='ltr' id='par_1_41' title="bbox 465 2668 2023 2738">
     <span class='ocr_line' id='line_1_41' title="bbox 465 2668 2023 2738; baseline 0 -16"><span class='ocrx_word' id='word_1_333' title='bbox 465 2669 614 2726; x_wconf 86' lang='lat' dir='ltr'><strong>enim</strong></span> <span class='ocrx_word' id='word_1_334' title='bbox 651 2668 742 2727; x_wconf 87' lang='lat' dir='ltr'><strong>illa</strong></span> <span class='ocrx_word' id='word_1_335' title='bbox 797 2669 1096 2736; x_wconf 84' lang='lat' dir='ltr'><strong>incesserit,</strong></span> <span class='ocrx_word' id='word_1_336' title='bbox 1143 2671 1286 2728; x_wconf 88' lang='lat' dir='ltr'><strong>hanc</strong></span> <span class='ocrx_word' id='word_1_337' title='bbox 1341 2683 1566 2727; x_wconf 89' lang='lat' dir='ltr'><strong>necesse</strong></span> <span class='ocrx_word' id='word_1_338' title='bbox 1612 2678 1696 2724; x_wconf 90' lang='lat' dir='ltr'><strong>est</strong></span> <span class='ocrx_word' id='word_1_339' title='bbox 1745 2668 2023 2738; x_wconf 86' lang='lat' dir='ltr'><strong>subsequi,</strong></span> 
     </span>
    </p>
   </div>
   <div class='ocr_carea' id='block_1_42' title="bbox 467 2751 2026 2834">
    <p class='ocr_par' dir='ltr' id='par_1_42' title="bbox 467 2751 2026 2834">
     <span class='ocr_line' id='line_1_42' title="bbox 467 2751 2026 2834; baseline 0.003 -21"><span class='ocrx_word' id='word_1_340' title='bbox 467 2759 614 2815; x_wconf 88' lang='lat' dir='ltr'><strong>velut</strong></span> <span class='ocrx_word' id='word_1_341' title='bbox 645 2761 895 2816; x_wconf 85' lang='lat' dir='ltr'><strong>umbram</strong></span> <span class='ocrx_word' id='word_1_342' title='bbox 925 2777 1142 2834; x_wconf 90' lang='lat' dir='ltr'><strong>corpus.</strong></span> <span class='ocrx_word' id='word_1_343' title='bbox 1197 2761 1350 2830; x_wconf 82' lang='lat' dir='ltr'><strong>Quod</strong></span> <span class='ocrx_word' id='word_1_344' title='bbox 1377 2763 1424 2818; x_wconf 91' lang='lat' dir='ltr'><strong>si</strong></span> <span class='ocrx_word' id='word_1_345' title='bbox 1473 2760 1694 2832; x_wconf 88' lang='lat' dir='ltr'><strong>objiciat</strong></span> <span class='ocrx_word' id='word_1_346' title='bbox 1733 2751 1855 2830; x_wconf 87' lang='lat' dir='ltr'><strong>quis</strong></span> <span class='ocrx_word' id='word_1_347' title='bbox 1899 2760 2026 2830; x_wconf 83' lang='lat' dir='ltr'><strong>quia</strong></span> 
     </span>
    </p>
   </div>
   <div class='ocr_carea' id='block_1_43' title="bbox 467 2852 2027 2926">
    <p class='ocr_par' dir='ltr' id='par_1_43' title="bbox 467 2852 2027 2926">
     <span class='ocr_line' id='line_1_43' title="bbox 467 2852 2027 2926; baseline 0 -18"><span class='ocrx_word' id='word_1_348' title='bbox 467 2853 718 2913; x_wconf 83' lang='lat' dir='ltr'><strong>Salvator</strong></span> <span class='ocrx_word' id='word_1_349' title='bbox 741 2864 1024 2926; x_wconf 89' lang='lat' dir='ltr'><strong>peccatum</strong></span> <span class='ocrx_word' id='word_1_350' title='bbox 1059 2871 1164 2911; x_wconf 92' lang='lat' dir='ltr'><strong>non</strong></span> <span class='ocrx_word' id='word_1_351' title='bbox 1213 2857 1364 2922; x_wconf 80' lang='lat' dir='ltr'><strong>fecit,</strong></span> <span class='ocrx_word' id='word_1_352' title='bbox 1409 2869 1512 2911; x_wconf 92' lang='lat' dir='ltr'><strong>nec</strong></span> <span class='ocrx_word' id='word_1_353' title='bbox 1547 2869 1691 2910; x_wconf 90' lang='lat' dir='ltr'><strong>mors</strong></span> <span class='ocrx_word' id='word_1_354' title='bbox 1717 2854 1770 2908; x_wconf 93' lang='lat' dir='ltr'><strong>in</strong></span> <span class='ocrx_word' id='word_1_355' title='bbox 1804 2869 1870 2910; x_wconf 91' lang='lat' dir='ltr'><strong>eo</strong></span> <span class='ocrx_word' id='word_1_356' title='bbox 1925 2852 2027 2908; x_wconf 91' lang='lat' dir='ltr'><strong>l&#39;uit</strong></span> 
     </span>
    </p>
   </div>
   <div class='ocr_carea' id='block_1_44' title="bbox 466 2943 2028 3018">
    <p class='ocr_par' dir='ltr' id='par_1_44' title="bbox 466 2943 2028 3018">
     <span class='ocr_line' id='line_1_44' title="bbox 466 2943 2028 3018; baseline -0.003 -18"><span class='ocrx_word' id='word_1_357' title='bbox 466 2946 660 3002; x_wconf 80' lang='lat' dir='ltr'><strong>animae</strong></span> <span class='ocrx_word' id='word_1_358' title='bbox 687 2962 783 3018; x_wconf 89' lang='lat' dir='ltr'><strong>per</strong></span> <span class='ocrx_word' id='word_1_359' title='bbox 811 2960 1092 3018; x_wconf 85' lang='lat' dir='ltr'><strong>peccatum</strong></span> <span class='ocrx_word' id='word_1_360' title='bbox 1125 2947 1195 3015; x_wconf 81' lang='grc'><strong>³³,</strong></span> <span class='ocrx_word' id='word_1_361' title='bbox 1224 2955 1281 3001; x_wconf 91' lang='lat' dir='ltr'><strong>et</strong></span> <span class='ocrx_word' id='word_1_362' title='bbox 1311 2955 1487 3000; x_wconf 88' lang='lat' dir='ltr'><strong>tamen</strong></span> <span class='ocrx_word' id='word_1_363' title='bbox 1518 2955 1744 3003; x_wconf 87' lang='lat' dir='ltr'><strong>mortem</strong></span> <span class='ocrx_word' id='word_1_364' title='bbox 1772 2943 2028 2999; x_wconf 86' lang='lat' dir='ltr'><strong>sustinuit</strong></span> 
     </span>
    </p>
   </div>
   <div class='ocr_carea' id='block_1_45' title="bbox 467 3035 2029 3109">
    <p class='ocr_par' dir='ltr' id='par_1_45' title="bbox 467 3035 2029 3109">
     <span class='ocr_line' id='line_1_45' title="bbox 467 3035 2029 3109; baseline 0 -19"><span class='ocrx_word' id='word_1_365' title='bbox 467 3038 824 3106; x_wconf 85' lang='lat' dir='ltr'><strong>corporalem,</strong></span> <span class='ocrx_word' id='word_1_366' title='bbox 856 3038 1312 3109; x_wconf 87' lang='lat' dir='ltr'><strong>respondebimus.</strong></span> <span class='ocrx_word' id='word_1_367' title='bbox 1333 3037 1380 3091; x_wconf 92' lang='lat' dir='ltr'><strong>ei</strong></span> <span class='ocrx_word' id='word_1_368' title='bbox 1415 3037 1547 3107; x_wconf 89' lang='lat' dir='ltr'><strong>quia</strong></span> <span class='ocrx_word' id='word_1_369' title='bbox 1588 3035 1839 3092; x_wconf 85' lang='lat' dir='ltr'><strong>Salvator</strong></span> <span class='ocrx_word' id='word_1_370' title='bbox 1885 3035 2029 3090; x_wconf 89' lang='lat' dir='ltr'><strong>sicut</strong></span> 
     </span>
    </p>
   </div>
   <div class='ocr_carea' id='block_1_46' title="bbox 469 3128 2026 3200">
    <p class='ocr_par' dir='ltr' id='par_1_46' title="bbox 469 3128 2026 3200">
     <span class='ocr_line' id='line_1_46' title="bbox 469 3128 2026 3200; baseline -0.003 -17"><span class='ocrx_word' id='word_1_371' title='bbox 469 3143 590 3183; x_wconf 75' lang='lat' dir='ltr'><strong>eum</strong></span> <span class='ocrx_word' id='word_1_372' title='bbox 625 3129 740 3198; x_wconf 90' lang='lat' dir='ltr'><strong>ipse</strong></span> <span class='ocrx_word' id='word_1_373' title='bbox 775 3139 1055 3200; x_wconf 88' lang='lat' dir='ltr'><strong>peccatum</strong></span> <span class='ocrx_word' id='word_1_374' title='bbox 1085 3143 1188 3182; x_wconf 89' lang='lat' dir='ltr'><strong>non</strong></span> <span class='ocrx_word' id='word_1_375' title='bbox 1222 3128 1433 3192; x_wconf 81' lang='lat' dir='ltr'><strong>fecerit,</strong></span> <span class='ocrx_word' id='word_1_376' title='bbox 1475 3142 1573 3198; x_wconf 89' lang='lat' dir='ltr'><strong>pro</strong></span> <span class='ocrx_word' id='word_1_377' title='bbox 1610 3137 1798 3183; x_wconf 86' lang='lat' dir='ltr'><strong>nostra</strong></span> <span class='ocrx_word' id='word_1_378' title='bbox 1846 3133 2026 3180; x_wconf 91' lang='lat' dir='ltr'><strong>tamen</strong></span> 
     </span>
    </p>
   </div>
   <div class='ocr_carea' id='block_1_47' title="bbox 467 3217 2028 3292">
    <p class='ocr_par' dir='ltr' id='par_1_47' title="bbox 467 3217 2028 3292">
     <span class='ocr_line' id='line_1_47' title="bbox 467 3217 2028 3292; baseline -0.002 -17"><span class='ocrx_word' id='word_1_379' title='bbox 467 3221 642 3277; x_wconf 90' lang='lat' dir='ltr'><strong>salute</strong></span> <span class='ocrx_word' id='word_1_380' title='bbox 668 3237 762 3292; x_wconf 90' lang='lat' dir='ltr'><strong>per</strong></span> <span class='ocrx_word' id='word_1_381' title='bbox 807 3220 1228 3290; x_wconf 88' lang='lat' dir='ltr'><strong>assmnptionem</strong></span> <span class='ocrx_word' id='word_1_382' title='bbox 1257 3221 1440 3276; x_wconf 85' lang='lat' dir='ltr'><strong>carnis</strong></span> <span class='ocrx_word' id='word_1_383' title='bbox 1471 3219 1584 3288; x_wconf 91' lang='lat' dir='ltr'><strong>ipse</strong></span> <span class='ocrx_word' id='word_1_384' title='bbox 1619 3217 1818 3273; x_wconf 92' lang='lat' dir='ltr'><strong>dicitur</strong></span> <span class='ocrx_word' id='word_1_385' title='bbox 1848 3217 2028 3273; x_wconf 78' lang='lat' dir='ltr'><strong>factus</strong></span> 
     </span>
    </p>
   </div>
   <div class='ocr_carea' id='block_1_48' title="bbox 465 3308 2024 3382">
    <p class='ocr_par' dir='ltr' id='par_1_48' title="bbox 465 3308 2024 3382">
     <span class='ocr_line' id='line_1_48' title="bbox 465 3308 2024 3382; baseline -0.003 -16"><span class='ocrx_word' id='word_1_386' title='bbox 465 3326 588 3367; x_wconf 90' lang='lat' dir='ltr'><strong>esse</strong></span> <span class='ocrx_word' id='word_1_387' title='bbox 623 3319 897 3382; x_wconf 83' lang='lat' dir='ltr'><strong>peccatum</strong></span> <span class='ocrx_word' id='word_1_388' title='bbox 922 3313 968 3344; x_wconf 83' lang='grc'>⁸³</span> <span class='ocrx_word' id='word_1_389' title='bbox 996 3330 1010 3366; x_wconf 90' lang='lat'><strong>:</strong></span> <span class='ocrx_word' id='word_1_390' title='bbox 1041 3312 1112 3368; x_wconf 83' lang='lat' dir='ltr'><strong>ita</strong></span> <span class='ocrx_word' id='word_1_391' title='bbox 1165 3320 1218 3369; x_wconf 89' lang='lat' dir='ltr'><strong>et</strong></span> <span class='ocrx_word' id='word_1_392' title='bbox 1270 3326 1392 3365; x_wconf 91' lang='lat' dir='ltr'><strong>cum</strong></span> <span class='ocrx_word' id='word_1_393' title='bbox 1442 3319 1670 3365; x_wconf 90' lang='lat' dir='ltr'><strong>mortem</strong></span> <span class='ocrx_word' id='word_1_394' title='bbox 1703 3309 1859 3368; x_wconf 88' lang='lat' dir='ltr'><strong>istam</strong></span> <span class='ocrx_word' id='word_1_395' title='bbox 1893 3308 2024 3365; x_wconf 92' lang='lat' dir='ltr'><strong>nulli</strong></span> 
     </span>
    </p>
   </div>
   <div class='ocr_carea' id='block_1_49' title="bbox 466 3400 2026 3470">
    <p class='ocr_par' dir='ltr' id='par_1_49' title="bbox 466 3400 2026 3470">
     <span class='ocr_line' id='line_1_49' title="bbox 466 3400 2026 3470; baseline -0.003 -12"><span class='ocrx_word' id='word_1_396' title='bbox 466 3403 710 3470; x_wconf 88' lang='lat' dir='ltr'><strong>deberet,</strong></span> <span class='ocrx_word' id='word_1_397' title='bbox 741 3419 840 3458; x_wconf 90' lang='lat' dir='ltr'><strong>nec</strong></span> <span class='ocrx_word' id='word_1_398' title='bbox 880 3403 930 3458; x_wconf 91' lang='lat' dir='ltr'><strong>ei</strong></span> <span class='ocrx_word' id='word_1_399' title='bbox 973 3413 1118 3460; x_wconf 87' lang='lat' dir='ltr'><strong>esset</strong></span> <span class='ocrx_word' id='word_1_400' title='bbox 1164 3403 1451 3465; x_wconf 84' lang='lat' dir='ltr'><strong>obnoxius,</strong></span> <span class='ocrx_word' id='word_1_401' title='bbox 1508 3416 1606 3470; x_wconf 90' lang='lat' dir='ltr'><strong>pro</strong></span> <span class='ocrx_word' id='word_1_402' title='bbox 1647 3400 1818 3460; x_wconf 84' lang='lat' dir='ltr'><strong>salute</strong></span> <span class='ocrx_word' id='word_1_403' title='bbox 1847 3408 2026 3460; x_wconf 87' lang='lat' dir='ltr'><strong>tamen</strong></span> 
     </span>
    </p>
   </div>
   <div class='ocr_carea' id='block_1_50' title="bbox 467 3490 2028 3561">
    <p class='ocr_par' dir='ltr' id='par_1_50' title="bbox 467 3490 2028 3561">
     <span class='ocr_line' id='line_1_50' title="bbox 467 3490 2028 3561; baseline -0.003 -13"><span class='ocrx_word' id='word_1_404' title='bbox 467 3504 652 3548; x_wconf 83' lang='lat' dir='ltr'><strong>nostra</strong></span> <span class='ocrx_word' id='word_1_405' title='bbox 683 3493 825 3548; x_wconf 90' lang='lat' dir='ltr'><strong>hanc</strong></span> <span class='ocrx_word' id='word_1_406' title='bbox 849 3494 988 3550; x_wconf 86' lang='lat' dir='ltr'><strong>velut</strong></span> <span class='ocrx_word' id='word_1_407' title='bbox 1019 3494 1262 3548; x_wconf 90' lang='lat' dir='ltr'><strong>umbram</strong></span> <span class='ocrx_word' id='word_1_408' title='bbox 1293 3493 1433 3547; x_wconf 90' lang='lat' dir='ltr'><strong>illius</strong></span> <span class='ocrx_word' id='word_1_409' title='bbox 1457 3501 1723 3561; x_wconf 74' lang='lat' dir='ltr'><strong>susceptae</strong></span> <span class='ocrx_word' id='word_1_410' title='bbox 1747 3490 2028 3559; x_wconf 79' lang='lat' dir='ltr'><strong>dispensa-</strong></span> 
     </span>
    </p>
   </div>
   <div class='ocr_carea' id='block_1_51' title="bbox 468 3583 2030 3657">
    <p class='ocr_par' dir='ltr' id='par_1_51' title="bbox 468 3583 2030 3657">
     <span class='ocr_line' id='line_1_51' title="bbox 468 3583 2030 3657; baseline -0.001 -19"><span class='ocrx_word' id='word_1_411' title='bbox 468 3587 654 3648; x_wconf 89' lang='lat' dir='ltr'><strong>tionis,</strong></span> <span class='ocrx_word' id='word_1_412' title='bbox 685 3601 848 3657; x_wconf 88' lang='lat' dir='ltr'><strong>quam</strong></span> <span class='ocrx_word' id='word_1_413' title='bbox 901 3601 1062 3654; x_wconf 89' lang='lat' dir='ltr'><strong>supra</strong></span> <span class='ocrx_word' id='word_1_414' title='bbox 1113 3585 1368 3650; x_wconf 82' lang='lat' dir='ltr'><strong>diximus,</strong></span> <span class='ocrx_word' id='word_1_415' title='bbox 1398 3594 1610 3656; x_wconf 80' lang='lat' dir='ltr'><strong>Sponte,</strong></span> <span class='ocrx_word' id='word_1_416' title='bbox 1649 3599 1756 3639; x_wconf 90' lang='lat' dir='ltr'><strong>non</strong></span> <span class='ocrx_word' id='word_1_417' title='bbox 1790 3583 2030 3638; x_wconf 90' lang='lat' dir='ltr'><strong>necessi-</strong></span> 
     </span>
    </p>
   </div>
   <div class='ocr_carea' id='block_1_52' title="bbox 467 3675 2028 3748">
    <p class='ocr_par' dir='ltr' id='par_1_52' title="bbox 467 3675 2028 3748">
     <span class='ocr_line' id='line_1_52' title="bbox 467 3675 2028 3748; baseline -0.001 -17"><span class='ocrx_word' id='word_1_418' title='bbox 467 3686 580 3733; x_wconf 89' lang='lat' dir='ltr'><strong>tate</strong></span> <span class='ocrx_word' id='word_1_419' title='bbox 609 3679 867 3747; x_wconf 88' lang='lat' dir='ltr'><strong>suscepit,</strong></span> <span class='ocrx_word' id='word_1_420' title='bbox 905 3678 1045 3734; x_wconf 86' lang='lat' dir='ltr'><strong>sicut</strong></span> <span class='ocrx_word' id='word_1_421' title='bbox 1082 3679 1196 3748; x_wconf 92' lang='lat' dir='ltr'><strong>ipse</strong></span> <span class='ocrx_word' id='word_1_422' title='bbox 1223 3677 1400 3733; x_wconf 85' lang='lat' dir='ltr'><strong>dixit:</strong></span> <span class='ocrx_word' id='word_1_423' title='bbox 1437 3693 1456 3728; x_wconf 75' lang='grc' dir='ltr'><strong>ι</strong></span> <span class='ocrx_word' id='word_1_424' title='bbox 1499 3675 1828 3730; x_wconf 87' lang='lat' dir='ltr'><strong>Potestatem</strong></span> <span class='ocrx_word' id='word_1_425' title='bbox 1853 3675 2028 3730; x_wconf 87' lang='lat' dir='ltr'><strong>habeo</strong></span> 
     </span>
    </p>
   </div>
   <div class='ocr_carea' id='block_1_53' title="bbox 417 3766 2028 3838">
    <p class='ocr_par' dir='ltr' id='par_1_53' title="bbox 417 3766 2028 3838">
     <span class='ocr_line' id='line_1_53' title="bbox 417 3766 2028 3838; baseline -0.002 -14"><span class='ocrx_word' id='word_1_426' title='bbox 417 3821 420 3824; x_wconf 88' lang='lat'><strong>.</strong></span> <span class='ocrx_word' id='word_1_427' title='bbox 465 3774 697 3838; x_wconf 84' lang='lat' dir='ltr'><strong>ponendi</strong></span> <span class='ocrx_word' id='word_1_428' title='bbox 721 3783 953 3823; x_wconf 84' lang='lat' dir='ltr'><strong>animam</strong></span> <span class='ocrx_word' id='word_1_429' title='bbox 981 3783 1175 3831; x_wconf 82' lang='lat' dir='ltr'><strong>meam,</strong></span> <span class='ocrx_word' id='word_1_430' title='bbox 1201 3777 1257 3824; x_wconf 91' lang='lat' dir='ltr'><strong>et</strong></span> <span class='ocrx_word' id='word_1_431' title='bbox 1279 3775 1596 3836; x_wconf 90' lang='lat' dir='ltr'><strong>potestatem</strong></span> <span class='ocrx_word' id='word_1_432' title='bbox 1629 3766 1802 3822; x_wconf 89' lang='lat' dir='ltr'><strong>habeo</strong></span> <span class='ocrx_word' id='word_1_433' title='bbox 1831 3766 2028 3820; x_wconf 90' lang='lat' dir='ltr'><strong>iterum</strong></span> 
     </span>
    </p>
   </div>
   <div class='ocr_carea' id='block_1_54' title="bbox 465 3860 2026 3932">
    <p class='ocr_par' dir='ltr' id='par_1_54' title="bbox 465 3860 2026 3932">
     <span class='ocr_line' id='line_1_54' title="bbox 465 3860 2026 3932; baseline -0.001 -16"><span class='ocrx_word' id='word_1_434' title='bbox 465 3861 712 3916; x_wconf 84' lang='lat' dir='ltr'><strong>sumendi</strong></span> <span class='ocrx_word' id='word_1_435' title='bbox 753 3876 872 3917; x_wconf 89' lang='lat' dir='ltr'><strong>eam</strong></span> <span class='ocrx_word' id='word_1_436' title='bbox 917 3860 984 3916; x_wconf 75' lang='grc'><strong>⁵⁵.</strong></span> <span class='ocrx_word' id='word_1_437' title='bbox 1039 3880 1060 3915; x_wconf 73' lang='grc' dir='ltr'><strong>ι</strong></span> <span class='ocrx_word' id='word_1_438' title='bbox 1113 3861 1219 3916; x_wconf 83' lang='lat' dir='ltr'><strong>Sed</strong></span> <span class='ocrx_word' id='word_1_439' title='bbox 1272 3861 1548 3918; x_wconf 87' lang='lat' dir='ltr'><strong>videamus</strong></span> <span class='ocrx_word' id='word_1_440' title='bbox 1600 3861 1871 3932; x_wconf 89' lang='lat' dir='ltr'><strong>quomodo</strong></span> <span class='ocrx_word' id='word_1_441' title='bbox 1917 3877 1936 3911; x_wconf 77' lang='grc' dir='ltr'><strong>ι</strong></span> <span class='ocrx_word' id='word_1_442' title='bbox 1972 3860 2026 3914; x_wconf 91' lang='lat' dir='ltr'><strong>in</strong></span> 
     </span>
    </p>
   </div>
   <div class='ocr_carea' id='block_1_55' title="bbox 465 3952 2022 4025">
    <p class='ocr_par' dir='ltr' id='par_1_55' title="bbox 465 3952 2022 4025">
     <span class='ocr_line' id='line_1_55' title="bbox 465 3952 2022 4025; baseline -0.001 -21"><span class='ocrx_word' id='word_1_443' title='bbox 465 3966 655 4006; x_wconf 89' lang='lat' dir='ltr'><strong>omnes</strong></span> <span class='ocrx_word' id='word_1_444' title='bbox 688 3952 935 4010; x_wconf 90' lang='lat' dir='ltr'><strong>homines</strong></span> <span class='ocrx_word' id='word_1_445' title='bbox 969 3952 1288 4025; x_wconf 87' lang='lat' dir='ltr'><strong>pertransiit</strong></span> <span class='ocrx_word' id='word_1_446' title='bbox 1326 3967 1493 4020; x_wconf 92' lang='lat' dir='ltr'><strong>mors,</strong></span> <span class='ocrx_word' id='word_1_447' title='bbox 1532 3952 1588 4008; x_wconf 91' lang='lat' dir='ltr'><strong>in</strong></span> <span class='ocrx_word' id='word_1_448' title='bbox 1617 3967 1724 4024; x_wconf 93' lang='lat' dir='ltr'><strong>quo</strong></span> <span class='ocrx_word' id='word_1_449' title='bbox 1753 3965 1965 4014; x_wconf 87' lang='lat' dir='ltr'><strong>omnes,</strong></span> <span class='ocrx_word' id='word_1_450' title='bbox 2002 3969 2022 4001; x_wconf 82' lang='grc' dir='ltr'><strong>ι</strong></span> 
     </span>
    </p>
   </div>
   <div class='ocr_carea' id='block_1_56' title="bbox 466 4043 2029 4118">
    <p class='ocr_par' dir='ltr' id='par_1_56' title="bbox 466 4043 2029 4118">
     <span class='ocr_line' id='line_1_56' title="bbox 466 4043 2029 4118; baseline 0.004 -24"><span class='ocrx_word' id='word_1_451' title='bbox 466 4043 660 4118; x_wconf 85' lang='lat' dir='ltr'><strong>inquit,</strong></span> <span class='ocrx_word' id='word_1_452' title='bbox 693 4060 712 4095; x_wconf 71' lang='grc' dir='ltr'><strong>ι</strong></span> <span class='ocrx_word' id='word_1_453' title='bbox 743 4053 1122 4112; x_wconf 89' lang='lat' dir='ltr'><strong>peccaverunt.</strong></span> <span class='ocrx_word' id='word_1_454' title='bbox 1156 4063 1175 4096; x_wconf 80' lang='grc' dir='ltr'><strong>ι</strong></span> <span class='ocrx_word' id='word_1_455' title='bbox 1212 4044 1472 4100; x_wconf 87' lang='lat' dir='ltr'><strong>Absoluta</strong></span> <span class='ocrx_word' id='word_1_456' title='bbox 1499 4045 1766 4100; x_wconf 87' lang='lat' dir='ltr'><strong>sententia</strong></span> <span class='ocrx_word' id='word_1_457' title='bbox 1791 4059 2029 4114; x_wconf 89' lang='lat' dir='ltr'><strong>pronun-</strong></span> 
     </span>
    </p>
   </div>
   <div class='ocr_carea' id='block_1_57' title="bbox 469 4135 2030 4205">
    <p class='ocr_par' dir='ltr' id='par_1_57' title="bbox 469 4135 2030 4205">
     <span class='ocr_line' id='line_1_57' title="bbox 469 4135 2030 4205; baseline 0.002 -18"><span class='ocrx_word' id='word_1_458' title='bbox 469 4135 624 4191; x_wconf 86' lang='lat' dir='ltr'><strong>tiavit</strong></span> <span class='ocrx_word' id='word_1_459' title='bbox 671 4136 961 4205; x_wconf 86' lang='lat' dir='ltr'><strong>Apostolus</strong></span> <span class='ocrx_word' id='word_1_460' title='bbox 999 4137 1051 4190; x_wconf 91' lang='lat' dir='ltr'><strong>in</strong></span> <span class='ocrx_word' id='word_1_461' title='bbox 1099 4151 1288 4192; x_wconf 89' lang='lat' dir='ltr'><strong>omnes</strong></span> <span class='ocrx_word' id='word_1_462' title='bbox 1333 4137 1591 4194; x_wconf 80' lang='lat' dir='ltr'><strong>homines.</strong></span> <span class='ocrx_word' id='word_1_463' title='bbox 1633 4145 1865 4196; x_wconf 87' lang='lat' dir='ltr'><strong>mortem</strong></span> <span class='ocrx_word' id='word_1_464' title='bbox 1907 4150 2030 4205; x_wconf 84' lang='lat' dir='ltr'><strong>per-</strong></span> 
     </span>
    </p>
   </div>
   <div class='ocr_carea' id='block_1_58' title="bbox 468 4226 2030 4298">
    <p class='ocr_par' dir='ltr' id='par_1_58' title="bbox 468 4226 2030 4298">
     <span class='ocr_line' id='line_1_58' title="bbox 468 4226 2030 4298; baseline 0.003 -20"><span class='ocrx_word' id='word_1_465' title='bbox 468 4226 727 4284; x_wconf 81' lang='lat' dir='ltr'><strong>transisse</strong></span> <span class='ocrx_word' id='word_1_466' title='bbox 752 4227 985 4296; x_wconf 89' lang='lat' dir='ltr'><strong>peccati,</strong></span> <span class='ocrx_word' id='word_1_467' title='bbox 1016 4227 1070 4281; x_wconf 91' lang='lat' dir='ltr'><strong>in</strong></span> <span class='ocrx_word' id='word_1_468' title='bbox 1095 4243 1164 4284; x_wconf 89' lang='lat' dir='ltr'><strong>eo.</strong></span> <span class='ocrx_word' id='word_1_469' title='bbox 1187 4227 1240 4282; x_wconf 91' lang='lat' dir='ltr'><strong>in</strong></span> <span class='ocrx_word' id='word_1_470' title='bbox 1272 4243 1379 4298; x_wconf 92' lang='lat' dir='ltr'><strong>quo</strong></span> <span class='ocrx_word' id='word_1_471' title='bbox 1405 4243 1596 4284; x_wconf 89' lang='lat' dir='ltr'><strong>omnes</strong></span> <span class='ocrx_word' id='word_1_472' title='bbox 1641 4239 2030 4298; x_wconf 79' lang='lat' dir='ltr'><strong>peccaverunt,</strong></span> 
     </span>
    </p>
   </div>
   <div class='ocr_carea' id='block_1_59' title="bbox 468 4317 2028 4390">
    <p class='ocr_par' dir='ltr' id='par_1_59' title="bbox 468 4317 2028 4390">
     <span class='ocr_line' id='line_1_59' title="bbox 468 4317 2028 4390; baseline 0.001 -18"><span class='ocrx_word' id='word_1_473' title='bbox 468 4317 609 4372; x_wconf 80' lang='lat' dir='ltr'><strong>sicut</strong></span> <span class='ocrx_word' id='word_1_474' title='bbox 655 4325 710 4372; x_wconf 84' lang='lat' dir='ltr'><strong>et</strong></span> <span class='ocrx_word' id='word_1_475' title='bbox 751 4317 899 4373; x_wconf 91' lang='lat' dir='ltr'><strong>alibi.</strong></span> <span class='ocrx_word' id='word_1_476' title='bbox 933 4336 953 4369; x_wconf 84' lang='grc'>‹</span> <span class='ocrx_word' id='word_1_477' title='bbox 982 4319 1181 4382; x_wconf 84' lang='lat' dir='ltr'><strong>Omnes</strong></span> <span class='ocrx_word' id='word_1_478' title='bbox 1209 4320 1372 4383; x_wconf 89' lang='lat' dir='ltr'><strong>enim,</strong></span> <span class='ocrx_word' id='word_1_479' title='bbox 1412 4338 1432 4373; x_wconf 77' lang='grc' dir='ltr'><strong>ι</strong></span> <span class='ocrx_word' id='word_1_480' title='bbox 1474 4321 1667 4388; x_wconf 87' lang='lat' dir='ltr'><strong>inquit,</strong></span> <span class='ocrx_word' id='word_1_481' title='bbox 1719 4340 1737 4372; x_wconf 75' lang='grc' dir='ltr'><strong>ι</strong></span> <span class='ocrx_word' id='word_1_482' title='bbox 1769 4334 2028 4390; x_wconf 88' lang='lat' dir='ltr'><strong>peccave-</strong></span> 
     </span>
    </p>
   </div>
   <div class='ocr_carea' id='block_1_60' title="bbox 468 4409 2029 4484">
    <p class='ocr_par' dir='ltr' id='par_1_60' title="bbox 468 4409 2029 4484">
     <span class='ocr_line' id='line_1_60' title="bbox 468 4409 2029 4484; baseline 0.005 -22"><span class='ocrx_word' id='word_1_483' title='bbox 468 4417 615 4477; x_wconf 89' lang='lat' dir='ltr'><strong>runt,</strong></span> <span class='ocrx_word' id='word_1_484' title='bbox 645 4417 700 4461; x_wconf 89' lang='lat' dir='ltr'><strong>et</strong></span> <span class='ocrx_word' id='word_1_485' title='bbox 724 4418 880 4484; x_wconf 73' lang='lat' dir='ltr'><strong>egent</strong></span> <span class='ocrx_word' id='word_1_486' title='bbox 911 4409 1081 4480; x_wconf 82' lang='lat' dir='ltr'><strong>gloria</strong></span> <span class='ocrx_word' id='word_1_487' title='bbox 1115 4409 1226 4483; x_wconf 74' lang='grc'><strong>(48)</strong></span> <span class='ocrx_word' id='word_1_488' title='bbox 1261 4411 1351 4466; x_wconf 88' lang='lat' dir='ltr'><strong>Dei</strong></span> <span class='ocrx_word' id='word_1_489' title='bbox 1379 4412 1448 4470; x_wconf 82' lang='grc'><strong>⁸⁸.</strong></span> <span class='ocrx_word' id='word_1_490' title='bbox 1481 4432 1502 4466; x_wconf 69' lang='grc' dir='ltr'><strong>ι</strong></span> <span class='ocrx_word' id='word_1_491' title='bbox 1538 4413 1603 4466; x_wconf 89' lang='grc' dir='ltr'>Ει</span> <span class='ocrx_word' id='word_1_492' title='bbox 1636 4413 1755 4468; x_wconf 90' lang='lat' dir='ltr'><strong>ideo</strong></span> <span class='ocrx_word' id='word_1_493' title='bbox 1783 4412 1946 4466; x_wconf 88' lang='lat' dir='ltr'><strong>etiam</strong></span> <span class='ocrx_word' id='word_1_494' title='bbox 1979 4414 2029 4470; x_wconf 90' lang='lat' dir='ltr'><strong>si</strong></span> 
     </span>
    </p>
   </div>
   <div class='ocr_carea' id='block_1_61' title="bbox 467 4497 2028 4574">
    <p class='ocr_par' dir='ltr' id='par_1_61' title="bbox 467 4497 2028 4574">
     <span class='ocr_line' id='line_1_61' title="bbox 467 4497 2028 4574; baseline 0.004 -21"><span class='ocrx_word' id='word_1_495' title='bbox 467 4498 603 4553; x_wconf 87' lang='lat' dir='ltr'><strong>Abel</strong></span> <span class='ocrx_word' id='word_1_496' title='bbox 648 4497 795 4554; x_wconf 90' lang='lat' dir='ltr'><strong>illum</strong></span> <span class='ocrx_word' id='word_1_497' title='bbox 839 4500 1045 4570; x_wconf 17' lang='lat' dir='ltr'><strong>justum.</strong></span> <span class='ocrx_word' id='word_1_498' title='bbox 1093 4502 1312 4568; x_wconf 89' lang='lat' dir='ltr'><strong>dixeris,</strong></span> <span class='ocrx_word' id='word_1_499' title='bbox 1363 4519 1468 4560; x_wconf 91' lang='lat' dir='ltr'><strong>non</strong></span> <span class='ocrx_word' id='word_1_500' title='bbox 1527 4513 1707 4574; x_wconf 88' lang='lat' dir='ltr'><strong>potest</strong></span> <span class='ocrx_word' id='word_1_501' title='bbox 1749 4504 2028 4567; x_wconf 84' lang='lat' dir='ltr'><strong>excusari.</strong></span> 
     </span>
    </p>
   </div>
   <div class='ocr_carea' id='block_1_62' title="bbox 2119 2015 3664 2091">
    <p class='ocr_par' dir='ltr' id='par_1_62' title="bbox 2119 2015 3664 2091">
     <span class='ocr_line' id='line_1_62' title="bbox 2119 2015 3664 2091; baseline -0.008 -12"><span class='ocrx_word' id='word_1_502' title='bbox 2119 2034 2237 2079; x_wconf 89' lang='lat' dir='ltr'><strong>erat</strong></span> <span class='ocrx_word' id='word_1_503' title='bbox 2261 2024 2312 2077; x_wconf 92' lang='lat' dir='ltr'><strong>in</strong></span> <span class='ocrx_word' id='word_1_504' title='bbox 2347 2019 2694 2091; x_wconf 75' lang='lat' dir='ltr'><strong>generatione</strong></span> <span class='ocrx_word' id='word_1_505' title='bbox 2719 2033 2837 2082; x_wconf 89' lang='lat' dir='ltr'><strong>sua,</strong></span> <span class='ocrx_word' id='word_1_506' title='bbox 2868 2037 2888 2071; x_wconf 80' lang='grc' dir='ltr'><strong>ι</strong></span> <span class='ocrx_word' id='word_1_507' title='bbox 2916 2027 2973 2072; x_wconf 91' lang='lat' dir='ltr'><strong>et</strong></span> <span class='ocrx_word' id='word_1_508' title='bbox 3001 2018 3127 2086; x_wconf 89' lang='lat' dir='ltr'><strong>quia</strong></span> <span class='ocrx_word' id='word_1_509' title='bbox 3154 2035 3172 2068; x_wconf 85' lang='grc'><strong>‹</strong></span> <span class='ocrx_word' id='word_1_510' title='bbox 3204 2016 3412 2086; x_wconf 86' lang='lat' dir='ltr'><strong>placuit</strong></span> <span class='ocrx_word' id='word_1_511' title='bbox 3436 2015 3626 2080; x_wconf 80' lang='lat' dir='ltr'><strong>Deo“;</strong></span> <span class='ocrx_word' id='word_1_512' title='bbox 3647 2033 3664 2066; x_wconf 82' lang='grc' dir='ltr'><strong>ι</strong></span> 
     </span>
    </p>
   </div>
   <div class='ocr_carea' id='block_1_63' title="bbox 2119 2106 3670 2185">
    <p class='ocr_par' dir='ltr' id='par_1_63' title="bbox 2119 2106 3670 2185">
     <span class='ocr_line' id='line_1_63' title="bbox 2119 2106 3670 2185; baseline -0.008 -16"><span class='ocrx_word' id='word_1_513' title='bbox 2119 2116 2260 2185; x_wconf 90' lang='lat' dir='ltr'><strong>quod</strong></span> <span class='ocrx_word' id='word_1_514' title='bbox 2293 2113 2482 2182; x_wconf 91' lang='lat' dir='ltr'><strong>utique</strong></span> <span class='ocrx_word' id='word_1_515' title='bbox 2510 2111 2557 2165; x_wconf 91' lang='lat' dir='ltr'><strong>si</strong></span> <span class='ocrx_word' id='word_1_516' title='bbox 2594 2110 2744 2180; x_wconf 90' lang='lat' dir='ltr'><strong>prius</strong></span> <span class='ocrx_word' id='word_1_517' title='bbox 2793 2108 3108 2174; x_wconf 88' lang='lat' dir='ltr'><strong>meruisset,</strong></span> <span class='ocrx_word' id='word_1_518' title='bbox 3139 2122 3416 2176; x_wconf 87' lang='lat' dir='ltr'><strong>nunquam</strong></span> <span class='ocrx_word' id='word_1_519' title='bbox 3462 2107 3538 2170; x_wconf 88' lang='lat' dir='ltr'><strong>id,</strong></span> <span class='ocrx_word' id='word_1_520' title='bbox 3566 2106 3670 2174; x_wconf 79' lang='lat' dir='ltr'><strong>opi-</strong></span> 
     </span>
    </p>
   </div>
   <div class='ocr_carea' id='block_1_64' title="bbox 2122 2197 3671 2274">
    <p class='ocr_par' dir='ltr' id='par_1_64' title="bbox 2122 2197 3671 2274">
     <span class='ocr_line' id='line_1_64' title="bbox 2122 2197 3671 2274; baseline -0.005 -14"><span class='ocrx_word' id='word_1_521' title='bbox 2122 2221 2242 2272; x_wconf 89' lang='lat' dir='ltr'><strong>nor,</strong></span> <span class='ocrx_word' id='word_1_522' title='bbox 2271 2205 2554 2274; x_wconf 91' lang='lat' dir='ltr'><strong>Scriptura</strong></span> <span class='ocrx_word' id='word_1_523' title='bbox 2581 2201 2763 2256; x_wconf 90' lang='lat' dir='ltr'><strong>divina</strong></span> <span class='ocrx_word' id='word_1_524' title='bbox 2793 2201 3051 2256; x_wconf 82' lang='lat' dir='ltr'><strong>siluisset.</strong></span> <span class='ocrx_word' id='word_1_525' title='bbox 3110 2199 3216 2253; x_wconf 89' lang='lat' dir='ltr'><strong>Sed</strong></span> <span class='ocrx_word' id='word_1_526' title='bbox 3250 2208 3306 2253; x_wconf 91' lang='lat' dir='ltr'><strong>et</strong></span> <span class='ocrx_word' id='word_1_527' title='bbox 3333 2199 3377 2252; x_wconf 91' lang='lat' dir='ltr'><strong>si</strong></span> <span class='ocrx_word' id='word_1_528' title='bbox 3404 2199 3530 2267; x_wconf 86' lang='lat' dir='ltr'><strong>quis</strong></span> <span class='ocrx_word' id='word_1_529' title='bbox 3559 2197 3671 2252; x_wconf 81' lang='lat' dir='ltr'><strong>velit</strong></span> 
     </span>
    </p>
   </div>
   <div class='ocr_carea' id='block_1_65' title="bbox 2121 2289 3668 2365">
    <p class='ocr_par' dir='ltr' id='par_1_65' title="bbox 2121 2289 3668 2365">
     <span class='ocr_line' id='line_1_65' title="bbox 2121 2289 3668 2365; baseline -0.003 -18"><span class='ocrx_word' id='word_1_530' title='bbox 2121 2297 2263 2365; x_wconf 89' lang='lat' dir='ltr'><strong>quod</strong></span> <span class='ocrx_word' id='word_1_531' title='bbox 2291 2294 2428 2349; x_wconf 92' lang='lat' dir='ltr'><strong>bibit</strong></span> <span class='ocrx_word' id='word_1_532' title='bbox 2470 2293 2678 2357; x_wconf 89' lang='lat' dir='ltr'><strong>vinum,</strong></span> <span class='ocrx_word' id='word_1_533' title='bbox 2718 2299 2775 2346; x_wconf 90' lang='lat' dir='ltr'><strong>et</strong></span> <span class='ocrx_word' id='word_1_534' title='bbox 2812 2290 3108 2345; x_wconf 88' lang='lat' dir='ltr'><strong>inebriatus</strong></span> <span class='ocrx_word' id='word_1_535' title='bbox 3151 2299 3237 2342; x_wconf 89' lang='lat' dir='ltr'><strong>est</strong></span> <span class='ocrx_word' id='word_1_536' title='bbox 3274 2304 3341 2343; x_wconf 87' lang='lat' dir='ltr'><strong>ae</strong></span> <span class='ocrx_word' id='word_1_537' title='bbox 3389 2289 3668 2343; x_wconf 79' lang='lat' dir='ltr'><strong>nudatus“</strong></span> 
     </span>
    </p>
   </div>
   <div class='ocr_carea' id='block_1_66' title="bbox 2124 2381 3674 2455">
    <p class='ocr_par' dir='ltr' id='par_1_66' title="bbox 2124 2381 3674 2455">
     <span class='ocr_line' id='line_1_66' title="bbox 2124 2381 3674 2455; baseline -0.005 -15"><span class='ocrx_word' id='word_1_538' title='bbox 2124 2397 2394 2455; x_wconf 87' lang='lat' dir='ltr'><strong>reputare,</strong></span> <span class='ocrx_word' id='word_1_539' title='bbox 2424 2386 2661 2441; x_wconf 86' lang='lat' dir='ltr'><strong>inveniet</strong></span> <span class='ocrx_word' id='word_1_540' title='bbox 2687 2399 2752 2440; x_wconf 84' lang='lat' dir='ltr'><strong>ex</strong></span> <span class='ocrx_word' id='word_1_541' title='bbox 2787 2384 2870 2438; x_wconf 88' lang='lat' dir='ltr'><strong>his</strong></span> <span class='ocrx_word' id='word_1_542' title='bbox 2900 2384 3153 2438; x_wconf 89' lang='lat' dir='ltr'><strong>omnibus</strong></span> <span class='ocrx_word' id='word_1_543' title='bbox 3185 2397 3290 2436; x_wconf 90' lang='lat' dir='ltr'><strong>non</strong></span> <span class='ocrx_word' id='word_1_544' title='bbox 3325 2383 3598 2435; x_wconf 88' lang='lat' dir='ltr'><strong>immerito</strong></span> <span class='ocrx_word' id='word_1_545' title='bbox 3616 2381 3674 2433; x_wconf 88' lang='lat' dir='ltr'><strong>ab</strong></span> 
     </span>
    </p>
   </div>
   <div class='ocr_carea' id='block_1_67' title="bbox 2124 2473 3676 2547">
    <p class='ocr_par' dir='ltr' id='par_1_67' title="bbox 2124 2473 3676 2547">
     <span class='ocr_line' id='line_1_67' title="bbox 2124 2473 3676 2547; baseline -0.007 -14"><span class='ocrx_word' id='word_1_546' title='bbox 2124 2479 2378 2547; x_wconf 85' lang='lat' dir='ltr'><strong>Apostolo</strong></span> <span class='ocrx_word' id='word_1_547' title='bbox 2407 2479 2535 2544; x_wconf 90' lang='lat' dir='ltr'><strong>dici,</strong></span> <span class='ocrx_word' id='word_1_548' title='bbox 2565 2497 2586 2530; x_wconf 74' lang='grc' dir='ltr'><strong>ι</strong></span> <span class='ocrx_word' id='word_1_549' title='bbox 2617 2478 2671 2532; x_wconf 90' lang='lat' dir='ltr'><strong>In</strong></span> <span class='ocrx_word' id='word_1_550' title='bbox 2695 2492 2804 2547; x_wconf 87' lang='lat' dir='ltr'><strong>quo</strong></span> <span class='ocrx_word' id='word_1_551' title='bbox 2827 2491 3017 2534; x_wconf 86' lang='lat' dir='ltr'><strong>omnes</strong></span> <span class='ocrx_word' id='word_1_552' title='bbox 3040 2483 3429 2545; x_wconf 85' lang='lat' dir='ltr'><strong>peccaverunt,</strong></span> <span class='ocrx_word' id='word_1_553' title='bbox 3467 2473 3676 2536; x_wconf 60' lang='lat' dir='ltr'><strong>[etiam-</strong></span> 
     </span>
    </p>
   </div>
   <div class='ocr_carea' id='block_1_68' title="bbox 2121 2563 3676 2639">
    <p class='ocr_par' dir='ltr' id='par_1_68' title="bbox 2121 2563 3676 2639">
     <span class='ocr_line' id='line_1_68' title="bbox 2121 2563 3676 2639; baseline -0.006 -17"><span class='ocrx_word' id='word_1_554' title='bbox 2121 2567 2168 2622; x_wconf 87' lang='lat' dir='ltr'><strong>si</strong></span> <span class='ocrx_word' id='word_1_555' title='bbox 2202 2568 2474 2639; x_wconf 80' lang='lat' dir='ltr'><strong>evigilavit</strong></span> <span class='ocrx_word' id='word_1_556' title='bbox 2508 2567 2619 2622; x_wconf 82' lang='lat' dir='ltr'><strong>Noe</strong></span> <span class='ocrx_word' id='word_1_557' title='bbox 2648 2582 2678 2620; x_wconf 92' lang='lat' dir='ltr'><strong>a</strong></span> <span class='ocrx_word' id='word_1_558' title='bbox 2705 2566 2832 2622; x_wconf 91' lang='lat' dir='ltr'><strong>vino</strong></span> <span class='ocrx_word' id='word_1_559' title='bbox 2871 2581 2991 2622; x_wconf 91' lang='lat' dir='ltr'><strong>suo.</strong></span> <span class='ocrx_word' id='word_1_560' title='bbox 3020 2565 3158 2630; x_wconf 86' lang='lat' dir='ltr'><strong>Quid</strong></span> <span class='ocrx_word' id='word_1_561' title='bbox 3205 2573 3391 2617; x_wconf 90' lang='lat' dir='ltr'><strong>autem</strong></span> <span class='ocrx_word' id='word_1_562' title='bbox 3432 2563 3605 2616; x_wconf 87' lang='lat' dir='ltr'><strong>dicam</strong></span> <span class='ocrx_word' id='word_1_563' title='bbox 3629 2569 3676 2613; x_wconf 85' lang='lat' dir='ltr'><strong>et</strong></span> 
     </span>
    </p>
   </div>
   <div class='ocr_carea' id='block_1_69' title="bbox 2123 2652 3676 2717">
    <p class='ocr_par' dir='ltr' id='par_1_69' title="bbox 2123 2652 3676 2717">
     <span class='ocr_line' id='line_1_69' title="bbox 2123 2652 3676 2717; baseline -0.005 -6"><span class='ocrx_word' id='word_1_564' title='bbox 2123 2659 2189 2716; x_wconf 85' lang='lat' dir='ltr'><strong>de</strong></span> <span class='ocrx_word' id='word_1_565' title='bbox 2219 2659 2487 2713; x_wconf 83' lang='lat' dir='ltr'><strong>Abraham</strong></span> <span class='ocrx_word' id='word_1_566' title='bbox 2512 2658 2598 2713; x_wconf 91' lang='lat' dir='ltr'><strong>cui</strong></span> <span class='ocrx_word' id='word_1_567' title='bbox 2625 2657 2859 2713; x_wconf 89' lang='lat' dir='ltr'><strong>dicitur:</strong></span> <span class='ocrx_word' id='word_1_568' title='bbox 2901 2675 2920 2708; x_wconf 77' lang='grc' dir='ltr'><strong>ι</strong></span> <span class='ocrx_word' id='word_1_569' title='bbox 2954 2656 3050 2710; x_wconf 76' lang='lat' dir='ltr'><strong>Exi</strong></span> <span class='ocrx_word' id='word_1_570' title='bbox 3082 2657 3146 2710; x_wconf 91' lang='lat' dir='ltr'><strong>de</strong></span> <span class='ocrx_word' id='word_1_571' title='bbox 3181 2665 3324 2709; x_wconf 90' lang='lat' dir='ltr'><strong>terra</strong></span> <span class='ocrx_word' id='word_1_572' title='bbox 3369 2663 3494 2717; x_wconf 87' lang='lat' dir='ltr'><strong>tua,</strong></span> <span class='ocrx_word' id='word_1_573' title='bbox 3521 2661 3574 2706; x_wconf 91' lang='lat' dir='ltr'><strong>et</strong></span> <span class='ocrx_word' id='word_1_574' title='bbox 3619 2652 3676 2704; x_wconf 86' lang='lat' dir='ltr'><strong>de</strong></span> 
     </span>
    </p>
   </div>
   <div class='ocr_carea' id='block_1_70' title="bbox 2125 2741 3675 2820">
    <p class='ocr_par' dir='ltr' id='par_1_70' title="bbox 2125 2741 3675 2820">
     <span class='ocr_line' id='line_1_70' title="bbox 2125 2741 3675 2820; baseline -0.006 -16"><span class='ocrx_word' id='word_1_575' title='bbox 2125 2751 2446 2820; x_wconf 82' lang='lat' dir='ltr'><strong>cognatione</strong></span> <span class='ocrx_word' id='word_1_576' title='bbox 2498 2759 2612 2815; x_wconf 82' lang='lat' dir='ltr'><strong>tua,</strong></span> <span class='ocrx_word' id='word_1_577' title='bbox 2655 2757 2710 2804; x_wconf 89' lang='lat' dir='ltr'><strong>et</strong></span> <span class='ocrx_word' id='word_1_578' title='bbox 2757 2751 2823 2804; x_wconf 93' lang='lat' dir='ltr'><strong>de</strong></span> <span class='ocrx_word' id='word_1_579' title='bbox 2851 2749 3008 2802; x_wconf 92' lang='lat' dir='ltr'><strong>domo</strong></span> <span class='ocrx_word' id='word_1_580' title='bbox 3041 2747 3211 2816; x_wconf 87' lang='lat' dir='ltr'><strong>patris</strong></span> <span class='ocrx_word' id='word_1_581' title='bbox 3246 2746 3323 2799; x_wconf 92' lang='lat' dir='ltr'><strong>tui</strong></span> <span class='ocrx_word' id='word_1_582' title='bbox 3357 2744 3448 2798; x_wconf 67' lang='lat'><strong>&quot;‘2</strong></span> <span class='ocrx_word' id='word_1_583' title='bbox 3484 2762 3504 2795; x_wconf 78' lang='grc' dir='ltr'><strong>ι</strong></span> <span class='ocrx_word' id='word_1_584' title='bbox 3539 2741 3675 2809; x_wconf 84' lang='lat' dir='ltr'><strong>Quod</strong></span> 
     </span>
    </p>
   </div>
   <div class='ocr_carea' id='block_1_71' title="bbox 2125 2834 3674 2910">
    <p class='ocr_par' dir='ltr' id='par_1_71' title="bbox 2125 2834 3674 2910">
     <span class='ocr_line' id='line_1_71' title="bbox 2125 2834 3674 2910; baseline -0.006 -16"><span class='ocrx_word' id='word_1_585' title='bbox 2125 2841 2310 2910; x_wconf 89' lang='lat' dir='ltr'><strong>utique</strong></span> <span class='ocrx_word' id='word_1_586' title='bbox 2336 2856 2439 2895; x_wconf 90' lang='lat' dir='ltr'><strong>non</strong></span> <span class='ocrx_word' id='word_1_587' title='bbox 2464 2841 2753 2906; x_wconf 89' lang='lat' dir='ltr'><strong>diceretur,</strong></span> <span class='ocrx_word' id='word_1_588' title='bbox 2783 2839 2829 2893; x_wconf 87' lang='lat' dir='ltr'><strong>si</strong></span> <span class='ocrx_word' id='word_1_589' title='bbox 2859 2838 2912 2893; x_wconf 90' lang='lat' dir='ltr'><strong>in</strong></span> <span class='ocrx_word' id='word_1_590' title='bbox 2949 2839 3110 2892; x_wconf 90' lang='lat' dir='ltr'><strong>domo</strong></span> <span class='ocrx_word' id='word_1_591' title='bbox 3136 2837 3302 2906; x_wconf 86' lang='lat' dir='ltr'><strong>patris</strong></span> <span class='ocrx_word' id='word_1_592' title='bbox 3324 2834 3440 2888; x_wconf 89' lang='lat' dir='ltr'><strong>Deo</strong></span> <span class='ocrx_word' id='word_1_593' title='bbox 3479 2835 3674 2902; x_wconf 86' lang='lat' dir='ltr'><strong>placere</strong></span> 
     </span>
    </p>
   </div>
   <div class='ocr_carea' id='block_1_72' title="bbox 2124 2924 3676 3006">
    <p class='ocr_par' dir='ltr' id='par_1_72' title="bbox 2124 2924 3676 3006">
     <span class='ocr_line' id='line_1_72' title="bbox 2124 2924 3676 3006; baseline -0.007 -21"><span class='ocrx_word' id='word_1_594' title='bbox 2124 2930 2407 3006; x_wconf 78' lang='lat' dir='ltr'><strong>patuisset.</strong></span> <span class='ocrx_word' id='word_1_595' title='bbox 2449 2929 2555 2984; x_wconf 90' lang='lat' dir='ltr'><strong>Sed</strong></span> <span class='ocrx_word' id='word_1_596' title='bbox 2607 2944 2711 2984; x_wconf 92' lang='lat' dir='ltr'><strong>non</strong></span> <span class='ocrx_word' id='word_1_597' title='bbox 2742 2943 2876 2998; x_wconf 91' lang='lat' dir='ltr'><strong>opus</strong></span> <span class='ocrx_word' id='word_1_598' title='bbox 2901 2937 2985 2982; x_wconf 90' lang='lat' dir='ltr'><strong>est</strong></span> <span class='ocrx_word' id='word_1_599' title='bbox 3014 2942 3134 2981; x_wconf 91' lang='lat' dir='ltr'><strong>cum</strong></span> <span class='ocrx_word' id='word_1_600' title='bbox 3188 2924 3391 2996; x_wconf 80' lang='lat' dir='ltr'><strong>ingenti</strong></span> <span class='ocrx_word' id='word_1_601' title='bbox 3452 2924 3676 2993; x_wconf 88' lang='lat' dir='ltr'><strong>periculo</strong></span> 
     </span>
    </p>
   </div>
   <div class='ocr_carea' id='block_1_73' title="bbox 2126 3022 3676 3092">
    <p class='ocr_par' dir='ltr' id='par_1_73' title="bbox 2126 3022 3676 3092">
     <span class='ocr_line' id='line_1_73' title="bbox 2126 3022 3676 3092; baseline -0.007 -15"><span class='ocrx_word' id='word_1_602' title='bbox 2126 3022 2180 3077; x_wconf 89' lang='lat' dir='ltr'><strong>in</strong></span> <span class='ocrx_word' id='word_1_603' title='bbox 2207 3022 2290 3076; x_wconf 85' lang='lat' dir='ltr'><strong>his</strong></span> <span class='ocrx_word' id='word_1_604' title='bbox 2319 3022 2558 3092; x_wconf 86' lang='lat' dir='ltr'><strong>singulos</strong></span> <span class='ocrx_word' id='word_1_605' title='bbox 2585 3035 2827 3092; x_wconf 87' lang='lat' dir='ltr'><strong>quosque</strong></span> <span class='ocrx_word' id='word_1_606' title='bbox 2850 3033 3170 3076; x_wconf 87' lang='lat' dir='ltr'><strong>enumerare</strong></span> <span class='ocrx_word' id='word_1_607' title='bbox 3196 3026 3542 3081; x_wconf 82' lang='lat' dir='ltr'><strong>sanctorum,</strong></span> <span class='ocrx_word' id='word_1_608' title='bbox 3570 3030 3676 3070; x_wconf 87' lang='lat' dir='ltr'><strong>cum</strong></span> 
     </span>
    </p>
   </div>
   <div class='ocr_carea' id='block_1_74' title="bbox 2097 3106 3677 3180">
    <p class='ocr_par' dir='ltr' id='par_1_74' title="bbox 2097 3106 3677 3180">
     <span class='ocr_line' id='line_1_74' title="bbox 2097 3106 3677 3180; baseline -0.006 -13"><span class='ocrx_word' id='word_1_609' title='bbox 2097 3110 2353 3167; x_wconf 24' lang='lat' dir='ltr'><strong>isuliiciat</strong></span> <span class='ocrx_word' id='word_1_610' title='bbox 2379 3120 2435 3167; x_wconf 90' lang='lat' dir='ltr'><strong>et</strong></span> <span class='ocrx_word' id='word_1_611' title='bbox 2462 3111 2700 3178; x_wconf 89' lang='lat' dir='ltr'><strong>Apostoli</strong></span> <span class='ocrx_word' id='word_1_612' title='bbox 2747 3111 3014 3166; x_wconf 90' lang='lat' dir='ltr'><strong>sententia</strong></span> <span class='ocrx_word' id='word_1_613' title='bbox 3049 3124 3166 3180; x_wconf 73' lang='lat' dir='ltr'><strong>qua:</strong></span> <span class='ocrx_word' id='word_1_614' title='bbox 3217 3116 3456 3165; x_wconf 88' lang='lat' dir='ltr'><strong>mortem</strong></span> <span class='ocrx_word' id='word_1_615' title='bbox 3483 3106 3677 3161; x_wconf 88' lang='lat' dir='ltr'><strong>dicitin</strong></span> 
     </span>
    </p>
   </div>
   <div class='ocr_carea' id='block_1_75' title="bbox 2128 3195 3676 3276">
    <p class='ocr_par' dir='ltr' id='par_1_75' title="bbox 2128 3195 3676 3276">
     <span class='ocr_line' id='line_1_75' title="bbox 2128 3195 3676 3276; baseline -0.005 -22"><span class='ocrx_word' id='word_1_616' title='bbox 2128 3216 2316 3257; x_wconf 91' lang='lat' dir='ltr'><strong>omnes</strong></span> <span class='ocrx_word' id='word_1_617' title='bbox 2359 3203 2602 3258; x_wconf 87' lang='lat' dir='ltr'><strong>homines</strong></span> <span class='ocrx_word' id='word_1_618' title='bbox 2645 3202 3022 3272; x_wconf 89' lang='lat' dir='ltr'><strong>pertransisse,</strong></span> <span class='ocrx_word' id='word_1_619' title='bbox 3070 3211 3126 3254; x_wconf 92' lang='lat' dir='ltr'><strong>et</strong></span> <span class='ocrx_word' id='word_1_620' title='bbox 3175 3199 3319 3254; x_wconf 91' lang='lat' dir='ltr'><strong>illius</strong></span> <span class='ocrx_word' id='word_1_621' title='bbox 3366 3198 3470 3268; x_wconf 90' lang='lat' dir='ltr'><strong>qui</strong></span> <span class='ocrx_word' id='word_1_622' title='bbox 3503 3195 3676 3276; x_wconf 74' lang='lat' dir='ltr'><strong>dixit;</strong></span> 
     </span>
    </p>
   </div>
   <div class='ocr_carea' id='block_1_76' title="bbox 2131 3287 3679 3360">
    <p class='ocr_par' dir='ltr' id='par_1_76' title="bbox 2131 3287 3679 3360">
     <span class='ocr_line' id='line_1_76' title="bbox 2131 3287 3679 3360; baseline -0.006 -12"><span class='ocrx_word' id='word_1_623' title='bbox 2131 3313 2152 3348; x_wconf 71' lang='grc' dir='ltr'><strong>ι</strong></span> <span class='ocrx_word' id='word_1_624' title='bbox 2192 3294 2359 3350; x_wconf 82' lang='lat' dir='ltr'><strong>Nemo</strong></span> <span class='ocrx_word' id='word_1_625' title='bbox 2402 3295 2632 3351; x_wconf 90' lang='lat' dir='ltr'><strong>mundus</strong></span> <span class='ocrx_word' id='word_1_626' title='bbox 2673 3310 2704 3349; x_wconf 90' lang='lat' dir='ltr'><strong>a</strong></span> <span class='ocrx_word' id='word_1_627' title='bbox 2732 3295 2910 3360; x_wconf 86' lang='lat' dir='ltr'><strong>sorde,</strong></span> <span class='ocrx_word' id='word_1_628' title='bbox 2939 3294 3148 3349; x_wconf 88' lang='lat' dir='ltr'><strong>etiamsi</strong></span> <span class='ocrx_word' id='word_1_629' title='bbox 3204 3292 3361 3346; x_wconf 90' lang='lat' dir='ltr'><strong>unius</strong></span> <span class='ocrx_word' id='word_1_630' title='bbox 3389 3291 3506 3345; x_wconf 90' lang='lat' dir='ltr'><strong>diei</strong></span> <span class='ocrx_word' id='word_1_631' title='bbox 3536 3287 3679 3342; x_wconf 81' lang='lat' dir='ltr'><strong>fuerit</strong></span> 
     </span>
    </p>
   </div>
   <div class='ocr_carea' id='block_1_77' title="bbox 2125 3382 3678 3456">
    <p class='ocr_par' dir='ltr' id='par_1_77' title="bbox 2125 3382 3678 3456">
     <span class='ocr_line' id='line_1_77' title="bbox 2125 3382 3678 3456; baseline -0.005 -17"><span class='ocrx_word' id='word_1_632' title='bbox 2125 3387 2231 3440; x_wconf 89' lang='lat' dir='ltr'><strong>vita</strong></span> <span class='ocrx_word' id='word_1_633' title='bbox 2263 3385 2376 3456; x_wconf 80' lang='lat' dir='ltr'><strong>ejus</strong></span> <span class='ocrx_word' id='word_1_634' title='bbox 2404 3387 2470 3443; x_wconf 78' lang='lat'><strong>&quot;.</strong></span> <span class='ocrx_word' id='word_1_635' title='bbox 2505 3406 2524 3438; x_wconf 71' lang='grc' dir='ltr'><strong>ι</strong></span> <span class='ocrx_word' id='word_1_636' title='bbox 2562 3385 2668 3442; x_wconf 89' lang='lat' dir='ltr'><strong>Sed</strong></span> <span class='ocrx_word' id='word_1_637' title='bbox 2720 3386 2824 3440; x_wconf 90' lang='lat' dir='ltr'><strong>ista</strong></span> <span class='ocrx_word' id='word_1_638' title='bbox 2851 3400 3001 3441; x_wconf 91' lang='lat' dir='ltr'><strong>mors</strong></span> <span class='ocrx_word' id='word_1_639' title='bbox 3027 3384 3231 3452; x_wconf 84' lang='lat' dir='ltr'><strong>peccati</strong></span> <span class='ocrx_word' id='word_1_640' title='bbox 3261 3397 3381 3452; x_wconf 77' lang='lat' dir='ltr'><strong>qua:</strong></span> <span class='ocrx_word' id='word_1_641' title='bbox 3415 3382 3480 3436; x_wconf 86' lang='lat' dir='ltr'><strong>in</strong></span> <span class='ocrx_word' id='word_1_642' title='bbox 3509 3393 3678 3435; x_wconf 81' lang='lat' dir='ltr'><strong>omnes</strong></span> 
     </span>
    </p>
   </div>
   <div class='ocr_carea' id='block_1_78' title="bbox 2128 3474 3677 3546">
    <p class='ocr_par' dir='ltr' id='par_1_78' title="bbox 2128 3474 3677 3546">
     <span class='ocr_line' id='line_1_78' title="bbox 2128 3474 3677 3546; baseline -0.007 -13"><span class='ocrx_word' id='word_1_643' title='bbox 2128 3478 2457 3546; x_wconf 85' lang='lat' dir='ltr'><strong>pertransiit,</strong></span> <span class='ocrx_word' id='word_1_644' title='bbox 2513 3493 2636 3532; x_wconf 90' lang='lat' dir='ltr'><strong>cum</strong></span> <span class='ocrx_word' id='word_1_645' title='bbox 2679 3477 2921 3532; x_wconf 90' lang='lat' dir='ltr'><strong>venisset</strong></span> <span class='ocrx_word' id='word_1_646' title='bbox 2959 3477 3026 3529; x_wconf 89' lang='lat' dir='ltr'><strong>ad</strong></span> <span class='ocrx_word' id='word_1_647' title='bbox 3062 3474 3267 3542; x_wconf 81' lang='lat' dir='ltr'><strong>Jesum,</strong></span> <span class='ocrx_word' id='word_1_648' title='bbox 3313 3483 3369 3528; x_wconf 91' lang='lat' dir='ltr'><strong>et</strong></span> <span class='ocrx_word' id='word_1_649' title='bbox 3425 3480 3677 3528; x_wconf 85' lang='lat' dir='ltr'><strong>tentasset</strong></span> 
     </span>
    </p>
   </div>
   <div class='ocr_carea' id='block_1_79' title="bbox 2126 3563 3680 3640">
    <p class='ocr_par' dir='ltr' id='par_1_79' title="bbox 2126 3563 3680 3640">
     <span class='ocr_line' id='line_1_79' title="bbox 2126 3563 3680 3640; baseline -0.007 -15"><span class='ocrx_word' id='word_1_650' title='bbox 2126 3585 2249 3626; x_wconf 90' lang='lat' dir='ltr'><strong>eum</strong></span> <span class='ocrx_word' id='word_1_651' title='bbox 2285 3570 2567 3640; x_wconf 79' lang='lat' dir='ltr'><strong>perforare</strong></span> <span class='ocrx_word' id='word_1_652' title='bbox 2614 3569 2805 3624; x_wconf 90' lang='lat' dir='ltr'><strong>aculeo</strong></span> <span class='ocrx_word' id='word_1_653' title='bbox 2845 3566 2980 3636; x_wconf 72' lang='grc' dir='ltr'><strong>δυο(</strong></span> <span class='ocrx_word' id='word_1_654' title='bbox 3015 3585 3033 3618; x_wconf 78' lang='lat' dir='ltr'><strong>t</strong></span> <span class='ocrx_word' id='word_1_655' title='bbox 3057 3565 3274 3621; x_wconf 85' lang='lat' dir='ltr'><strong>aculeus</strong></span> <span class='ocrx_word' id='word_1_656' title='bbox 3317 3563 3471 3619; x_wconf 87' lang='lat' dir='ltr'><strong>enim</strong></span> <span class='ocrx_word' id='word_1_657' title='bbox 3507 3564 3680 3618; x_wconf 83' lang='lat' dir='ltr'><strong>mortis</strong></span> 
     </span>
    </p>
   </div>
   <div class='ocr_carea' id='block_1_80' title="bbox 2127 3653 3679 3734">
    <p class='ocr_par' dir='ltr' id='par_1_80' title="bbox 2127 3653 3679 3734">
     <span class='ocr_line' id='line_1_80' title="bbox 2127 3653 3679 3734; baseline -0.007 -17"><span class='ocrx_word' id='word_1_658' title='bbox 2127 3671 2404 3734; x_wconf 89' lang='lat' dir='ltr'><strong>peccatum</strong></span> <span class='ocrx_word' id='word_1_659' title='bbox 2438 3670 2525 3716; x_wconf 90' lang='lat' dir='ltr'><strong>est</strong></span> <span class='ocrx_word' id='word_1_660' title='bbox 2547 3660 2593 3691; x_wconf 81' lang='lat'><strong>“</strong></span> <span class='ocrx_word' id='word_1_661' title='bbox 2623 3674 2641 3707; x_wconf 75' lang='grc' dir='ltr'><strong>ι</strong></span> <span class='ocrx_word' id='word_1_662' title='bbox 2671 3655 2691 3726; x_wconf 91' lang='grc'><strong>)</strong></span> <span class='ocrx_word' id='word_1_663' title='bbox 2731 3659 2943 3730; x_wconf 86' lang='lat' dir='ltr'><strong>repulsa</strong></span> <span class='ocrx_word' id='word_1_664' title='bbox 2993 3669 3075 3713; x_wconf 92' lang='lat' dir='ltr'><strong>est</strong></span> <span class='ocrx_word' id='word_1_665' title='bbox 3128 3666 3182 3712; x_wconf 92' lang='lat' dir='ltr'><strong>et</strong></span> <span class='ocrx_word' id='word_1_666' title='bbox 3235 3654 3530 3711; x_wconf 84' lang='lat' dir='ltr'><strong>confracta</strong></span> <span class='ocrx_word' id='word_1_667' title='bbox 3561 3653 3679 3724; x_wconf 64' lang='lat' dir='ltr'><strong>(Si).</strong></span> 
     </span>
    </p>
   </div>
   <div class='ocr_carea' id='block_1_81' title="bbox 2133 3749 3680 3818">
    <p class='ocr_par' dir='ltr' id='par_1_81' title="bbox 2133 3749 3680 3818">
     <span class='ocr_line' id='line_1_81' title="bbox 2133 3749 3680 3818; baseline -0.006 -12"><span class='ocrx_word' id='word_1_668' title='bbox 2133 3774 2152 3806; x_wconf 69' lang='grc' dir='ltr'><strong>ι</strong></span> <span class='ocrx_word' id='word_1_669' title='bbox 2192 3755 2310 3810; x_wconf 78' lang='lat' dir='ltr'><strong>Vita</strong></span> <span class='ocrx_word' id='word_1_670' title='bbox 2348 3773 2368 3806; x_wconf 76' lang='grc' dir='ltr'><strong>ι</strong></span> <span class='ocrx_word' id='word_1_671' title='bbox 2401 3754 2542 3808; x_wconf 90' lang='lat' dir='ltr'><strong>enim</strong></span> <span class='ocrx_word' id='word_1_672' title='bbox 2588 3769 2608 3803; x_wconf 76' lang='grc' dir='ltr'><strong>ι</strong></span> <span class='ocrx_word' id='word_1_673' title='bbox 2644 3761 2760 3806; x_wconf 85' lang='lat' dir='ltr'><strong>erat</strong></span> <span class='ocrx_word' id='word_1_674' title='bbox 2787 3751 2854 3818; x_wconf 82' lang='grc'><strong>⁸⁸,</strong></span> <span class='ocrx_word' id='word_1_675' title='bbox 2886 3771 2905 3804; x_wconf 76' lang='grc' dir='ltr'><strong>ι</strong></span> <span class='ocrx_word' id='word_1_676' title='bbox 2943 3759 2998 3804; x_wconf 88' lang='lat' dir='ltr'><strong>et</strong></span> <span class='ocrx_word' id='word_1_677' title='bbox 3044 3764 3188 3804; x_wconf 90' lang='lat' dir='ltr'><strong>mors</strong></span> <span class='ocrx_word' id='word_1_678' title='bbox 3231 3749 3548 3803; x_wconf 81' lang='lat' dir='ltr'><strong>necessario</strong></span> <span class='ocrx_word' id='word_1_679' title='bbox 3594 3760 3680 3798; x_wconf 78' lang='lat' dir='ltr'><strong>ex-</strong></span> 
     </span>
    </p>
   </div>
   <div class='ocr_carea' id='block_1_82' title="bbox 2130 3836 3681 3911">
    <p class='ocr_par' dir='ltr' id='par_1_82' title="bbox 2130 3836 3681 3911">
     <span class='ocr_line' id='line_1_82' title="bbox 2130 3836 3681 3911; baseline -0.007 -8"><span class='ocrx_word' id='word_1_680' title='bbox 2130 3849 2526 3904; x_wconf 89' lang='lat' dir='ltr'><strong>terminabatur</strong></span> <span class='ocrx_word' id='word_1_681' title='bbox 2553 3863 2583 3900; x_wconf 93' lang='lat' dir='ltr'><strong>a</strong></span> <span class='ocrx_word' id='word_1_682' title='bbox 2615 3846 2761 3911; x_wconf 85' lang='lat' dir='ltr'><strong>vita;</strong></span> <span class='ocrx_word' id='word_1_683' title='bbox 2794 3855 2849 3900; x_wconf 91' lang='lat' dir='ltr'><strong>et</strong></span> <span class='ocrx_word' id='word_1_684' title='bbox 2879 3855 3002 3900; x_wconf 89' lang='lat' dir='ltr'><strong>tunc</strong></span> <span class='ocrx_word' id='word_1_685' title='bbox 3035 3844 3099 3898; x_wconf 92' lang='lat' dir='ltr'><strong>ad</strong></span> <span class='ocrx_word' id='word_1_686' title='bbox 3127 3858 3244 3898; x_wconf 91' lang='lat' dir='ltr'><strong>eam</strong></span> <span class='ocrx_word' id='word_1_687' title='bbox 3274 3841 3521 3896; x_wconf 85' lang='lat' dir='ltr'><strong>dicitur:</strong></span> <span class='ocrx_word' id='word_1_688' title='bbox 3553 3859 3570 3891; x_wconf 78' lang='grc' dir='ltr'><strong>ι</strong></span> <span class='ocrx_word' id='word_1_689' title='bbox 3595 3836 3681 3893; x_wconf 88' lang='lat' dir='ltr'><strong>Ubi</strong></span> 
     </span>
    </p>
   </div>
   <div class='ocr_carea' id='block_1_83' title="bbox 2127 3931 3681 4008">
    <p class='ocr_par' dir='ltr' id='par_1_83' title="bbox 2127 3931 3681 4008">
     <span class='ocr_line' id='line_1_83' title="bbox 2127 3931 3681 4008; baseline -0.01 -12"><span class='ocrx_word' id='word_1_690' title='bbox 2127 3950 2234 4008; x_wconf 88' lang='lat' dir='ltr'><strong>est,</strong></span> <span class='ocrx_word' id='word_1_691' title='bbox 2264 3955 2434 4006; x_wconf 90' lang='lat' dir='ltr'><strong>mors,</strong></span> <span class='ocrx_word' id='word_1_692' title='bbox 2467 3939 2686 3994; x_wconf 88' lang='lat' dir='ltr'><strong>aculeus</strong></span> <span class='ocrx_word' id='word_1_693' title='bbox 2735 3936 2894 3992; x_wconf 88' lang='lat' dir='ltr'><strong>tuus?</strong></span> <span class='ocrx_word' id='word_1_694' title='bbox 2959 3937 3048 3991; x_wconf 89' lang='lat' dir='ltr'><strong>ubi</strong></span> <span class='ocrx_word' id='word_1_695' title='bbox 3110 3945 3212 4002; x_wconf 89' lang='lat' dir='ltr'><strong>est,</strong></span> <span class='ocrx_word' id='word_1_696' title='bbox 3251 3948 3423 3997; x_wconf 89' lang='lat' dir='ltr'><strong>mors,</strong></span> <span class='ocrx_word' id='word_1_697' title='bbox 3471 3931 3681 3986; x_wconf 79' lang='lat' dir='ltr'><strong>victoria</strong></span> 
     </span>
    </p>
   </div>
   <div class='ocr_carea' id='block_1_84' title="bbox 2131 4021 3680 4100">
    <p class='ocr_par' dir='ltr' id='par_1_84' title="bbox 2131 4021 3680 4100">
     <span class='ocr_line' id='line_1_84' title="bbox 2131 4021 3680 4100; baseline -0.008 -16"><span class='ocrx_word' id='word_1_698' title='bbox 2131 4040 2220 4084; x_wconf 85' lang='lat' dir='ltr'><strong>tua</strong></span> <span class='ocrx_word' id='word_1_699' title='bbox 2248 4032 2332 4085; x_wconf 79' lang='lat'><strong>“?</strong></span> <span class='ocrx_word' id='word_1_700' title='bbox 2371 4051 2389 4083; x_wconf 82' lang='grc' dir='ltr'><strong>ι</strong></span> <span class='ocrx_word' id='word_1_701' title='bbox 2421 4032 2629 4087; x_wconf 85' lang='lat' dir='ltr'><strong>idcirco</strong></span> <span class='ocrx_word' id='word_1_702' title='bbox 2665 4031 2809 4084; x_wconf 91' lang='lat' dir='ltr'><strong>enim</strong></span> <span class='ocrx_word' id='word_1_703' title='bbox 2835 4029 2962 4100; x_wconf 91' lang='lat' dir='ltr'><strong>quia</strong></span> <span class='ocrx_word' id='word_1_704' title='bbox 2991 4042 3180 4084; x_wconf 90' lang='lat' dir='ltr'><strong>omnes</strong></span> <span class='ocrx_word' id='word_1_705' title='bbox 3208 4027 3441 4091; x_wconf 88' lang='lat' dir='ltr'><strong>vicerat,</strong></span> <span class='ocrx_word' id='word_1_706' title='bbox 3501 4024 3588 4077; x_wconf 89' lang='lat' dir='ltr'><strong>hic</strong></span> <span class='ocrx_word' id='word_1_707' title='bbox 3610 4021 3680 4073; x_wconf 86' lang='lat' dir='ltr'><strong>di-</strong></span> 
     </span>
    </p>
   </div>
   <div class='ocr_carea' id='block_1_85' title="bbox 2128 4111 3683 4186">
    <p class='ocr_par' dir='ltr' id='par_1_85' title="bbox 2128 4111 3683 4186">
     <span class='ocr_line' id='line_1_85' title="bbox 2128 4111 3683 4186; baseline -0.008 -10"><span class='ocrx_word' id='word_1_708' title='bbox 2128 4122 2270 4176; x_wconf 90' lang='lat' dir='ltr'><strong>citur</strong></span> <span class='ocrx_word' id='word_1_709' title='bbox 2293 4121 2358 4176; x_wconf 89' lang='lat' dir='ltr'><strong>ad</strong></span> <span class='ocrx_word' id='word_1_710' title='bbox 2383 4138 2501 4176; x_wconf 87' lang='lat' dir='ltr'><strong>eam</strong></span> <span class='ocrx_word' id='word_1_711' title='bbox 2531 4141 2545 4177; x_wconf 85' lang='lat'><strong>:</strong></span> <span class='ocrx_word' id='word_1_712' title='bbox 2580 4136 2604 4175; x_wconf 70' lang='grc' dir='ltr'><strong>ι</strong></span> <span class='ocrx_word' id='word_1_713' title='bbox 2640 4121 2741 4176; x_wconf 92' lang='lat' dir='ltr'><strong>Ubi</strong></span> <span class='ocrx_word' id='word_1_714' title='bbox 2770 4131 2873 4186; x_wconf 90' lang='lat' dir='ltr'><strong>est,</strong></span> <span class='ocrx_word' id='word_1_715' title='bbox 2912 4135 3083 4186; x_wconf 87' lang='lat' dir='ltr'><strong>mors,</strong></span> <span class='ocrx_word' id='word_1_716' title='bbox 3111 4117 3338 4173; x_wconf 88' lang='lat' dir='ltr'><strong>victoria</strong></span> <span class='ocrx_word' id='word_1_717' title='bbox 3367 4115 3505 4169; x_wconf 82' lang='lat' dir='ltr'><strong>tua?</strong></span> <span class='ocrx_word' id='word_1_718' title='bbox 3541 4133 3558 4165; x_wconf 81' lang='grc' dir='ltr'><strong>ι</strong></span> <span class='ocrx_word' id='word_1_719' title='bbox 3591 4111 3683 4165; x_wconf 82' lang='lat' dir='ltr'><strong>Sed</strong></span> 
     </span>
    </p>
   </div>
   <div class='ocr_carea' id='block_1_86' title="bbox 2128 4207 3680 4284">
    <p class='ocr_par' dir='ltr' id='par_1_86' title="bbox 2128 4207 3680 4284">
     <span class='ocr_line' id='line_1_86' title="bbox 2128 4207 3680 4284; baseline -0.01 -13"><span class='ocrx_word' id='word_1_720' title='bbox 2128 4223 2184 4266; x_wconf 87' lang='lat' dir='ltr'><strong>et</strong></span> <span class='ocrx_word' id='word_1_721' title='bbox 2221 4215 2362 4284; x_wconf 85' lang='lat' dir='ltr'><strong>quod</strong></span> <span class='ocrx_word' id='word_1_722' title='bbox 2395 4224 2675 4284; x_wconf 90' lang='lat' dir='ltr'><strong>peccatum</strong></span> <span class='ocrx_word' id='word_1_723' title='bbox 2714 4213 2935 4284; x_wconf 89' lang='lat' dir='ltr'><strong>quidem</strong></span> <span class='ocrx_word' id='word_1_724' title='bbox 2971 4225 3076 4266; x_wconf 90' lang='lat' dir='ltr'><strong>non</strong></span> <span class='ocrx_word' id='word_1_725' title='bbox 3109 4209 3244 4266; x_wconf 86' lang='lat' dir='ltr'><strong>dixit</strong></span> <span class='ocrx_word' id='word_1_726' title='bbox 3281 4210 3332 4263; x_wconf 90' lang='lat' dir='ltr'><strong>in</strong></span> <span class='ocrx_word' id='word_1_727' title='bbox 3371 4221 3568 4262; x_wconf 87' lang='lat' dir='ltr'><strong>omnes</strong></span> <span class='ocrx_word' id='word_1_728' title='bbox 3595 4207 3680 4257; x_wconf 89' lang='lat' dir='ltr'><strong>ho-</strong></span> 
     </span>
    </p>
   </div>
   <div class='ocr_carea' id='block_1_87' title="bbox 2131 4304 3683 4374">
    <p class='ocr_par' dir='ltr' id='par_1_87' title="bbox 2131 4304 3683 4374">
     <span class='ocr_line' id='line_1_87' title="bbox 2131 4304 3683 4374; baseline -0.01 -12"><span class='ocrx_word' id='word_1_729' title='bbox 2131 4309 2325 4374; x_wconf 90' lang='lat' dir='ltr'><strong>mines,</strong></span> <span class='ocrx_word' id='word_1_730' title='bbox 2347 4310 2440 4364; x_wconf 91' lang='lat' dir='ltr'><strong>sed</strong></span> <span class='ocrx_word' id='word_1_731' title='bbox 2467 4325 2486 4360; x_wconf 70' lang='grc'><strong>(</strong></span> <span class='ocrx_word' id='word_1_732' title='bbox 2521 4309 2575 4362; x_wconf 91' lang='lat' dir='ltr'><strong>in</strong></span> <span class='ocrx_word' id='word_1_733' title='bbox 2612 4308 2869 4363; x_wconf 88' lang='lat' dir='ltr'><strong>mundum</strong></span> <span class='ocrx_word' id='word_1_734' title='bbox 2899 4325 2919 4359; x_wconf 77' lang='grc' dir='ltr'><strong>ι</strong></span> <span class='ocrx_word' id='word_1_735' title='bbox 2952 4304 3208 4360; x_wconf 88' lang='lat' dir='ltr'><strong>introisse</strong></span> <span class='ocrx_word' id='word_1_736' title='bbox 3239 4319 3252 4354; x_wconf 89' lang='lat'>:</span> <span class='ocrx_word' id='word_1_737' title='bbox 3286 4309 3527 4354; x_wconf 86' lang='lat' dir='ltr'><strong>mortem</strong></span> <span class='ocrx_word' id='word_1_738' title='bbox 3570 4307 3683 4349; x_wconf 89' lang='lat' dir='ltr'><strong>vero</strong></span> 
     </span>
    </p>
   </div>
   <div class='ocr_carea' id='block_1_88' title="bbox 2130 4393 3682 4464">
    <p class='ocr_par' dir='ltr' id='par_1_88' title="bbox 2130 4393 3682 4464">
     <span class='ocr_line' id='line_1_88' title="bbox 2130 4393 3682 4464; baseline -0.01 -10"><span class='ocrx_word' id='word_1_739' title='bbox 2130 4415 2237 4460; x_wconf 86' lang='lat' dir='ltr'><strong>non</strong></span> <span class='ocrx_word' id='word_1_740' title='bbox 2265 4401 2317 4454; x_wconf 90' lang='lat' dir='ltr'><strong>in</strong></span> <span class='ocrx_word' id='word_1_741' title='bbox 2348 4401 2628 4464; x_wconf 87' lang='lat' dir='ltr'><strong>mundum,</strong></span> <span class='ocrx_word' id='word_1_742' title='bbox 2659 4399 2752 4454; x_wconf 91' lang='lat' dir='ltr'><strong>sed</strong></span> <span class='ocrx_word' id='word_1_743' title='bbox 2787 4417 2806 4450; x_wconf 76' lang='grc' dir='ltr'><strong>ι</strong></span> <span class='ocrx_word' id='word_1_744' title='bbox 2843 4399 2895 4452; x_wconf 91' lang='lat' dir='ltr'><strong>in</strong></span> <span class='ocrx_word' id='word_1_745' title='bbox 2923 4411 3114 4452; x_wconf 91' lang='lat' dir='ltr'><strong>omnes</strong></span> <span class='ocrx_word' id='word_1_746' title='bbox 3148 4393 3418 4456; x_wconf 85' lang='lat' dir='ltr'><strong>homines,</strong></span> <span class='ocrx_word' id='word_1_747' title='bbox 3463 4411 3484 4444; x_wconf 74' lang='grc' dir='ltr'><strong>ι</strong></span> <span class='ocrx_word' id='word_1_748' title='bbox 3517 4400 3568 4444; x_wconf 91' lang='lat' dir='ltr'><strong>et</strong></span> <span class='ocrx_word' id='word_1_749' title='bbox 3589 4403 3682 4442; x_wconf 86' lang='lat' dir='ltr'><strong>non</strong></span> 
     </span>
    </p>
   </div>
   <div class='ocr_carea' id='block_1_89' title="bbox 2130 4479 3681 4560">
    <p class='ocr_par' dir='ltr' id='par_1_89' title="bbox 2130 4479 3681 4560">
     <span class='ocr_line' id='line_1_89' title="bbox 2130 4479 3681 4560; baseline -0.012 -14"><span class='ocrx_word' id='word_1_750' title='bbox 2130 4491 2406 4555; x_wconf 87' lang='lat' dir='ltr'><strong>introisse,</strong></span> <span class='ocrx_word' id='word_1_751' title='bbox 2443 4491 2535 4545; x_wconf 87' lang='lat' dir='ltr'><strong>sed</strong></span> <span class='ocrx_word' id='word_1_752' title='bbox 2575 4489 2978 4560; x_wconf 88' lang='lat' dir='ltr'><strong>pertransisse:</strong></span> <span class='ocrx_word' id='word_1_753' title='bbox 3011 4501 3118 4541; x_wconf 90' lang='lat' dir='ltr'><strong>non</strong></span> <span class='ocrx_word' id='word_1_754' title='bbox 3161 4494 3290 4553; x_wconf 91' lang='lat' dir='ltr'><strong>puto</strong></span> <span class='ocrx_word' id='word_1_755' title='bbox 3316 4481 3465 4551; x_wconf 88' lang='lat' dir='ltr'><strong>quod</strong></span> <span class='ocrx_word' id='word_1_756' title='bbox 3499 4479 3681 4534; x_wconf 76' lang='lat' dir='ltr'><strong>frustra</strong></span> 
     </span>
    </p>
   </div>
   <div class='ocr_carea' id='block_1_90' title="bbox 473 4565 3686 4666">
    <p class='ocr_par' dir='ltr' id='par_1_90' title="bbox 473 4565 3686 4666">
     <span class='ocr_line' id='line_1_90' title="bbox 473 4565 3686 4666; baseline -0.005 -24"><span class='ocrx_word' id='word_1_757' title='bbox 473 4607 494 4642; x_wconf 82' lang='grc'>‹</span> <span class='ocrx_word' id='word_1_758' title='bbox 543 4590 746 4648; x_wconf 83' lang='lat' dir='ltr'><strong>Omnes</strong></span> <span class='ocrx_word' id='word_1_759' title='bbox 794 4565 942 4646; x_wconf 75' lang='lat' dir='ltr'><strong>enim</strong></span> <span class='ocrx_word' id='word_1_760' title='bbox 997 4565 1378 4662; x_wconf 48' lang='lat' dir='ltr'><strong>peccaverunt,</strong></span> <span class='ocrx_word' id='word_1_761' title='bbox 1437 4615 1458 4648; x_wconf 70' lang='grc' dir='ltr'><strong>ι</strong></span> <span class='ocrx_word' id='word_1_762' title='bbox 1502 4565 1611 4650; x_wconf 73' lang='grc' dir='ltr'>(ξυι-</span> <span class='ocrx_word' id='word_1_763' title='bbox 1662 4596 1805 4650; x_wconf 70' lang='lat' dir='ltr'><strong>enim</strong></span> <span class='ocrx_word' id='word_1_764' title='bbox 1848 4614 1868 4648; x_wconf 65' lang='grc' dir='ltr'><em>ς</em></span> <span class='ocrx_word' id='word_1_765' title='bbox 1907 4565 2030 4666; x_wconf 46' lang='lat' dir='ltr'><strong>post</strong></span> <span class='ocrx_word' id='word_1_766' title='bbox 2063 4599 2105 4654; x_wconf 79' lang='grc' dir='ltr'>ι)</span> <span class='ocrx_word' id='word_1_767' title='bbox 2134 4582 2236 4636; x_wconf 89' lang='lat' dir='ltr'><strong>hac</strong></span> <span class='ocrx_word' id='word_1_768' title='bbox 2280 4581 2594 4635; x_wconf 87' lang='lat' dir='ltr'><strong>diversitate</strong></span> <span class='ocrx_word' id='word_1_769' title='bbox 2646 4595 2774 4634; x_wconf 92' lang='lat' dir='ltr'><strong>usus</strong></span> <span class='ocrx_word' id='word_1_770' title='bbox 2822 4579 2894 4633; x_wconf 89' lang='lat' dir='ltr'><strong>sit</strong></span> <span class='ocrx_word' id='word_1_771' title='bbox 2945 4576 3168 4632; x_wconf 86' lang='lat' dir='ltr'><strong>Paulus.</strong></span> <span class='ocrx_word' id='word_1_772' title='bbox 3227 4573 3489 4627; x_wconf 88' lang='lat' dir='ltr'><strong>Arbitror</strong></span> <span class='ocrx_word' id='word_1_773' title='bbox 3558 4565 3686 4638; x_wconf 77' lang='lat' dir='ltr'><strong>quod</strong></span> 
     </span>
    </p>
   </div>
   <div class='ocr_carea' id='block_1_91' title="bbox 469 4683 2028 4756">
    <p class='ocr_par' dir='ltr' id='par_1_91' title="bbox 469 4683 2028 4756">
     <span class='ocr_line' id='line_1_91' title="bbox 469 4683 2028 4756; baseline 0.003 -19"><span class='ocrx_word' id='word_1_774' title='bbox 469 4683 584 4737; x_wconf 89' lang='lat' dir='ltr'><strong>dies</strong></span> <span class='ocrx_word' id='word_1_775' title='bbox 615 4702 635 4739; x_wconf 78' lang='grc' dir='ltr'><strong>ι</strong></span> <span class='ocrx_word' id='word_1_776' title='bbox 665 4684 882 4746; x_wconf 89' lang='lat' dir='ltr'><strong>obtulit,</strong></span> <span class='ocrx_word' id='word_1_777' title='bbox 917 4694 972 4739; x_wconf 91' lang='lat' dir='ltr'><strong>et</strong></span> <span class='ocrx_word' id='word_1_778' title='bbox 1004 4693 1123 4754; x_wconf 88' lang='lat' dir='ltr'><strong>post</strong></span> <span class='ocrx_word' id='word_1_779' title='bbox 1152 4684 1283 4740; x_wconf 87' lang='lat' dir='ltr'><strong>Cain</strong></span> <span class='ocrx_word' id='word_1_780' title='bbox 1318 4685 1429 4756; x_wconf 71' lang='grc'><strong>(49)</strong></span> <span class='ocrx_word' id='word_1_781' title='bbox 1457 4687 1650 4742; x_wconf 86' lang='lat' dir='ltr'><strong>obtulit</strong></span> <span class='ocrx_word' id='word_1_782' title='bbox 1694 4687 1930 4742; x_wconf 87' lang='lat' dir='ltr'><strong>hostiam</strong></span> <span class='ocrx_word' id='word_1_783' title='bbox 1959 4701 2028 4748; x_wconf 81' lang='lat' dir='ltr'><strong>ex</strong></span> 
     </span>
    </p>
   </div>
   <div class='ocr_carea' id='block_1_92' title="bbox 471 4775 2028 4846">
    <p class='ocr_par' dir='ltr' id='par_1_92' title="bbox 471 4775 2028 4846">
     <span class='ocr_line' id='line_1_92' title="bbox 471 4775 2028 4846; baseline 0.001 -18"><span class='ocrx_word' id='word_1_784' title='bbox 471 4775 842 4845; x_wconf 82' lang='lat' dir='ltr'><strong>primogenitis</strong></span> <span class='ocrx_word' id='word_1_785' title='bbox 867 4775 933 4842; x_wconf 79' lang='lat'><strong>”,</strong></span> <span class='ocrx_word' id='word_1_786' title='bbox 957 4786 1012 4830; x_wconf 94' lang='lat' dir='ltr'><strong>et</strong></span> <span class='ocrx_word' id='word_1_787' title='bbox 1035 4792 1138 4831; x_wconf 90' lang='lat' dir='ltr'><strong>non</strong></span> <span class='ocrx_word' id='word_1_788' title='bbox 1178 4785 1302 4832; x_wconf 90' lang='lat' dir='ltr'><strong>ante</strong></span> <span class='ocrx_word' id='word_1_789' title='bbox 1342 4777 1540 4846; x_wconf 89' lang='lat' dir='ltr'><strong>ipsum,</strong></span> <span class='ocrx_word' id='word_1_790' title='bbox 1577 4787 1633 4832; x_wconf 92' lang='lat' dir='ltr'><strong>et</strong></span> <span class='ocrx_word' id='word_1_791' title='bbox 1668 4793 1777 4832; x_wconf 88' lang='lat' dir='ltr'><strong>non</strong></span> <span class='ocrx_word' id='word_1_792' title='bbox 1809 4777 2028 4832; x_wconf 79' lang='lat' dir='ltr'><strong>statim?</strong></span> 
     </span>
    </p>
   </div>
   <div class='ocr_carea' id='block_1_93' title="bbox 474 4867 2027 4939">
    <p class='ocr_par' dir='ltr' id='par_1_93' title="bbox 474 4867 2027 4939">
     <span class='ocr_line' id='line_1_93' title="bbox 474 4867 2027 4939; baseline 0.003 -19"><span class='ocrx_word' id='word_1_793' title='bbox 474 4868 645 4922; x_wconf 75' lang='lat' dir='ltr'><strong>Etiam</strong></span> <span class='ocrx_word' id='word_1_794' title='bbox 690 4869 736 4922; x_wconf 88' lang='lat' dir='ltr'><strong>si</strong></span> <span class='ocrx_word' id='word_1_795' title='bbox 780 4867 926 4923; x_wconf 85' lang='lat' dir='ltr'><strong>Enos</strong></span> <span class='ocrx_word' id='word_1_796' title='bbox 959 4868 1132 4936; x_wconf 85' lang='lat' dir='ltr'><strong>dicas,</strong></span> <span class='ocrx_word' id='word_1_797' title='bbox 1167 4870 1258 4938; x_wconf 89' lang='lat' dir='ltr'><strong>qui</strong></span> <span class='ocrx_word' id='word_1_798' title='bbox 1293 4887 1313 4924; x_wconf 73' lang='grc' dir='ltr'><strong>ι</strong></span> <span class='ocrx_word' id='word_1_799' title='bbox 1348 4871 1590 4939; x_wconf 89' lang='lat' dir='ltr'><strong>speravit</strong></span> <span class='ocrx_word' id='word_1_800' title='bbox 1623 4871 1878 4926; x_wconf 87' lang='lat' dir='ltr'><strong>invocare</strong></span> <span class='ocrx_word' id='word_1_801' title='bbox 1926 4885 2027 4927; x_wconf 71' lang='lat' dir='ltr'><strong>no~</strong></span> 
     </span>
    </p>
   </div>
   <div class='ocr_carea' id='block_1_94' title="bbox 473 4958 2027 5028">
    <p class='ocr_par' dir='ltr' id='par_1_94' title="bbox 473 4958 2027 5028">
     <span class='ocr_line' id='line_1_94' title="bbox 473 4958 2027 5028; baseline 0.002 -20"><span class='ocrx_word' id='word_1_802' title='bbox 473 4973 596 5011; x_wconf 91' lang='lat' dir='ltr'><strong>men</strong></span> <span class='ocrx_word' id='word_1_803' title='bbox 647 4959 856 5012; x_wconf 87' lang='lat' dir='ltr'><strong>Domini</strong></span> <span class='ocrx_word' id='word_1_804' title='bbox 881 4959 947 5013; x_wconf 85' lang='grc'><strong>⁵⁷.</strong></span> <span class='ocrx_word' id='word_1_805' title='bbox 987 4977 1007 5012; x_wconf 81' lang='grc' dir='ltr'><strong>ι</strong></span> <span class='ocrx_word' id='word_1_806' title='bbox 1043 4958 1150 5013; x_wconf 88' lang='lat' dir='ltr'><strong>Cur</strong></span> <span class='ocrx_word' id='word_1_807' title='bbox 1186 4961 1445 5028; x_wconf 87' lang='lat' dir='ltr'><strong>speravit,</strong></span> <span class='ocrx_word' id='word_1_808' title='bbox 1493 4968 1548 5013; x_wconf 89' lang='lat' dir='ltr'><strong>et</strong></span> <span class='ocrx_word' id='word_1_809' title='bbox 1576 4975 1673 5012; x_wconf 86' lang='lat' dir='ltr'><strong>cur</strong></span> <span class='ocrx_word' id='word_1_810' title='bbox 1707 4974 1812 5014; x_wconf 91' lang='lat' dir='ltr'><strong>non</strong></span> <span class='ocrx_word' id='word_1_811' title='bbox 1844 4958 2027 5013; x_wconf 88' lang='lat' dir='ltr'><strong>statim</strong></span> 
     </span>
    </p>
   </div>
   <div class='ocr_carea' id='block_1_95' title="bbox 2141 4665 3685 4738">
    <p class='ocr_par' dir='ltr' id='par_1_95' title="bbox 2141 4665 3685 4738">
     <span class='ocr_line' id='line_1_95' title="bbox 2141 4665 3685 4738; baseline -0.01 -15"><span class='ocrx_word' id='word_1_812' title='bbox 2141 4690 2159 4723; x_wconf 74' lang='grc' dir='ltr'><strong>σ</strong></span> <span class='ocrx_word' id='word_1_813' title='bbox 2195 4673 2449 4726; x_wconf 91' lang='lat' dir='ltr'><strong>mundum</strong></span> <span class='ocrx_word' id='word_1_814' title='bbox 2480 4691 2504 4732; x_wconf 79' lang='grc' dir='ltr'>ι,</span> <span class='ocrx_word' id='word_1_815' title='bbox 2538 4671 2627 4726; x_wconf 90' lang='lat' dir='ltr'><strong>hic</strong></span> <span class='ocrx_word' id='word_1_816' title='bbox 2677 4683 2919 4725; x_wconf 88' lang='lat' dir='ltr'><strong>terrenos</strong></span> <span class='ocrx_word' id='word_1_817' title='bbox 2958 4680 3226 4738; x_wconf 83' lang='lat' dir='ltr'><strong>quosque,</strong></span> <span class='ocrx_word' id='word_1_818' title='bbox 3263 4675 3316 4719; x_wconf 89' lang='lat' dir='ltr'><strong>et</strong></span> <span class='ocrx_word' id='word_1_819' title='bbox 3369 4665 3420 4716; x_wconf 93' lang='lat' dir='ltr'><strong>in</strong></span> <span class='ocrx_word' id='word_1_820' title='bbox 3487 4670 3685 4715; x_wconf 79' lang='lat' dir='ltr'><strong>terrena</strong></span> 
     </span>
    </p>
   </div>
   <div class='ocr_carea' id='block_1_96' title="bbox 2136 4752 3681 4832">
    <p class='ocr_par' dir='ltr' id='par_1_96' title="bbox 2136 4752 3681 4832">
     <span class='ocr_line' id='line_1_96' title="bbox 2136 4752 3681 4832; baseline -0.01 -16"><span class='ocrx_word' id='word_1_821' title='bbox 2136 4763 2546 4818; x_wconf 88' lang='lat' dir='ltr'><strong>conversatione</strong></span> <span class='ocrx_word' id='word_1_822' title='bbox 2588 4769 2965 4832; x_wconf 84' lang='lat' dir='ltr'><strong>permanentes</strong></span> <span class='ocrx_word' id='word_1_823' title='bbox 3012 4760 3288 4828; x_wconf 74' lang='lat' dir='ltr'><strong>designet;</strong></span> <span class='ocrx_word' id='word_1_824' title='bbox 3333 4752 3630 4806; x_wconf 71' lang='lat' dir='ltr'><strong>«homines</strong></span> <span class='ocrx_word' id='word_1_825' title='bbox 3663 4765 3681 4797; x_wconf 75' lang='grc' dir='ltr'><strong>ο</strong></span> 
     </span>
    </p>
   </div>
   <div class='ocr_carea' id='block_1_97' title="bbox 2136 4847 3687 4926">
    <p class='ocr_par' dir='ltr' id='par_1_97' title="bbox 2136 4847 3687 4926">
     <span class='ocr_line' id='line_1_97' title="bbox 2136 4847 3687 4926; baseline -0.009 -18"><span class='ocrx_word' id='word_1_826' title='bbox 2136 4871 2263 4911; x_wconf 89' lang='lat' dir='ltr'><strong>vero</strong></span> <span class='ocrx_word' id='word_1_827' title='bbox 2294 4871 2386 4911; x_wconf 91' lang='lat' dir='ltr'><strong>eos</strong></span> <span class='ocrx_word' id='word_1_828' title='bbox 2414 4857 2562 4911; x_wconf 89' lang='lat' dir='ltr'><strong>dicat</strong></span> <span class='ocrx_word' id='word_1_829' title='bbox 2601 4857 2692 4926; x_wconf 92' lang='lat' dir='ltr'><strong>qui</strong></span> <span class='ocrx_word' id='word_1_830' title='bbox 2742 4857 2856 4922; x_wconf 87' lang='lat' dir='ltr'><strong>jam</strong></span> <span class='ocrx_word' id='word_1_831' title='bbox 2892 4868 2952 4910; x_wconf 89' lang='lat' dir='ltr'><strong>se</strong></span> <span class='ocrx_word' id='word_1_832' title='bbox 3009 4851 3272 4922; x_wconf 88' lang='lat' dir='ltr'><strong>incipiant</strong></span> <span class='ocrx_word' id='word_1_833' title='bbox 3295 4861 3612 4916; x_wconf 77' lang='lat' dir='ltr'><strong>agnoscere,</strong></span> <span class='ocrx_word' id='word_1_834' title='bbox 3641 4847 3687 4892; x_wconf 83' lang='lat' dir='ltr'><strong>ct</strong></span> 
     </span>
    </p>
   </div>
   <div class='ocr_carea' id='block_1_98' title="bbox 2134 4937 3690 5020">
    <p class='ocr_par' dir='ltr' id='par_1_98' title="bbox 2134 4937 3690 5020">
     <span class='ocr_line' id='line_1_98' title="bbox 2134 4937 3690 5020; baseline -0.012 -16"><span class='ocrx_word' id='word_1_835' title='bbox 2134 4952 2273 5004; x_wconf 85' lang='lat' dir='ltr'><strong>scire</strong></span> <span class='ocrx_word' id='word_1_836' title='bbox 2299 4952 2440 5020; x_wconf 90' lang='lat' dir='ltr'><strong>quod</strong></span> <span class='ocrx_word' id='word_1_837' title='bbox 2464 4951 2530 5003; x_wconf 90' lang='lat' dir='ltr'><strong>ad</strong></span> <span class='ocrx_word' id='word_1_838' title='bbox 2556 4950 2845 5019; x_wconf 80' lang='lat' dir='ltr'><strong>imaginem</strong></span> <span class='ocrx_word' id='word_1_839' title='bbox 2876 4945 2967 5001; x_wconf 89' lang='lat' dir='ltr'><strong>Dei</strong></span> <span class='ocrx_word' id='word_1_840' title='bbox 2993 4945 3120 4998; x_wconf 84' lang='lat' dir='ltr'><strong>facti</strong></span> <span class='ocrx_word' id='word_1_841' title='bbox 3149 4951 3296 4997; x_wconf 89' lang='lat' dir='ltr'><strong>sunt.</strong></span> <span class='ocrx_word' id='word_1_842' title='bbox 3325 4941 3382 4994; x_wconf 93' lang='lat' dir='ltr'><strong>ln</strong></span> <span class='ocrx_word' id='word_1_843' title='bbox 3419 4937 3545 4991; x_wconf 83' lang='lat' dir='ltr'><strong>illos</strong></span> <span class='ocrx_word' id='word_1_844' title='bbox 3571 4945 3690 5000; x_wconf 78' lang='lat' dir='ltr'><strong>ergo</strong></span> 
     </span>
    </p>
   </div>
   <div class='ocr_carea' id='block_1_99' title="bbox 540 5073 2023 5160">
    <p class='ocr_par' dir='ltr' id='par_1_99' title="bbox 540 5087 2023 5160">
     <span class='ocr_line' id='line_1_99' title="bbox 540 5087 2023 5160; baseline -0.002 -15"><span class='ocrx_word' id='word_1_845' title='bbox 540 5091 584 5123; x_wconf 73' lang='grc'><strong>⁸⁷</strong></span> <span class='ocrx_word' id='word_1_846' title='bbox 617 5091 812 5160; x_wconf 87' lang='lat' dir='ltr'><strong>Ephes.</strong></span> <span class='ocrx_word' id='word_1_847' title='bbox 839 5109 915 5156; x_wconf 83' lang='lat' dir='ltr'><strong>vr,</strong></span> <span class='ocrx_word' id='word_1_848' title='bbox 949 5091 1037 5146; x_wconf 71' lang='lat'><strong>12.</strong></span> <span class='ocrx_word' id='word_1_849' title='bbox 1113 5092 1157 5123; x_wconf 77' lang='grc'><strong>⁸⁸</strong></span> <span class='ocrx_word' id='word_1_850' title='bbox 1182 5091 1376 5146; x_wconf 70' lang='grc' dir='ltr'><strong>Εῑεριι.</strong></span> <span class='ocrx_word' id='word_1_851' title='bbox 1413 5105 1604 5152; x_wconf 73' lang='grc' dir='ltr'>ιιιινιιι.</span> <span class='ocrx_word' id='word_1_852' title='bbox 1635 5089 1720 5160; x_wconf 73' lang='grc'><strong>17.</strong></span> <span class='ocrx_word' id='word_1_853' title='bbox 1796 5089 1842 5160; x_wconf 59' lang='lat' dir='ltr'><strong>f’</strong></span> <span class='ocrx_word' id='word_1_854' title='bbox 1871 5087 2023 5160; x_wconf 67' lang='lat' dir='ltr'><strong>Rom.</strong></span> 
     </span>
    </p>
   </div>
   <div class='ocr_carea' id='block_1_100' title="bbox 2131 5073 3683 5160">
    <p class='ocr_par' dir='ltr' id='par_1_100' title="bbox 2143 5073 3683 5160">
     <span class='ocr_line' id='line_1_100' title="bbox 2143 5073 3683 5160; baseline -0.009 -19"><span class='ocrx_word' id='word_1_855' title='bbox 2143 5087 2229 5160; x_wconf 64' lang='grc'><strong>12.</strong></span> <span class='ocrx_word' id='word_1_856' title='bbox 2305 5085 2810 5160; x_wconf 36' lang='lat' dir='ltr'><strong>“igniatwthlt.</strong></span> <span class='ocrx_word' id='word_1_857' title='bbox 2887 5077 3450 5160; x_wconf 24' lang='lat' dir='ltr'><strong>“Ezechzxvtttti.</strong></span> <span class='ocrx_word' id='word_1_858' title='bbox 3527 5073 3683 5160; x_wconf 52' lang='lat' dir='ltr'><strong>“lg.</strong></span> 
     </span>
    </p>
   </div>
   <div class='ocr_carea' id='block_1_101' title="bbox 471 5142 2023 5226">
    <p class='ocr_par' dir='ltr' id='par_1_101' title="bbox 471 5142 2023 5226">
     <span class='ocr_line' id='line_1_101' title="bbox 471 5142 2023 5226; baseline -0.003 -11"><span class='ocrx_word' id='word_1_859' title='bbox 471 5175 589 5225; x_wconf 83' lang='lat' dir='ltr'><strong>Lm,</strong></span> <span class='ocrx_word' id='word_1_860' title='bbox 618 5142 1085 5226; x_wconf 56' lang='grc' dir='ltr'><strong>δῖ”ἓῖιιὶὶοὶῗη</strong></span> <span class='ocrx_word' id='word_1_861' title='bbox 1110 5142 1250 5216; x_wconf 52' lang='grc' dir='ltr'><strong>ΜΤ</strong></span> <span class='ocrx_word' id='word_1_862' title='bbox 1280 5142 1604 5224; x_wconf 53' lang='grc' dir='ltr'><strong>εδϊοάιίίὲζ</strong></span> <span class='ocrx_word' id='word_1_863' title='bbox 1629 5158 1716 5212; x_wconf 84' lang='lat' dir='ltr'><strong>t8.</strong></span> <span class='ocrx_word' id='word_1_864' title='bbox 1793 5158 1838 5189; x_wconf 72' lang='grc'>⁸⁸</span> <span class='ocrx_word' id='word_1_865' title='bbox 1871 5159 2023 5211; x_wconf 75' lang='lat' dir='ltr'><strong>Rom.</strong></span> 
     </span>
    </p>
   </div>
   <div class='ocr_carea' id='block_1_102' title="bbox 2131 5142 3684 5226">
    <p class='ocr_par' dir='ltr' id='par_1_102' title="bbox 2131 5142 3684 5226">
     <span class='ocr_line' id='line_1_102' title="bbox 2131 5142 3684 5226; baseline -0.015 -11"><span class='ocrx_word' id='word_1_866' title='bbox 2131 5199 2140 5219; x_wconf 89' lang='lat'><strong>.</strong></span> <span class='ocrx_word' id='word_1_867' title='bbox 2173 5158 2261 5216; x_wconf 66' lang='grc'><strong>23.</strong></span> <span class='ocrx_word' id='word_1_868' title='bbox 2338 5158 2384 5188; x_wconf 70' lang='grc'><strong>⁵⁸</strong></span> <span class='ocrx_word' id='word_1_869' title='bbox 2407 5155 2539 5210; x_wconf 83' lang='lat' dir='ltr'><strong>Gen.</strong></span> <span class='ocrx_word' id='word_1_870' title='bbox 2571 5142 2733 5218; x_wconf 42' lang='lat' dir='ltr'><strong>tv,&#39;5,</strong></span> <span class='ocrx_word' id='word_1_871' title='bbox 2757 5154 2812 5206; x_wconf 69' lang='grc'><strong>4.</strong></span> <span class='ocrx_word' id='word_1_872' title='bbox 2888 5155 2939 5226; x_wconf 17' lang='grc' dir='ltr'><strong>⁵Ῠ⁷Ῠ</strong></span> <span class='ocrx_word' id='word_1_873' title='bbox 2959 5155 3085 5226; x_wconf 77' lang='lat' dir='ltr'><strong>ibid.</strong></span> <span class='ocrx_word' id='word_1_874' title='bbox 3111 5152 3201 5204; x_wconf 75' lang='lat'><strong>‘26.</strong></span> <span class='ocrx_word' id='word_1_875' title='bbox 3243 5220 3256 5226; x_wconf 86' lang='lat'>_</span> <span class='ocrx_word' id='word_1_876' title='bbox 3278 5146 3491 5226; x_wconf 51' lang='lat' dir='ltr'><strong>&quot;fieri.</strong></span> <span class='ocrx_word' id='word_1_877' title='bbox 3521 5142 3684 5226; x_wconf 34' lang='lat' dir='ltr'><strong>v.02!”</strong></span> 
     </span>
    </p>
   </div>
   <div class='ocr_carea' id='block_1_103' title="bbox 472 5225 2333 5294">
    <p class='ocr_par' dir='ltr' id='par_1_103' title="bbox 472 5225 2333 5294">
     <span class='ocr_line' id='line_1_103' title="bbox 472 5225 2333 5294; baseline -0.001 -11"><span class='ocrx_word' id='word_1_878' title='bbox 472 5232 517 5262; x_wconf 76' lang='grc'>⁵³</span> <span class='ocrx_word' id='word_1_879' title='bbox 575 5229 702 5284; x_wconf 87' lang='lat' dir='ltr'><strong>ibid.</strong></span> <span class='ocrx_word' id='word_1_880' title='bbox 764 5231 871 5292; x_wconf 65' lang='lat'><strong>9.4;</strong></span> <span class='ocrx_word' id='word_1_881' title='bbox 929 5225 1089 5289; x_wconf 84' lang='lat' dir='ltr'><strong>Hebr.</strong></span> <span class='ocrx_word' id='word_1_882' title='bbox 1124 5247 1204 5294; x_wconf 74' lang='grc' dir='ltr'>ιιι,</span> <span class='ocrx_word' id='word_1_883' title='bbox 1227 5231 1282 5290; x_wconf 76' lang='grc'><strong>5.</strong></span> <span class='ocrx_word' id='word_1_884' title='bbox 1356 5231 1402 5262; x_wconf 77' lang='grc' dir='ltr'><strong>⁸ο</strong></span> <span class='ocrx_word' id='word_1_885' title='bbox 1429 5229 1566 5286; x_wconf 84' lang='lat' dir='ltr'><strong>Gen.</strong></span> <span class='ocrx_word' id='word_1_886' title='bbox 1593 5244 1668 5289; x_wconf 73' lang='lat' dir='ltr'><strong>vr,</strong></span> <span class='ocrx_word' id='word_1_887' title='bbox 1697 5228 1749 5293; x_wconf 91' lang='lat'><strong>8,</strong></span> <span class='ocrx_word' id='word_1_888' title='bbox 1781 5229 1833 5286; x_wconf 90' lang='lat'><strong>9.</strong></span> <span class='ocrx_word' id='word_1_889' title='bbox 1911 5229 1952 5262; x_wconf 74' lang='grc' dir='ltr'><strong>σι</strong></span> <span class='ocrx_word' id='word_1_890' title='bbox 1979 5225 2115 5281; x_wconf 87' lang='lat' dir='ltr'><strong>Gen.</strong></span> <span class='ocrx_word' id='word_1_891' title='bbox 2146 5245 2219 5293; x_wconf 83' lang='lat' dir='ltr'><strong>ix,</strong></span> <span class='ocrx_word' id='word_1_892' title='bbox 2245 5229 2333 5282; x_wconf 76' lang='lat'><strong>2|.</strong></span> 
     </span>
    </p>
   </div>
   <div class='ocr_carea' id='block_1_104' title="bbox 474 5299 1701 5366">
    <p class='ocr_par' dir='ltr' id='par_1_104' title="bbox 474 5299 1701 5366">
     <span class='ocr_line' id='line_1_104' title="bbox 474 5299 1701 5366; baseline -0.003 -10"><span class='ocrx_word' id='word_1_893' title='bbox 474 5315 565 5366; x_wconf 80' lang='lat' dir='ltr'><strong>xv,</strong></span> <span class='ocrx_word' id='word_1_894' title='bbox 603 5299 692 5354; x_wconf 79' lang='lat'><strong>56.</strong></span> <span class='ocrx_word' id='word_1_895' title='bbox 767 5301 811 5333; x_wconf 78' lang='grc'><strong>⁸⁸</strong></span> <span class='ocrx_word' id='word_1_896' title='bbox 855 5300 1007 5359; x_wconf 76' lang='lat' dir='ltr'><strong>Joan.</strong></span> <span class='ocrx_word' id='word_1_897' title='bbox 1031 5316 1069 5366; x_wconf 85' lang='grc' dir='ltr'>ι,</span> <span class='ocrx_word' id='word_1_898' title='bbox 1095 5302 1149 5355; x_wconf 67' lang='grc'><strong>4.</strong></span> <span class='ocrx_word' id='word_1_899' title='bbox 1223 5299 1313 5356; x_wconf 81' lang='lat' dir='ltr'><strong>“l</strong></span> <span class='ocrx_word' id='word_1_900' title='bbox 1345 5299 1470 5356; x_wconf 84' lang='lat' dir='ltr'><strong>Cor.</strong></span> <span class='ocrx_word' id='word_1_901' title='bbox 1497 5314 1587 5365; x_wconf 77' lang='lat' dir='ltr'><strong>xv,</strong></span> <span class='ocrx_word' id='word_1_902' title='bbox 1610 5299 1701 5353; x_wconf 83' lang='lat'><strong>55.</strong></span> 
     </span>
    </p>
   </div>
   <div class='ocr_carea' id='block_1_105' title="bbox 544 5417 2027 5488">
    <p class='ocr_par' dir='ltr' id='par_1_105' title="bbox 544 5417 2027 5488">
     <span class='ocr_line' id='line_1_105' title="bbox 544 5417 2027 5488; baseline 0.001 -18"><span class='ocrx_word' id='word_1_903' title='bbox 544 5418 655 5488; x_wconf 72' lang='grc'><strong>(46)</strong></span> <span class='ocrx_word' id='word_1_904' title='bbox 689 5418 778 5473; x_wconf 85' lang='lat' dir='ltr'><strong>Sic</strong></span> <span class='ocrx_word' id='word_1_905' title='bbox 828 5420 1062 5487; x_wconf 85' lang='lat' dir='ltr'><strong>potiores</strong></span> <span class='ocrx_word' id='word_1_906' title='bbox 1106 5435 1234 5474; x_wconf 86' lang='lat' dir='ltr'><strong>mss.</strong></span> <span class='ocrx_word' id='word_1_907' title='bbox 1283 5417 1536 5473; x_wconf 79' lang='lat' dir='ltr'><strong>Rabanus</strong></span> <span class='ocrx_word' id='word_1_908' title='bbox 1575 5431 1727 5484; x_wconf 87' lang='lat' dir='ltr'><strong>vero,</strong></span> <span class='ocrx_word' id='word_1_909' title='bbox 1766 5436 1785 5470; x_wconf 73' lang='grc' dir='ltr'><strong>ι</strong></span> <span class='ocrx_word' id='word_1_910' title='bbox 1821 5417 1908 5480; x_wconf 70' lang='lat' dir='ltr'><strong>vix</strong></span> <span class='ocrx_word' id='word_1_911' title='bbox 1961 5419 2027 5472; x_wconf 90' lang='lat' dir='ltr'><strong>de</strong></span> 
     </span>
    </p>
   </div>
   <div class='ocr_carea' id='block_1_106' title="bbox 474 5488 2028 5570">
    <p class='ocr_par' dir='ltr' id='par_1_106' title="bbox 474 5488 2028 5570">
     <span class='ocr_line' id='line_1_106' title="bbox 474 5488 2028 5570; baseline 0.001 -30"><span class='ocrx_word' id='word_1_912' title='bbox 474 5489 699 5557; x_wconf 76' lang='lat' dir='ltr'><strong>singulis</strong></span> <span class='ocrx_word' id='word_1_913' title='bbox 732 5490 845 5542; x_wconf 73' lang='lat' dir='ltr'><strong>haec</strong></span> <span class='ocrx_word' id='word_1_914' title='bbox 883 5491 1267 5570; x_wconf 57' lang='lat' dir='ltr'><strong>perstrinxisse</strong></span> <span class='ocrx_word' id='word_1_915' title='bbox 1308 5489 1670 5570; x_wconf 78' lang='lat' dir='ltr'><strong>sermonibus.</strong></span> <span class='ocrx_word' id='word_1_916' title='bbox 1725 5505 1744 5540; x_wconf 73' lang='grc' dir='ltr'><strong>ι</strong></span> <span class='ocrx_word' id='word_1_917' title='bbox 1791 5488 1927 5542; x_wconf 87' lang='lat' dir='ltr'><strong>Editi</strong></span> <span class='ocrx_word' id='word_1_918' title='bbox 1973 5499 2028 5567; x_wconf 78' lang='lat' dir='ltr'><strong>et</strong></span> 
     </span>
    </p>
   </div>
   <div class='ocr_carea' id='block_1_107' title="bbox 476 5558 2027 5627">
    <p class='ocr_par' dir='ltr' id='par_1_107' title="bbox 476 5558 2027 5627">
     <span class='ocr_line' id='line_1_107' title="bbox 476 5558 2027 5627; baseline -0.002 -15"><span class='ocrx_word' id='word_1_919' title='bbox 476 5574 577 5612; x_wconf 89' lang='lat' dir='ltr'><strong>ms.</strong></span> <span class='ocrx_word' id='word_1_920' title='bbox 607 5573 765 5620; x_wconf 89' lang='lat' dir='ltr'><strong>unus,</strong></span> <span class='ocrx_word' id='word_1_921' title='bbox 801 5577 820 5608; x_wconf 75' lang='grc' dir='ltr'><strong>ι</strong></span> <span class='ocrx_word' id='word_1_922' title='bbox 859 5558 943 5610; x_wconf 85' lang='lat' dir='ltr'><strong>vix</strong></span> <span class='ocrx_word' id='word_1_923' title='bbox 972 5559 1201 5627; x_wconf 78' lang='lat' dir='ltr'><strong>singulis</strong></span> <span class='ocrx_word' id='word_1_924' title='bbox 1231 5559 1344 5614; x_wconf 59' lang='lat' dir='ltr'><strong>hac</strong></span> <span class='ocrx_word' id='word_1_925' title='bbox 1369 5558 1726 5626; x_wconf 82' lang='lat' dir='ltr'><strong>pertransisse</strong></span> <span class='ocrx_word' id='word_1_926' title='bbox 1768 5558 2027 5612; x_wconf 90' lang='lat' dir='ltr'><strong>sermoni-</strong></span> 
     </span>
    </p>
   </div>
   <div class='ocr_carea' id='block_1_108' title="bbox 474 5627 2022 5696">
    <p class='ocr_par' dir='ltr' id='par_1_108' title="bbox 474 5627 2022 5696">
     <span class='ocr_line' id='line_1_108' title="bbox 474 5627 2022 5696; baseline -0.005 -12"><span class='ocrx_word' id='word_1_927' title='bbox 474 5629 595 5684; x_wconf 89' lang='lat' dir='ltr'><strong>bus.</strong></span> <span class='ocrx_word' id='word_1_928' title='bbox 633 5627 734 5682; x_wconf 87' lang='lat' dir='ltr'><strong>Per</strong></span> <span class='ocrx_word' id='word_1_929' title='bbox 763 5643 923 5680; x_wconf 87' lang='lat' dir='ltr'><strong>unum</strong></span> <span class='ocrx_word' id='word_1_930' title='bbox 963 5629 1253 5689; x_wconf 87' lang='lat' dir='ltr'><strong>hominem.</strong></span> <span class='ocrx_word' id='word_1_931' title='bbox 1295 5647 1314 5678; x_wconf 76' lang='grc' dir='ltr'><strong>ι</strong></span> <span class='ocrx_word' id='word_1_932' title='bbox 1340 5639 1471 5692; x_wconf 90' lang='lat' dir='ltr'><strong>etc.,</strong></span> <span class='ocrx_word' id='word_1_933' title='bbox 1518 5627 1719 5682; x_wconf 88' lang='lat' dir='ltr'><strong>omisso</strong></span> <span class='ocrx_word' id='word_1_934' title='bbox 1754 5645 1773 5678; x_wconf 73' lang='grc' dir='ltr'><strong>ι</strong></span> <span class='ocrx_word' id='word_1_935' title='bbox 1820 5642 1969 5696; x_wconf 83' lang='lat' dir='ltr'><strong>ergo.</strong></span> <span class='ocrx_word' id='word_1_936' title='bbox 2004 5644 2022 5676; x_wconf 76' lang='grc' dir='ltr'><strong>ι</strong></span> 
     </span>
    </p>
   </div>
   <div class='ocr_carea' id='block_1_109' title="bbox 475 5697 2028 5780">
    <p class='ocr_par' dir='ltr' id='par_1_109' title="bbox 475 5697 2028 5780">
     <span class='ocr_line' id='line_1_109' title="bbox 475 5697 2028 5780; baseline 0.001 -32"><span class='ocrx_word' id='word_1_937' title='bbox 475 5701 565 5780; x_wconf 71' lang='grc' dir='ltr'>ιιμὶ</span> <span class='ocrx_word' id='word_1_938' title='bbox 599 5713 698 5753; x_wconf 92' lang='lat' dir='ltr'><strong>nec</strong></span> <span class='ocrx_word' id='word_1_939' title='bbox 725 5699 777 5753; x_wconf 93' lang='lat' dir='ltr'><strong>in</strong></span> <span class='ocrx_word' id='word_1_940' title='bbox 807 5697 1080 5770; x_wconf 89' lang='lat' dir='ltr'><strong>plerisque</strong></span> <span class='ocrx_word' id='word_1_941' title='bbox 1109 5713 1208 5753; x_wconf 90' lang='lat' dir='ltr'><strong>ms.</strong></span> <span class='ocrx_word' id='word_1_942' title='bbox 1258 5713 1357 5752; x_wconf 91' lang='lat' dir='ltr'><strong>nec</strong></span> <span class='ocrx_word' id='word_1_943' title='bbox 1388 5699 1527 5775; x_wconf 89' lang='lat' dir='ltr'><strong>apud</strong></span> <span class='ocrx_word' id='word_1_944' title='bbox 1563 5698 1843 5752; x_wconf 73' lang='lat' dir='ltr'><strong>ilabanum</strong></span> <span class='ocrx_word' id='word_1_945' title='bbox 1874 5712 2028 5774; x_wconf 81' lang='lat' dir='ltr'><strong>repe-</strong></span> 
     </span>
    </p>
   </div>
   <div class='ocr_carea' id='block_1_110' title="bbox 480 5781 633 5822">
    <p class='ocr_par' dir='ltr' id='par_1_110' title="bbox 480 5781 633 5822">
     <span class='ocr_line' id='line_1_110' title="bbox 480 5781 633 5822; baseline 0 -1"><span class='ocrx_word' id='word_1_946' title='bbox 480 5781 633 5822; x_wconf 81' lang='lat' dir='ltr'><strong>l&#39;tllll‘.</strong></span> 
     </span>
    </p>
   </div>
   <div class='ocr_carea' id='block_1_111' title="bbox 548 5833 1516 5908">
    <p class='ocr_par' dir='ltr' id='par_1_111' title="bbox 548 5833 1516 5908">
     <span class='ocr_line' id='line_1_111' title="bbox 548 5833 1516 5908; baseline -0.003 -17"><span class='ocrx_word' id='word_1_947' title='bbox 548 5837 660 5908; x_wconf 74' lang='grc'><strong>(47)</strong></span> <span class='ocrx_word' id='word_1_948' title='bbox 743 5833 858 5893; x_wconf 78' lang='lat' dir='ltr'><strong>Est.</strong></span> <span class='ocrx_word' id='word_1_949' title='bbox 915 5838 974 5894; x_wconf 82' lang='lat' dir='ltr'><strong>in</strong></span> <span class='ocrx_word' id='word_1_950' title='bbox 1041 5834 1516 5908; x_wconf 83' lang='lat' dir='ltr'><strong>editisomittitnr.</strong></span> 
     </span>
    </p>
   </div>
   <div class='ocr_carea' id='block_1_112' title="bbox 549 5901 1893 5972">
    <p class='ocr_par' dir='ltr' id='par_1_112' title="bbox 549 5901 1893 5972">
     <span class='ocr_line' id='line_1_112' title="bbox 549 5901 1893 5972; baseline -0.005 -6"><span class='ocrx_word' id='word_1_951' title='bbox 549 5901 658 5970; x_wconf 60' lang='lat'><strong>(48&#39;)</strong></span> <span class='ocrx_word' id='word_1_952' title='bbox 687 5908 830 5965; x_wconf 87' lang='lat' dir='ltr'><strong>Editi</strong></span> <span class='ocrx_word' id='word_1_953' title='bbox 861 5915 916 5965; x_wconf 89' lang='lat' dir='ltr'><strong>ct</strong></span> <span class='ocrx_word' id='word_1_954' title='bbox 940 5923 1070 5964; x_wconf 89' lang='lat' dir='ltr'><strong>mss.</strong></span> <span class='ocrx_word' id='word_1_955' title='bbox 1107 5905 1367 5972; x_wconf 79' lang='lat' dir='ltr'><strong>plerique,</strong></span> <span class='ocrx_word' id='word_1_956' title='bbox 1397 5923 1414 5957; x_wconf 76' lang='grc' dir='ltr'><strong>ι</strong></span> <span class='ocrx_word' id='word_1_957' title='bbox 1453 5905 1646 5972; x_wconf 78' lang='lat' dir='ltr'><strong>gratia,</strong></span> <span class='ocrx_word' id='word_1_958' title='bbox 1683 5922 1702 5957; x_wconf 84' lang='grc' dir='ltr'><strong>ι</strong></span> <span class='ocrx_word' id='word_1_959' title='bbox 1734 5901 1893 5964; x_wconf 79' lang='lat' dir='ltr'><strong>male.</strong></span> 
     </span>
    </p>
   </div>
   <div class='ocr_carea' id='block_1_113' title="bbox 2412 5212 3681 5288">
    <p class='ocr_par' dir='ltr' id='par_1_113' title="bbox 2412 5212 3681 5288">
     <span class='ocr_line' id='line_1_113' title="bbox 2412 5212 3681 5288; baseline -0.015 -7"><span class='ocrx_word' id='word_1_960' title='bbox 2412 5229 2454 5257; x_wconf 74' lang='lat'><strong>&quot;</strong></span> <span class='ocrx_word' id='word_1_961' title='bbox 2479 5212 2741 5288; x_wconf 22' lang='lat' dir='ltr'><strong>Gensxu,</strong></span> <span class='ocrx_word' id='word_1_962' title='bbox 2776 5226 2826 5278; x_wconf 83' lang='lat' dir='ltr'><strong>l.</strong></span> <span class='ocrx_word' id='word_1_963' title='bbox 2900 5225 2943 5255; x_wconf 81' lang='grc'><strong>⁸³</strong></span> <span class='ocrx_word' id='word_1_964' title='bbox 2969 5223 3072 5280; x_wconf 82' lang='lat' dir='ltr'><strong>Job</strong></span> <span class='ocrx_word' id='word_1_965' title='bbox 3096 5237 3205 5284; x_wconf 78' lang='lat' dir='ltr'><strong>xw,</strong></span> <span class='ocrx_word' id='word_1_966' title='bbox 3230 5220 3286 5284; x_wconf 63' lang='grc'><strong>4,</strong></span> <span class='ocrx_word' id='word_1_967' title='bbox 3319 5217 3375 5271; x_wconf 86' lang='grc'><strong>5.</strong></span> <span class='ocrx_word' id='word_1_968' title='bbox 3452 5217 3498 5248; x_wconf 69' lang='grc' dir='ltr'>εδ</span> <span class='ocrx_word' id='word_1_969' title='bbox 3525 5215 3541 5270; x_wconf 95' lang='lat' dir='ltr'><strong>l</strong></span> <span class='ocrx_word' id='word_1_970' title='bbox 3569 5212 3681 5266; x_wconf 75' lang='lat' dir='ltr'><strong>Cor.</strong></span> 
     </span>
    </p>
   </div>
   <div class='ocr_carea' id='block_1_114' title="bbox 2205 5407 3619 5486">
    <p class='ocr_par' dir='ltr' id='par_1_114' title="bbox 2205 5407 3619 5486">
     <span class='ocr_line' id='line_1_114' title="bbox 2205 5407 3619 5486; baseline -0.01 -17"><span class='ocrx_word' id='word_1_971' title='bbox 2205 5413 2318 5486; x_wconf 67' lang='grc'><strong>(49)</strong></span> <span class='ocrx_word' id='word_1_972' title='bbox 2351 5413 2513 5486; x_wconf 65' lang='grc' dir='ltr'><strong>Εῆίιί,</strong></span> <span class='ocrx_word' id='word_1_973' title='bbox 2551 5429 2569 5461; x_wconf 76' lang='lat' dir='ltr'><strong>t</strong></span> <span class='ocrx_word' id='word_1_974' title='bbox 2607 5421 2658 5464; x_wconf 90' lang='lat' dir='ltr'><strong>et</strong></span> <span class='ocrx_word' id='word_1_975' title='bbox 2692 5410 2841 5486; x_wconf 80' lang='lat' dir='ltr'><strong>prius</strong></span> <span class='ocrx_word' id='word_1_976' title='bbox 2869 5407 3074 5486; x_wconf 76' lang='lat' dir='ltr'><strong>C_ain.__i</strong></span> <span class='ocrx_word' id='word_1_977' title='bbox 3304 5471 3342 5486; x_wconf 51' lang='lat' dir='ltr'><strong>L</strong></span> <span class='ocrx_word' id='word_1_978' title='bbox 3397 5466 3560 5486; x_wconf 16' lang='lat' dir='ltr'><strong>7___h</strong></span> <span class='ocrx_word' id='word_1_979' title='bbox 3607 5464 3619 5486; x_wconf 46' lang='grc' dir='ltr'><em>ε</em></span> 
     </span>
    </p>
   </div>
   <div class='ocr_carea' id='block_1_115' title="bbox 2207 5471 3682 5554">
    <p class='ocr_par' dir='ltr' id='par_1_115' title="bbox 2207 5471 3682 5554">
     <span class='ocr_line' id='line_1_115' title="bbox 2207 5471 3682 5554; baseline -0.016 -15"><span class='ocrx_word' id='word_1_980' title='bbox 2345 5485 2444 5537; x_wconf 84' lang='lat' dir='ltr'><strong>Ms.</strong></span> <span class='ocrx_word' id='word_1_981' title='bbox 2472 5471 2630 5544; x_wconf 60' lang='lat' dir='ltr'><strong>nitus,</strong></span> <span class='ocrx_word' id='word_1_982' title='bbox 2727 5481 2819 5532; x_wconf 81' lang='lat' dir='ltr'><strong>sed</strong></span> <span class='ocrx_word' id='word_1_983' title='bbox 2849 5478 2950 5554; x_wconf 81' lang='lat' dir='ltr'><strong>_vix</strong></span> <span class='ocrx_word' id='word_1_984' title='bbox 2983 5475 3164 5544; x_wconf 89' lang='lat' dir='ltr'><strong>aliquo</strong></span> <span class='ocrx_word' id='word_1_985' title='bbox 3195 5471 3354 5524; x_wconf 89' lang='lat' dir='ltr'><strong>modo</strong></span> <span class='ocrx_word' id='word_1_986' title='bbox 3390 5471 3584 5554; x_wconf 41' lang='lat' dir='ltr'><strong>sensit‘</strong></span> <span class='ocrx_word' id='word_1_987' title='bbox 3606 5471 3682 5554; x_wconf 68' lang='lat' dir='ltr'><strong>in:</strong></span> 
     </span>
    </p>
   </div>
   <div class='ocr_carea' id='block_1_116' title="bbox 2135 5541 3682 5610">
    <p class='ocr_par' dir='ltr' id='par_1_116' title="bbox 2135 5541 3682 5610">
     <span class='ocr_line' id='line_1_116' title="bbox 2135 5541 3682 5610; baseline -0.016 0"><span class='ocrx_word' id='word_1_988' title='bbox 2135 5541 2582 5610; x_wconf 58' lang='lat' dir='ltr'><strong>trare&#39;mortem.</strong></span> <span class='ocrx_word' id='word_1_989' title='bbox 2618 5541 2644 5602; x_wconf 66' lang='grc' dir='ltr'><strong>ἰ</strong></span> <span class='ocrx_word' id='word_1_990' title='bbox 2670 5549 2862 5604; x_wconf 70' lang='grc' dir='ltr'><strong>Οωῑετί</strong></span> <span class='ocrx_word' id='word_1_991' title='bbox 2895 5561 3026 5600; x_wconf 89' lang='lat' dir='ltr'><strong>vero</strong></span> <span class='ocrx_word' id='word_1_992' title='bbox 3073 5541 3211 5604; x_wconf 78' lang='lat' dir='ltr'><strong>inss.</strong></span> <span class='ocrx_word' id='word_1_993' title='bbox 3253 5552 3309 5594; x_wconf 86' lang='lat' dir='ltr'><strong>et</strong></span> <span class='ocrx_word' id='word_1_994' title='bbox 3350 5541 3480 5594; x_wconf 89' lang='lat' dir='ltr'><strong>editi</strong></span> <span class='ocrx_word' id='word_1_995' title='bbox 3531 5544 3587 5588; x_wconf 85' lang='lat' dir='ltr'><strong>ut</strong></span> <span class='ocrx_word' id='word_1_996' title='bbox 3637 5547 3682 5584; x_wconf 82' lang='lat' dir='ltr'><strong>in</strong></span> 
     </span>
    </p>
   </div>
   <div class='ocr_carea' id='block_1_117' title="bbox 2135 5633 2532 5681">
    <p class='ocr_par' dir='ltr' id='par_1_117' title="bbox 2135 5633 2532 5681">
     <span class='ocr_line' id='line_1_117' title="bbox 2135 5633 2532 5681; baseline -0.023 0"><span class='ocrx_word' id='word_1_997' title='bbox 2135 5636 2326 5681; x_wconf 73' lang='lat' dir='ltr'><strong>“OSU&#39;O</strong></span> <span class='ocrx_word' id='word_1_998' title='bbox 2358 5633 2532 5676; x_wconf 75' lang='grc' dir='ltr'>ιθχιιι.</span> 
     </span>
    </p>
   </div>
   <div class='ocr_carea' id='block_1_118' title="bbox 2207 5679 3680 5766">
    <p class='ocr_par' dir='ltr' id='par_1_118' title="bbox 2207 5679 3680 5766">
     <span class='ocr_line' id='line_1_118' title="bbox 2207 5679 3680 5766; baseline -0.022 -13"><span class='ocrx_word' id='word_1_999' title='bbox 2207 5694 2287 5766; x_wconf 71' lang='lat' dir='ltr'><strong>(Si</strong></span> <span class='ocrx_word' id='word_1_1000' title='bbox 2303 5699 2318 5764; x_wconf 97' lang='lat'><strong>)</strong></span> <span class='ocrx_word' id='word_1_1001' title='bbox 2337 5693 2436 5766; x_wconf 73' lang='lat' dir='ltr'><strong>Ms.</strong></span> <span class='ocrx_word' id='word_1_1002' title='bbox 2460 5705 2619 5754; x_wconf 88' lang='lat' dir='ltr'><strong>unus,</strong></span> <span class='ocrx_word' id='word_1_1003' title='bbox 2639 5685 3110 5766; x_wconf 75' lang='lat' dir='ltr'><strong>¢_gtt_it_tgentesimo</strong></span> <span class='ocrx_word' id='word_1_1004' title='bbox 3130 5679 3339 5734; x_wconf 74' lang='lat' dir='ltr'><strong>decimo</strong></span> <span class='ocrx_word' id='word_1_1005' title='bbox 3357 5690 3520 5736; x_wconf 88' lang='lat' dir='ltr'><strong>anno,</strong></span> <span class='ocrx_word' id='word_1_1006' title='bbox 3541 5690 3560 5725; x_wconf 74' lang='grc' dir='ltr'><strong>ι</strong></span> <span class='ocrx_word' id='word_1_1007' title='bbox 3584 5681 3680 5766; x_wconf 54' lang='lat' dir='ltr'><strong>lete:</strong></span> 
     </span>
    </p>
   </div>
   <div class='ocr_carea' id='block_1_119' title="bbox 2206 5744 3682 5834">
    <p class='ocr_par' dir='ltr' id='par_1_119' title="bbox 2206 5744 3682 5834">
     <span class='ocr_line' id='line_1_119' title="bbox 2206 5744 3682 5834; baseline -0.016 -18"><span class='ocrx_word' id='word_1_1008' title='bbox 2206 5744 2425 5834; x_wconf 44' lang='lat' dir='ltr'><strong>(Baiis;</strong></span> <span class='ocrx_word' id='word_1_1009' title='bbox 2462 5744 3010 5834; x_wconf 48' lang='lat' dir='ltr'><strong>mss.&#39;_Eilitivvet-o,</strong></span> <span class='ocrx_word' id='word_1_1010' title='bbox 3064 5765 3372 5834; x_wconf 77' lang='lat' dir='ltr'><strong>perperam.</strong></span> <span class='ocrx_word' id='word_1_1011' title='bbox 3403 5765 3422 5797; x_wconf 69' lang='grc' dir='ltr'>ς</span> <span class='ocrx_word' id='word_1_1012' title='bbox 3472 5744 3682 5800; x_wconf 75' lang='lat' dir='ltr'><strong>aculeus</strong></span> 
     </span>
    </p>
   </div>
   <div class='ocr_carea' id='block_1_120' title="bbox 2138 5826 3341 5904">
    <p class='ocr_par' dir='ltr' id='par_1_120' title="bbox 2138 5826 3341 5904">
     <span class='ocr_line' id='line_1_120' title="bbox 2138 5826 3341 5904; baseline -0.021 -11"><span class='ocrx_word' id='word_1_1013' title='bbox 2138 5826 2247 5899; x_wconf 82' lang='lat' dir='ltr'><strong>tum</strong></span> <span class='ocrx_word' id='word_1_1014' title='bbox 2275 5826 2461 5888; x_wconf 82' lang='lat' dir='ltr'><strong>mortis</strong></span> <span class='ocrx_word' id='word_1_1015' title='bbox 2491 5830 2735 5904; x_wconf 84' lang='lat' dir='ltr'><strong>repulsus</strong></span> <span class='ocrx_word' id='word_1_1016' title='bbox 2763 5837 2846 5886; x_wconf 89' lang='lat' dir='ltr'><strong>est</strong></span> <span class='ocrx_word' id='word_1_1017' title='bbox 2871 5838 2923 5882; x_wconf 90' lang='lat' dir='ltr'><strong>et</strong></span> <span class='ocrx_word' id='word_1_1018' title='bbox 2955 5826 3284 5880; x_wconf 70' lang='lat' dir='ltr'><strong>conti-actus.</strong></span> <span class='ocrx_word' id='word_1_1019' title='bbox 3323 5837 3341 5868; x_wconf 73' lang='grc' dir='ltr'><strong>ι</strong></span> 
     </span>
    </p>
   </div>
  </div>
