3766 6566
87 483 223 539 1013
1035 483 1388 541 COMMENT.
1430 485 1497 541 IN
1537 485 1574 541 E

1848 487 1882 542 D
1917 484 2087 545 ROM.
2129 485 2259 544 LIB.
2297 485 2362 543 ν.
3202 493 3335 549 1011

83 598 174 665 qui
197 595 440 652 mundus
470 596 829 667 appellantur,
861 597 914 653 id
938 597 1103 671 548
1123 610 1228 666 est,
1251 613 1492 658 terrenos
1515 603 1650 672 (53),
1681 610 1729 668 Α
1765 606 1889 660 terit
1915 618 2131 662 sensus.
2167 603 2275 660 Sed
2308 613 2364 659 et
2387 601 2515 658 illud
2548 617 2692 674 stepe
2707 601 2822 672 jam
2856 605 3118 674 diximus,
3149 608 3201 663 in
3234 613 3333 665 hac

87 693 324 746 intrasse
363 691 498 746 dicit
523 700 827 760 peccatum,
874 700 929 747 et
979 707 1246 764 nusquam
1299 695 1416 764 ejus
1450 699 1652 754 exitum
1755 699 1998 768 Epistola
2027 697 2258 754 Paulum
2282 697 2352 750 de
2379 695 2821 767 multisquidem
2866 698 3102 770 legibus,
3137 703 3230 756 sed
3268 707 3334 758 de

83 785 259 852 ponit.
283 782 341 836 In
371 799 467 838 eos
491 799 621 840 vero
648 799 786 856 quos
809 784 919 853 jam
963 786 1212 843 homines
1239 790 1352 844 vult
1399 789 1650 861 intelligi,
1753 790 1989 846 naturali
2017 792 2132 861 lege
2163 785 2508 858 frequentius
2552 787 2848 856 disputare,
2879 791 3025 860 quod
3066 799 3120 846 et
3147 792 3198 844 in
3232 793 3332 847 hoc

85 877 209 930 dicit
237 878 604 946 pertransisse
638 887 940 948 peccatum,
980 880 1035 932 id
1068 889 1152 934 est
1196 879 1365 937 fuisse
1405 883 1650 952 quidem,
1754 882 1875 936 loco
1903 882 2174 952 praecipue
2204 879 2647 948 deprehenditur.
2677 879 2860 952 Usque
2885 883 2952 936 ad
2977 882 3147 952 legem
3185 883 3329 938 enim

82 971 170 1023 sed
208 983 313 1038 per
355 970 729 1039 pmnitentiam
781 972 1159 1028 conversionis
1209 974 1324 1044 (54)
1368 977 1651 1045 depulsum
1754 973 2058 1028 naturalem
2081 981 2366 1043 peccatum
2400 979 2676 1026 mortuum
2705 982 2788 1028 est
2816 973 2952 1046 (58).
2997 974 3136 1043 Ergo
3175 985 3331 1030 certo

81 1074 217 1123 esse,
245 1070 306 1114 et
334 1062 717 1129 pertransisse,
749 1075 852 1127 nec
882 1062 1024 1118 ultra
1051 1064 1102 1118 in
1127 1065 1207 1120 eis
1236 1066 1474 1122 stetisse.
1498 1065 1654 1124 Unde
1750 1063 1930 1120 aetatis
1964 1072 2205 1134 tempore
2235 1061 2329 1120 ubi
2379 1062 2604 1118 rationis
2643 1077 2814 1134 capax
2843 1080 2963 1120 esse
2995 1066 3119 1137 quis
3147 1080 3330 1136 ctepe-

86 1159 328 1220 apparet,
373 1153 426 1206 in
456 1151 683 1208 Litteris
717 1153 866 1208 Pauli
921 1169 989 1211 ne
1020 1171 1182 1210 unam
1228 1157 1443 1226 quidem
1485 1158 1651 1230 sylla-
1752 1156 1843 1223 rit,
1867 1164 1924 1211 et
1949 1155 2081 1224 justi
2107 1156 2425 1226 iniustique,
2457 1153 2596 1222 aequi
2627 1163 2682 1209 et
2706 1154 2874 1224 iniqui
2911 1155 3112 1211 habere
3135 1157 3330 1213 discri-

86 1241 202 1296 batn
234 1257 462 1297 vacuam
510 1244 703 1299 sentiri
757 1243 960 1301 debere
1009 1249 1302 1317 mysteriis.
1361 1249 1652 1308 Videamus
1752 1261 1898 1312 men,
1930 1255 2058 1302 tunc
2113 1257 2420 1317 peccatum,
2457 1247 2602 1316 quod
2652 1247 2801 1318 prius
2857 1249 2997 1302 intra
3053 1248 3327 1304 hominem

84 1348 220 1388 nunc
244 1336 520 1404 quomodo
545 1336 747 1392 dictum
780 1347 907 1394 est:
945 1357 965 1390 ι
1000 1337 1184 1409 Usque
1207 1342 1274 1396 ad
1302 1342 1472 1412 legem
1501 1343 1650 1398 enim
1749 1338 1899 1394 velut
1933 1351 2204 1396 mortuum
2237 1340 2565 1404 habebatur,
2602 1340 2930 1395 reviviscere
2963 1340 3182 1408 dicitur,
3223 1357 3326 1411 pro

81 1434 359 1494 peccatum
393 1427 446 1482 in
474 1429 577 1484 hoc
610 1429 840 1496 mundo;
871 1440 1156 1500 peccatum
1186 1443 1368 1487 autem
1399 1450 1506 1490 non
1543 1435 1647 1490 im-
1751 1445 1818 1484 eo
1849 1431 1996 1501 quod
2025 1442 2110 1488 est
2133 1432 2243 1501 jam
2285 1432 2622 1488 intrinsecus
2645 1432 2733 1487 lex
2765 1447 2888 1501 quae
2913 1441 3077 1497 vetet,
3100 1444 3156 1488 et
3181 1435 3325 1490 ratio

81 1525 315 1584 putatur,
345 1533 466 1572 cum
491 1517 577 1574 lex
602 1533 708 1574 non
734 1530 837 1576 est.
873 1539 894 1574 ι
933 1519 1048 1576 Hoc
1091 1523 1144 1577 in
1191 1523 1310 1580 loco
1352 1526 1646 1580 secundum
1747 1538 1870 1594 quae
1899 1526 2154 1581 ostendat
2177 1540 2282 1580 non
2310 1539 2430 1581 esse
2452 1524 2762 1582 faciendum
2792 1525 2926 1596 (59).
2957 1523 3064 1582 Sed
3089 1535 3147 1580 ut
3167 1541 3325 1597 aper-

81 1623 192 1662 eam
223 1609 635 1667 similitudinem
668 1628 833 1682 quam
883 1629 1047 1684 supra
1093 1617 1462 1685 exposuimus,
1501 1618 1650 1673 vide-
1749 1618 1858 1674 tius
1909 1617 2244 1689 intelligatur
2285 1619 2430 1688 quod
2471 1619 2743 1680 dicimus,
2798 1616 3039 1672 evidenti
3102 1627 3322 1673 utamur

84 1712 162 1755 tur
191 1701 325 1755 mihi
375 1701 576 1758 Paulus
617 1719 712 1772 per
743 1705 908 1760 alium
966 1706 1171 1760 aditum
1221 1707 1536 1777 ingressus,
1595 1718 1649 1764 et
1746 1710 2018 1781 exemplo.
2049 1711 2321 1781 Scriptum
2348 1718 2474 1766 est:
2513 1729 2533 1764 ‹
2564 1709 2668 1778 Qui
2719 1709 3044 1774 percusserit
3086 1717 3318 1777 patrem,

79 1806 169 1860 per
193 1792 361 1846 alium
407 1807 679 1864 egressus.
733 1796 864 1863 Quis
920 1797 1066 1851 enim
1095 1811 1222 1852 eum
1273 1808 1451 1870 potest
1491 1801 1646 1872 sequi
1747 1802 1830 1857 vel
1859 1810 2112 1868 matrem,
2147 1811 2322 1859 morte
2349 1804 2620 1859 moriatur
2645 1803 2728 1868 '°;
2768 1818 2790 1852 ι
2821 1807 2916 1854 et:
2954 1819 2973 1852 ι
3008 1801 3110 1868 Qui
3148 1799 3318 1857 male-

81 1898 168 1950 per
205 1882 369 1938 istum
401 1885 607 1940 aditum
651 1901 760 1956 quo
791 1888 1038 1957 pluribus
1069 1889 1285 1945 videtur
1338 1892 1642 1960 ingressus,
1745 1893 1944 1950 dixerit
1970 1895 2134 1964 patri,
2160 1901 2252 1950 aut
2287 1897 2475 1960 matri,
2507 1904 2684 1950 morte
2721 1891 2991 1948 moriatur
3020 1893 3090 1947 7‘.
3129 1912 3146 1944 ι
3179 1892 3320 1947 Puer

80 1985 128 2025 ut
153 1973 217 2028 de
260 1973 379 2047 lege
405 1976 590 2050 Moysi
639 1980 828 2036 dicere
879 1980 1212 2050 intelligatur
1251 1983 1376 2053 quia
1409 2002 1430 2036 ι
1471 1999 1641 2056 usque
1668 1971 1715 2032 Β
1741 2001 1871 2058 ergo
1899 1988 2153 2057 parvulus
2188 1998 2425 2058 quatuor
2455 1988 2574 2044 fere
2612 1998 2708 2042 aut
2758 1990 3003 2058 quinque
3044 2001 3314 2041 annorum

81 2067 140 2117 ad
165 2065 338 2136 legem
368 2079 648 2136 peccatum
673 2071 724 2125 in
756 2071 858 2126 hoc
885 2074 1088 2127 mundo
1113 2090 1128 2130 :
1157 2087 1440 2144 peccatum
1458 2088 1636 2133 autem
1739 2079 1807 2144 si,
1867 2089 1927 2134 ut
1959 2079 2076 2135 ﬁeri
2121 2079 2278 2144 solet,
2325 2081 2633 2149 indignatus
2693 2082 2844 2150 virga
2899 2078 3172 2148 percutiat
3201 2078 3316 2149 (60)

82 2173 177 2210 non
202 2159 526 2229 imputatur,
554 2177 677 2217 cum
717 2163 802 2218 lex
847 2165 1102 2221 nonest?
1141 2186 1160 2218 ι
1190 2167 1344 2236 quasi
1384 2177 1516 2226 ante
1557 2170 1638 2225 ιε·
1738 2178 1949 2240 patrem
1969 2180 2066 2226 aut
2090 2181 2342 2239 matrem,
2371 2182 2636 2242 quantum
2690 2171 2758 2225 ad
2789 2176 3120 2239 praeceptum
3163 2182 3312 2223 man-

81 2264 186 2318 gem
214 2261 494 2319 peccatum
526 2268 630 2311 non
657 2253 844 2322 luerit,
872 2267 926 2312 et
959 2272 1117 2313 nemo
1160 2261 1488 2328 peccaverit,
1537 2275 1638 2317 nec
1738 2264 1850 2319 dati
1883 2273 2092 2334 spectat
2122 2272 2353 2319 mortem
2384 2264 2544 2319 debet
2567 2262 2702 2333 (61).
2741 2262 2846 2317 Sed
2871 2262 2996 2331 quia
3024 2262 3112 2315 lex
3141 2259 3194 2312 in
3224 2259 3316 2312 illo

83 2349 375 2408 reputatum
414 2344 578 2401 fuerit
605 2347 699 2402 ulli
737 2359 1016 2418 peccatum
1059 2350 1171 2423 (55)
1220 2363 1510 2424 antequam
1549 2356 1637 2412 lex
1739 2354 1978 2408 nondum
2003 2363 2087 2409 est
2120 2353 2407 2416 naturalis,
2443 2366 2562 2423 quae
2593 2367 2719 2408 eum
2749 2351 2946 2408 doceat
2980 2367 3086 2406 non
3113 2351 3314 2406 debere

82 2429 233 2502 Moysi
277 2435 518 2501 daretur,
553 2453 677 2494 cum
728 2439 970 2510 legamus
1004 2452 1058 2497 et
1103 2443 1273 2510 Cain,
1307 2455 1361 2501 et
1393 2446 1634 2505 Lamech
1738 2442 1991 2514 iniuriam
2042 2445 2226 2499 facere
2278 2443 2420 2514 patri
2463 2452 2558 2498 aut
2607 2443 2794 2508 matri,
2821 2457 2920 2498 nec
2963 2445 3068 2498 scit
3109 2443 3163 2497 in
3208 2441 3312 2497 hoc

82 2534 375 2591 repntatum
402 2543 525 2584 esse
555 2541 854 2599 peccatum,
881 2542 938 2588 et
973 2535 1063 2606 (ne
1095 2552 1194 2606 per
1241 2538 1486 2608 singulos
1530 2541 1635 2594 im-
1737 2536 1941 2590 crimen
1973 2537 2270 2607 impietatis
2299 2537 2512 2593 admitti
2539 2537 2653 2610 (62)
2690 2554 2704 2590 :
2736 2546 2820 2593 est
2848 2537 3066 2607 quidem
3097 2535 3313 2605 species

80 2617 359 2689 πηοτεωυτ)
406 2620 460 2674 in
511 2629 718 2678 tantum
782 2640 879 2695 pro
935 2629 1173 2694 peccatis
1221 2629 1498 2685 hominum
1540 2647 1636 2688 ex-
1735 2629 1949 2699 peccati.
1994 2629 2138 2699 quod
2186 2627 2346 2696 facit;
2395 2631 2521 2698 quia
2553 2631 2792 2700 percutit
2821 2639 3030 2699 patrem
3081 2629 3162 2682 vel
3193 2643 3308 2681 ma-

81 2709 383 2764 acerbatum
409 2726 530 2767 esse
558 2713 745 2776 Deum,
777 2724 840 2770 ut
867 2716 1125 2773 diluvium
1151 2722 1353 2776 mundo
1385 2722 1634 2778 introdu-
1737 2731 1897 2786 trem,
1935 2730 2028 2774 aut
2072 2719 2348 2776 maledicit
2389 2720 2535 2792 (65);
2585 2723 2677 2776 sed
2713 2730 2986 2778 mortuum
3040 2728 3124 2774 est
3161 2720 3214 2773 in
3243 2733 3308 2774 eo

81 2810 231 2866 θεῖοι,
273 2812 331 2857 ει
375 2803 622 2861 diceret:
673 2825 692 2860 ι
727 2806 929 2864 Delebo
981 2826 1196 2866 omnem
1242 2828 1461 2870 carnem
1514 2829 1634 2884 quae
1733 2821 2039 2880 peceatum,
2066 2813 2193 2883 quia
2221 2828 2320 2883 per
2344 2813 2649 2868 absentiam
2685 2812 2950 2867 naturalis
2977 2811 3135 2881 legis,
3183 2825 3308 2880 qua

79 2906 222 2961 super
250 2904 457 2951 terram
487 2909 576 2955 est
597 2899 676 2966 ‘7;
714 2918 734 2953 ι
768 2911 825 2955 ει
850 2917 1068 2958 rursum
1098 2903 1411 2963 Sodomitas
1441 2907 1631 2978 igneus
1733 2903 1789 2958 in
1819 2919 1884 2959 eo
1912 2905 2149 2960 nondum
2189 2914 2298 2970 est,
2329 2915 2609 2974 peccatum
2641 2906 2691 2960 ei
2737 2921 2844 2960 non
2873 2913 3054 2974 potest
3083 2915 3304 2974 reputa—

79 2985 233 3040 imher
253 2997 312 3042 et
337 2989 632 3060 sulphurea
662 2991 876 3047 ﬂamma
905 2997 1204 3051 vastaverit
1229 2997 1298 3052 “.
1349 2996 1632 3065 Quomodo
1733 2997 1801 3052 ri.
1833 2996 2080 3052 Nondum
2119 3006 2204 3054 est
2242 2999 2387 3054 enim
2429 2999 2571 3052 intra
2613 3013 2739 3052 eum
2792 2997 2932 3052 ratio
2977 3005 3152 3060 tanta,
3183 3012 3305 3066 qua

78 3092 190 3147 ergo
225 3080 279 3135 in
320 3082 432 3149 his,
461 3085 544 3139 vel
583 3085 637 3141 in
687 3087 1056 3156 hujuscemodi
1090 3091 1202 3162 (56)
1245 3095 1485 3162 peccatis
1524 3096 1628 3151 dici
1731 3105 1855 3145 eum
1903 3090 2096 3146 doceat
2130 3092 2232 3146 hoc
2265 3091 2410 3159 quod
2446 3089 2598 3156 facit,
2642 3090 2759 3144 ﬁeri
2805 3105 2912 3145 non
2959 3089 3202 3144 debere:
3247 3097 3303 3144 et

77 3181 233 3239 potest
262 3189 372 3229 non
409 3174 578 3234 fuisse
607 3191 908 3248 peccatum,
943 3184 1028 3238 vel
1057 3184 1108 3237 in
1146 3185 1401 3240 vindiciis
1432 3187 1629 3243 talibus
1659 3202 1662 3206 ·
1733 3179 1854 3233 ideo
1879 3180 2044 3234 etiam
2072 3195 2099 3234 a
2135 3180 2453 3248 parentibus
2497 3195 2610 3234 non.
2650 3179 2824 3234 solum
2880 3196 2984 3234 non
3019 3190 3303 3248 reputatur

81 3267 342 3370 negabitur
397 3280 703 3339 reputatum
750 3287 873 3328 esse
917 3277 1234 3344 peccatum?
1296 3276 1362 3331 Et
1395 3278 1512 3333 ideo
1537 3293 1629 3334 oc-
1655 3313 1698 3370 ο
1730 3273 1803 3327 ad
1833 3273 2070 3344 culpam,
2095 3273 2194 3328 sed
2233 3273 2298 3327 ad
2331 3272 2560 3344 gratiam
2590 3272 3098 3343 iucunditatemque
3124 3273 3304 3326 susci-

81 3356 284 3414 cultiore
306 3359 458 3415 aditu
482 3363 755 3434 digressus
784 3365 939 3420 nobis
977 3367 1332 3434 requirendus
1361 3381 1445 3424 est
1470 3369 1625 3427 Pauli
1659 3356 1698 3370 “’
1732 3366 1894 3436 pitur.
1933 3364 1997 3420 Et
2034 3366 2138 3420 hoc
2165 3366 2324 3420 modo
2351 3374 2774 3436 consequenter,
2806 3375 2866 3420 ut
2903 3378 3008 3436 ego
3036 3365 3302 3431 arbitror,

80 3449 122 3502 in
146 3466 205 3506 eo
239 3455 388 3522 quod
414 3455 564 3521 dicit,
610 3472 630 3506 ι
670 3455 850 3526 Usque
874 3459 941 3513 ad
970 3458 1141 3530 legem
1171 3462 1314 3516 enim
1343 3474 1624 3532 peccatum
1733 3456 1955 3527 intelligi
2005 3465 2182 3526 potest
2222 3459 2368 3526 quod
2409 3456 2701 3527 Apostolus
2734 3457 2911 3511 dicit:
2950 3475 2968 3507 c
3010 3453 3192 3524 Usque
3233 3455 3302 3507 ad

80 3543 124 3596 in
163 3545 259 3600 hoc
291 3551 543 3606 mundo:
584 3561 862 3621 peccatum
919 3563 1096 3608 autem
1152 3571 1258 3612 non
1306 3557 1622 3626 ὶπιριιιειιυιι,
1733 3549 1902 3618 legem
1935 3551 2079 3604 enim
2134 3561 2410 3620 peccatum
2453 3551 2509 3603 in
2551 3550 2654 3604 hoc
2697 3548 2921 3614 mundo,
2963 3568 2983 3600 ι
3013 3559 3072 3604 ιιι
3099 3549 3303 3604 subau-

79 3652 180 3692 cum
200 3639 282 3694 lex
309 3657 416 3696 non
445 3652 548 3699 est.
586 3663 606 3698 ι
634 3644 941 3702 Invenimus
970 3661 1092 3702 eum
1126 3658 1183 3704 et
1209 3650 1262 3704 in
1297 3649 1408 3722 (57)
1441 3661 1566 3722 posti

1825 3650 1934 3706 tur,
1979 3652 2273 3696 mortuum.
2313 3660 2333 3694 ι
2367 3640 2653 3696 Peccatum
2681 3650 2861 3696 autem
2903 3655 3010 3695 non
3070 3641 3307 3710 imputa-

82 3726 289 3787 rioribus
317 3731 480 3801 hujus
515 3733 768 3804 Epistula:
795 3737 1064 3793 dicentem
1101 3741 1204 3794 hoc
1231 3743 1424 3797 modo;
1450 3759 1468 3793 ι
1494 3742 1627 3799 δίκε
1734 3740 1842 3796 tur,
1880 3747 2006 3787 cum
2053 3735 2137 3788 lex
2173 3749 2278 3787 non
2323 3743 2426 3788 est.
2462 3751 2482 3785 ι
2506 3731 2769 3787 Convenit
2811 3732 2955 3786 enim
3003 3732 3302 3786 secundum

79 3819 177 3889 lege
196 3825 340 3880 enim
378 3835 658 3894 peccatum
687 3839 958 3884 mortuum
991 3839 1112 3886 erat
1138 3847 1154 3885 τ
1183 3847 1283 3902 ego
1317 3842 1499 3889 autem
1536 3835 1621 3888 vi-
1733 3822 1872 3878 hanc
1926 3824 2325 3893 expositionem
2366 3824 2529 3878 etiam
2573 3822 2704 3878 illud
2743 3823 2972 3888 intelligi
3023 3822 3134 3894 (64)
3159 3823 3302 3892 quod

80 3914 246 3970 veham
271 3921 394 3973 sine
420 3917 538 3990 lege
574 3920 864 3990 aliquando
899 3921 966 3978 ".
1007 3941 1026 3975 ι
1062 3923 1119 3978 In
1165 3939 1271 3994 quo
1306 3941 1444 3983 unus
1487 3929 1623 3983 mihi
1729 3915 1862 3969 dicit
1901 3914 2238 3984 Apostolus:
2286 3934 2306 3967 ‹
2336 3915 2450 3985 Ego
2487 3924 2668 3969 autem
2716 3915 2966 3969 vivebam
3013 3916 3134 3970 sine
3184 3915 3303 3983 lege

82 4015 217 4073 atque
240 4008 385 4063 idem
411 4024 604 4066 sensus
633 4011 848 4067 videtur
878 4015 1162 4086 utriusque
1179 4017 1426 4086 capituli.
1467 4019 1569 4086 QIH

1814 4009 2020 4076 quando
2050 4009 2117 4063 τ’.
2157 4027 2179 4062 ι
2235 4007 2369 4062 Nam
2429 4007 2701 4078 qdomodo
2756 4006 2956 4061 Paulus
3009 4007 3128 4062 sine
3179 4005 3301 4076 lege

81 4099 198 4151 enim
229 4100 316 4156 hic
341 4102 529 4156 deerat
559 4103 613 4157 in
635 4118 906 4171 sermone,
933 4105 1005 4159 ibi
1033 4107 1365 4177 adimplevit,
1387 4122 1405 4156 ι
1439 4107 1624 4180 Usque
1728 4096 1900 4167 Moysi
1923 4097 2199 4151 invenitur
2235 4096 2527 4166 aliquando
2564 4097 2790 4162 vixisse,
2831 4111 2956 4151 cum
2994 4097 3110 4167 ipse
3143 4097 3210 4151 de
3241 4111 3304 4150 se

83 4187 136 4239 ad
175 4189 339 4259 legem
389 4192 533 4246 enim
583 4200 860 4262 peccatum
900 4193 955 4247 in
993 4193 1095 4249 hoc
1145 4195 1365 4261 mundo,
1412 4216 1432 4249 ι
1470 4199 1624 4253 deest
1728 4189 1877 4244 dicat
1901 4189 1949 4222 ⁷³
1980 4188 2108 4260 quia
2162 4187 2422 4244 Hebraeus
2469 4202 2537 4242 ex
2582 4187 2826 4244 Hebraeis
2871 4189 2964 4253 sit,
3019 4198 3074 4243 et
3102 4197 3301 4243 octava

87 4293 420 4349 «mortuum,
469 4301 488 4334 ι
533 4283 676 4352 quod
737 4284 812 4340 ibi
855 4285 1158 4343 evidentius
1211 4289 1500 4357 expressit.
1563 4288 1620 4345 Si
1727 4282 1817 4337 die
1865 4280 2228 4336 circumcisus
2278 4272 2518 4335 statima
2547 4278 2832 4334 nativitate
2867 4279 2919 4333 in
2955 4278 3122 4349 Moysi
3165 4279 3300 4349 legis

83 4384 189 4439 ergo
219 4373 381 4427 etiam
412 4373 498 4429 hic
521 4373 815 4444 jungamns
847 4375 1012 4431 istum
1039 4393 1368 4442 sermonem,
1391 4386 1447 4433 et
1472 4377 1622 4434 dica-
1727 4374 2070 4431 observantia
2121 4372 2316 4428 fuerit?
2384 4370 2493 4427 Sed
2548 4378 2764 4427 constat
2805 4385 2928 4424 eum
2984 4371 3299 4440 aliquando,
3337 4395 3340 4398 -

84 4475 212 4517 inus:
243 4483 262 4517 ι
305 4464 488 4536 Usque
510 4465 576 4520 ad
605 4467 778 4538 legetn
805 4469 949 4524 enim
978 4479 1259 4539 peccatum
1290 4473 1486 4526 eratin
1519 4473 1622 4529 hoc
1726 4468 1832 4524 hoc
1859 4475 1942 4522 est
1976 4469 2030 4522 in
2060 4466 2252 4536 puerili
2299 4474 2474 4531 aetate,
2532 4472 2824 4532 antequam
2867 4463 3096 4519 rationis
3129 4477 3300 4532 capax

86 4554 257 4609 mundo
287 4574 308 4608 ι
346 4566 615 4613 mortuum
641 4575 656 4611 :
692 4578 711 4612 ι
737 4568 1016 4630 peccatum
1048 4569 1226 4617 autem
1248 4577 1356 4618 non
1386 4564 1622 4634 imputa-
1728 4559 1904 4625 ﬁeret,
1930 4559 2047 4614 sine
2075 4557 2311 4612 naturali
2333 4556 2450 4626 lege
2475 4555 2698 4611 vixisse.
2723 4555 2973 4611 Nondum
2999 4557 3144 4611 enim
3168 4557 3218 4609 ei
3246 4557 3298 4609 in

86 4650 173 4708 tur,
201 4661 318 4702 cum
353 4648 438 4703 lex
468 4664 571 4704 non
600 4661 704 4713 est,
745 4668 765 4702 ι
794 4651 916 4706 vide
939 4651 1066 4720 quia
1097 4652 1310 4722 integre
1344 4663 1491 4710 stare
1523 4671 1621 4725 ρο·
1649 4671 1695 4728 ι)
1727 4650 1812 4705 illa
1831 4659 1989 4705 aetate
2012 4649 2191 4705 inerat
2211 4648 2346 4719 juSti
2377 4647 2678 4717 iniustique
2709 4647 3009 4713 distinctio,
3039 4661 3141 4701 nec
3162 4648 3298 4701 recti

138 4756 174 4786 "
194 4757 323 4813 Gen.
353 4776 428 4826 vi,
462 4761 514 4814 7.
555 4762 636 4833 1"
662 4762 797 4818 Gen.
836 4780 948 4830 xtx,
980 4764 1075 4820 24.
1181 4766 1226 4798 ⁶⁹
1261 4767 1418 4827 Rom.
1449 4787 1544 4838 vn,

84 4823 118 4853 ⁷³
141 4826 322 4900 Philip.
360 4847 441 4896 HI,
464 4831 518 4887 5.

1811 4769 2025 4824 “Exod.
2067 4783 2183 4833 ut,
2211 4765 2297 4821 l5.
2403 4767 2446 4798 τί
2477 4765 2606 4821 ibid.
2652 4763 2739 4820 17.
2847 4763 3072 4816 "Rom.
3107 4768 3203 4822 vn.
3241 4762 3293 4818 9.

141 4945 238 5019 (55)
265 4949 437 5016 Alias,
470 4969 490 5002 ‹
535 4953 757 5008 terreni.
794 4971 812 5005 ι
1720 4949 1838 5003 ﬁeri
1870 4951 2010 5003 solet
2038 4946 2347 5017 indignatus
2376 4947 2526 5018 virga
2551 4953 2839 5019 percutiat.
2880 4969 2900 5002 ι
2935 4950 3081 5004 Editi
3135 4953 3298 5006 Oltlil-

139 5017 236 5090 (ξι)
259 5022 429 5085 Alias,
468 5043 487 5077 ι
520 5023 977 5086 conversationis,
1013 5041 1034 5076 ι
1071 5021 1230 5078 male.
1723 5028 1841 5073 tunt
1868 5037 1886 5071 ι
1925 5020 2096 5090 virga.
2136 5036 2156 5068 ι

140 5087 432 5166 (55)_E_diti,
477 5109 632 5166 «(nec
678 5104 987 5163 reputatum
1037 5093 1174 5166 [al.,
1207 5111 1228 5146 ι
1266 5107 1370 5148 nec
1426 5109 1619 5164 pecca-
1738 5160 1751 5166 _
1789 5090 1902 5166 (61)
1933 5089 2007 5143 lta
2039 5103 2230 5145 omnes
2276 5103 2408 5145 mss.
2453 5096 2648 5148 nostri.
2702 5091 2842 5147 Editi
2893 5106 3058 5156 vero,
3093 5109 3112 5142 ι
3151 5092 3294 5150 mori

91 5160 259 5235 lutet]
289 5163 458 5235 (fuerit
489 5163 564 5235 illi
599 5160 904 5234 peccatum.
937 5183 956 5216 ι
1160 5160 1167 5162 ⁷
1427 5160 1444 5164 ⁷
1720 5160 1900 5235 debet,
1939 5178 1961 5235 ρ

143 5229 446 5308 (56)ξΑιὶειε,
473 5255 491 5288 ι
524 5229 806 5308 Quomodo
831 5249 960 5306 ergo
987 5234 1069 5291 vel
1089 5235 1143 5290 in
1165 5235 1562 5308 hujuscemodi,
1592 5255 1611 5288 ι
1792 5229 1908 5308 (62)
1936 5231 2014 5308 lta
2044 5237 2194 5285 recte
2218 5243 2489 5308 mS_.nllr_lu_S
2517 5230 2718 5308 Regius
2764 5247 2917 5286 num.
2950 5232 3108 5308 1650.
3137 5233 3296 5308 Alter

88 5298 192 5361 etc.,
219 5298 467 5370 absque}
497 5298 578 5359 vel
606 5305 659 5358 in
687 5305 794 5361 his.
832 5323 850 5355 ι
895 5298 922 5306 ⁷
1235 5298 1254 5308 ⁷
1550 5298 1556 5300 ’
1720 5298 1850 5356 vero
1874 5298 2075 5371 Regius
2105 5315 2255 5354 num.
2290 5298 2418 5371 1641
2453 5298 2637 5364 habei,
2675 5323 2692 5354 ι
2729 5317 2836 5356 non
2864 5303 3024 5357 estin
3054 5303 3158 5356 hoc
3182 5305 3296 5357 cri-

143 5371 238 5444 (ξῖ)
270 5369 435 5444 Editi,
472 5394 490 5428 ι
527 5375 870 5430 inveniemus
898 5390 1021 5429 eum
1056 5377 1133 5444 in,
1175 5394 1194 5429 ι
1224 5384 1336 5432 etc.
1723 5388 1843 5425 men
1877 5369 2176 5444 impietatis
2198 5369 2456 5444 :_eminet
2484 5372 2610 5440 quia
2641 5381 2696 5425 et
2735 5373 3054 5442 estquidem
3086 5374 3296 5442 species

144 5438 239 5516 (58)
267 5441 361 5497 Sic
392 5456 535 5501 recte
579 5461 683 5498 ms.
716 5459 854 5499 unus
886 5444 1086 5516 Regius
1119 5438 1276 5501 'num.
1320 5445 1478 5502 1659.
1504 5446 1620 5502 C:e-
1721 5438 2003 5516 peccati.)
2043 5450 2150 5516 etc.
2205 5438 2399 5516 Galeri
2433 5438 2561 5516 vero
2609 5457 2741 5516 mss.
2767 5438 2870 5516 Aet'
2898 5438 3291 5516 editihabent,

91 5510 168 5589 teri
195 5510 316 5566 vero
338 5529 468 5594 mss.
497 5525 553 5571 et
582 5515 734 5582 editi,
762 5510 1067 5594 perperam,
1097 5534 1117 5567 ι
1158 5531 1328 5586 usque
1353 5519 1420 5572 ad
1441 5517 1617 5587 legem
1723 5510 1745 5564 ι
1784 5512 1864 5594 vel
1890 5511 2028 5565 sciat
2053 5511 2107 5591 in
2137 5510 2241 5562 hoc
2279 5510 2483 5594 crimen
2515 5512 2810 5583 impietatis
2841 5513 3057 5570 admitti
3091 5529 3106 5566 ε
3132 5524 3189 5568 ει
3210 5525 3296 5567 est

91 5586 547 5656 elli‘mhngturalem,
573 5600 692 5655 quae
723 5595 874 5640 certo
923 5587 1099 5656 tetatls
1132 5595 1397 5656 tempore,
1456 5605 1476 5639 ι
1510 5586 1618 5642 etc.
1720 5586 2172 5656 quid§m_§pecies
2191 5586 2421 5656 νεῦσε-ιι,
2457 5600 2476 5656 ι
2512 5594 2616 5637 ειε.

145 5650 239 5727 (59)
263 5652 352 5710 Sic
383 5650 572 5710 omnes
593 5650 728 5710 mss.
760 5656 953 5727 nostri.
983 5655 1126 5710 Editi
1155 5650 1306 5721 vero,
1347 5650 1506 5727 t'pro
1548 5673 1616 5712 eo
1738 5650 1752 5653 ’
1792 5652 1904 5719 (63)
1937 5653 2026 5705 Sic
2055 5665 2158 5727 ins.
2191 5665 2328 5704 unus
2347 5650 2545 5722 Regius
2571 5669 2723 5727 num.
2749 5655 2912 5710 1641.
2939 5655 3131 5727 ϐεειετί
3163 5671 3292 5710 vero

92 5723 203 5798 quod
223 5721 304 5778 est
325 5741 448 5779 cum
465 5727 800 5798 intrinsecus
823 5725 909 5780 lex
931 5741 1050 5797 qua:
1073 5737 1238 5794 vetat,
1268 5721 1615 5785 ratio-osten-
1720 5737 1855 5798 mss.
1902 5731 1957 5775 et
2004 5721 2157 5785 editi,
2195 5739 2215 5772 ι
2254 5731 2482 5777 matrem
2527 5725 2673 5779 enim
2713 5730 2968 5798 percutit,
3003 5726 3086 5781 vel
3119 5728 3291 5781 male-

93 5790 160 5840 dat
183 5807 279 5847 non
309 5811 429 5852 esse
458 5796 719 5852 facienda.
947 5790 967 5797 ’
1223 5790 1234 5794 ⁷
1719 5793 1868 5848 dicit.
1912 5810 1932 5844 ι

148 5852 338 5938 (Mss
376 5866 467 5930 (ut
515 5864 630 5931 ﬁeri
681 5866 846 5936 solet)
886 5867 1189 5937 indignatus
1240 5869 1386 5937 virga
1433 5884 1616 5938 percu-
1797 5864 1909 5937 (61)
1953 5863 2208 5936 lnielligi.
2249 5865 2409 5922 Deest
2448 5868 2502 5923 in
2543 5865 2720 5922 editis.

100 5922 190 5978 κίοι.
237 5929 321 5984 Sic
375 5922 525 5988 recte
573 5949 677 5991 ms.
733 5922 909 6005 unus;
967 5922 1146 5994 caeteri
1204 5922 1363 6004 vero",
1411 5922 1442 5991 ι’
1491 5939 1633 5995 sicut
