3766 6572
459 457 598 514 10i5

1931 452 2251 511 ORIGENIS
2315 505 2318 507 Α

3551 458 3668 515 1016

456 575 722 648 pravique
769 574 994 645 patebat
1025 580 1277 627 examen.
1339 570 1491 638 Quod
1541 573 1608 627 de
1642 571 1872 650 naturali
1911 572 2028 640 lege
2055 572 2105 628 A
2133 579 2370 640 putatur.
2409 571 2475 626 Et
2501 571 2772 640 quomodo
2803 578 2928 626 ante
2952 570 3124 642 legem
3153 569 3321 643 Moysi
3347 571 3432 627 vel
3463 587 3670 640 serpens

455 671 564 725 diei
624 669 679 723 iu
728 665 1079 736 sequentibus
1127 665 1416 720 evidenter
1462 665 1723 730 ostendit,
1761 680 1882 720 cum
1939 665 2020 720 di-

455 762 530 816 cit
549 761 596 793 ⁷⁸
620 777 634 811 :
668 778 688 812 α
717 759 820 814 Sed
843 759 932 813 ubi
953 759 1102 813 venit
1121 758 1457 822 mandatum,
1481 767 1758 827 peccatum
1781 757 1980 812 revixit
2004 774 2019 810 :

456 852 622 925 549
649 867 746 922 ego
771 862 948 907 autem
976 861 1220 908 mortuus
1249 867 1389 905 sum.
1427 869 1446 904 ι
1504 850 1608 904 Per
1658 851 1800 921 quod
1833 850 2021 906 decla-

454 955 544 1000 rat
573 946 716 1002 illius
743 947 924 1000 :etatis
959 953 1183 1016 peccata
1212 944 1381 999 fuisse
1409 944 1652 1013 quidem,
1677 943 1770 998 sed
1806 952 2022 998 mortua

454 1038 668 1102 habita,
689 1038 814 1107 quia
847 1053 953 1093 non
983 1038 1375 1108 reputabuntur
1402 1036 1471 1090 ad
1501 1036 1732 1106 culpam.
1766 1037 1866 1092 Ubi
1893 1052 2023 1091 vero

454 1129 621 1197 coepi,
660 1129 852 1197 inquit,
906 1129 1046 1183 scire
1094 1127 1222 1196 quid
1249 1127 1514 1198 agendum
1547 1127 1640 1193 sit,
1671 1127 1798 1194 quid
1827 1143 2024 1182 caven-

455 1221 582 1274 dum
614 1229 669 1272 et
697 1219 974 1273 vitandum
1009 1218 1143 1290 (65),
1175 1228 1232 1273 et
1259 1219 1570 1272 mandatum
1607 1217 1738 1288 legis
1769 1219 1908 1272 intra
1936 1233 2022 1273 me

451 1311 688 1380 vigentis
725 1315 1004 1379 accipere;
1047 1321 1174 1366 tunc
1223 1312 1275 1364 in
1330 1324 1417 1364 me
1470 1310 1672 1366 revixit
1714 1322 2018 1382 peccatum,

451 1404 597 1472 quod
623 1404 775 1473 prius
805 1419 904 1473 per
931 1405 1229 1459 absentiam
1260 1404 1395 1473 legis
1422 1416 1692 1459 mortuum
1712 1404 2017 1471 videbatur,

449 1506 507 1549 et
549 1513 570 1548 ε
592 1509 752 1566 ego,v
798 1496 989 1566 inquit,
1019 1513 1038 1546 ι
1072 1507 1320 1552 mortuus
1341 1510 1462 1550 sum
1488 1497 1608 1551 '5‘:
1638 1515 1658 1548 ι
1691 1497 1857 1566 coepit
1877 1495 2018 1550 enim

450 1589 559 1660 iam
583 1590 714 1644 mihi
749 1591 987 1659 reputari
1020 1598 1324 1659 peccatum.
1347 1589 1455 1644 Sed
1486 1590 1602 1645 inec
1633 1587 1890 1645 Basilides
1911 1603 2017 1643 non

450 1682 738 1736 advertens
774 1681 841 1736 de
866 1680 984 1752 iege
1015 1680 1242 1736 naturali
1276 1680 1474 1736 debere
1510 1680 1760 1752 intelligi,
1787 1681 1854 1736 ad
1901 1680 2018 1735 ine-

452 1783 575 1843 ptas
602 1783 657 1828 et
686 1773 878 1844 impias
897 1773 1105 1828 rabulas
1121 1789 1429 1830 sermonem
1455 1773 1804 1844 apostolicum
1830 1772 2014 1838 traxit,

448 1876 505 1938 et
540 1864 590 1919 in
628 1866 1172 1937 μετενσωματώσεως
1216 1865 1408 1937 dogma
1445 1866 1582 1938 (66),
1632 1867 1682 1922 id
1715 1875 1821 1932 est,
1873 1867 2016 1936 quod

2126 665 2512 721 condemnatus
2540 673 2646 731 est,
2681 664 2768 718 vel
2801 664 3002 720 invidia
3035 665 3231 734 diaboli
3264 679 3414 719 mors
3436 665 3668 718 introivit

2126 758 2179 812 in
2228 757 2414 811 orbem
2461 757 2778 813 terrarum?
2819 755 3103 824 Quomodo
3142 757 3308 812 etiam
3338 757 3488 824 quod
3521 754 3670 812 ludas

2127 850 2406 918 apostolus
2433 851 2485 904 in
2513 850 2752 920 Epistola
2791 849 3058 903 catholica
3083 849 3234 911 dicit,
3272 849 3477 917 poterit
3499 849 3668 916 expia-

2125 943 2241 996 nari
2261 942 2286 992 ν
2310 943 2402 996 Ait
2425 941 2568 996 enim
2594 943 2668 996 ita
2692 959 2707 996 ε
2747 958 2768 992 ί
2799 940 3032 1011 Angelos
3061 955 3278 1010 quoque
3306 939 3401 1007 qui
3440 957 3546 994 non
3567 957 3667 994 ser-

2125 1040 2387 1088 vaverunt
2412 1031 2774 1102 principatum
2805 1045 2986 1097 suum,
3019 1032 3114 1085 sed
3140 1031 3561 1100 dereliqueruut
3590 1037 3670 1087 do-

2126 1126 2386 1181 micilium
2408 1138 2590 1187 suum,
2607 1125 2662 1180 in
2682 1123 2946 1193 judicium
2985 1123 3164 1195 magni
3186 1123 3294 1177 diei
3321 1125 3547 1177 :eternis
3571 1126 3671 1177 viu-

2123 1217 2258 1271 culis
2309 1215 2634 1271 constrictos
2678 1215 2779 1269 sub
2827 1214 3059 1283 caligine
3111 1215 3410 1269 reservavit
3441 1215 3513 1268 ".
3542 1233 3560 1266 ι
3607 1215 3671 1269 Ex

2123 1312 2320 1382 quibus
2363 1310 2614 1368 omnibus
2644 1310 2817 1379 magis
2843 1325 2908 1366 ac
2935 1311 3109 1380 magis
3139 1319 3356 1366 constat
3389 1310 3462 1366 de
3485 1325 3546 1365 ea
3576 1311 3672 1378 lege

2122 1405 2236 1459 bare
2256 1403 2579 1474 Apostolum
2604 1404 2809 1468 dicere,
2839 1417 3002 1472 quam
3031 1405 3412 1474 unusquisque
3430 1405 3549 1460 sive
3579 1405 3672 1474 (7|)

2122 1495 2430 1562 hominum,
2473 1495 2588 1550 sive
2634 1494 2797 1549 etiam
2843 1493 3184 1566 angelorum,
3224 1494 3410 1549 divina
3453 1496 3670 1565 quadam

2120 1588 2525 1654 dispensatione
2548 1587 2633 1642 vel
2664 1602 2889 1642 munere
2919 1587 3059 1642 intra
3084 1603 3143 1643 se
3171 1588 3504 1643 naturaliter
3519 1588 3672 1659 gerit:

2120 1679 2276 1748 cujus
2307 1688 2453 1734 tanta
2485 1680 2568 1734 vis
2593 1690 2698 1746 est,
2732 1691 2784 1734 et
2810 1689 2957 1734 tanta
3011 1682 3270 1751 potentia,
3299 1689 3360 1735 ut
3391 1681 3557 1735 etiam
3586 1697 3672 1733 au-

2119 1771 2266 1842 gelos
2291 1781 2506 1844 arguat,
2550 1788 2652 1829 nec
2693 1787 2983 1844 personam
3026 1773 3191 1830 ullius
3223 1774 3516 1845 dignitatis
3546 1776 3676 1827 exci-

2122 1867 2254 1934 piat,
2287 1875 2344 1921 et
2390 1866 2504 1936 ipsa
2555 1864 2744 1921 fecerit
2787 1867 2890 1920 hoc
2928 1867 3074 1936 quod
3128 1866 3386 1935 superius
3417 1866 3676 1935 apostolus

449 1929 647 2011 aniuue
696 1958 748 2012 iu
797 1929 902 2014 alia
957 1969 1120 2028 atque
1156 1929 1313 2012 alia-
1344 1929 1578 2028 corpora,
1632 1929 2017 2014 transfundan-
2047 1929 2092 1986 Β
2117 1929 2284 2014 .iudas
2307 1929 2457 2024 dicit,
2491 1968 2549 2012 ut
2571 1957 2747 2028 angeli
2773 1957 2865 2027 qui
2887 1929 2996 2013 non
3024 1929 3388 2012 servaverunt
3418 1929 3676 2028 principa-

450 2058 560 2113 tur,
591 2066 656 2104 ex
697 2051 800 2106 hoc
826 2053 1067 2123 Apostoli
1098 2053 1245 2110 dicto
1271 2060 1500 2109 conatur
1530 2061 1796 2108 astruere.
1827 2071 1846 2103 ι
1877 2052 2013 2107 Dixit

448 2143 616 2209 enim,
655 2143 852 2214 inquit,
914 2146 1223 2215 Apostolus,
1255 2147 1386 2218 quia
1424 2148 1583 2219 «Ego
1613 2144 1862 2201 vivebam
1903 2144 2019 2199 sine

456 2251 476 2286 ι
513 2235 627 2304 lege
669 2235 960 2306 aliquando
996 2239 1079 2292 ":
1111 2256 1132 2291 ›
1158 2239 1261 2294 hoc
1294 2243 1399 2304 est,
1437 2246 1730 2307 antequam
1774 2237 1827 2291 in
1878 2237 2018 2292 istud

448 2337 648 2394 corpus
698 2327 982 2397 venirem,
1031 2328 1084 2382 in
1129 2342 1192 2381 ea
1242 2328 1427 2398 specie
1461 2329 1575 2399 (67)
1600 2327 1849 2398 corporis
1885 2327 2016 2391 vixi,

447 2425 568 2480 quae
593 2414 692 2468 sub
721 2414 839 2482 lege
870 2431 975 2470 non
1004 2427 1186 2482 esset;
1222 2419 1446 2487 pecudis
1465 2418 1692 2481 scilicet,
1727 2418 1810 2472 vel
1841 2419 2012 2472 avis.»

448 2503 555 2560 Sed
588 2521 694 2561 non
727 2509 967 2578 respexit
998 2509 1064 2563 ad
1096 2510 1146 2564 id
1177 2513 1320 2580 quod
1341 2513 1606 2580 sequitur,
1638 2511 1688 2566 id
1713 2522 1834 2566 est:
1865 2529 1886 2562 ε
1913 2510 2016 2564 Sed

447 2595 538 2651 ubi
571 2599 717 2653 venit
755 2603 1088 2665 mandatum,
1118 2615 1400 2673 peccatum
1433 2603 1645 2658 revixit.
1684 2622 1702 2656 ι
1736 2603 1850 2658 Νοη
1871 2603 2013 2658 enim

446 2687 584 2742 dixit
628 2704 687 2745 se
715 2692 929 2747 venisse
953 2693 1068 2765 (68)
1099 2696 1166 2748 ad
1203 2693 1542 2759 mandatum,
1573 2695 1668 2749 sed
1702 2695 1768 2748 ad
1823 2709 1882 2750 se
1928 2709 2018 2748 ve-

446 2782 593 2834 nisse
623 2781 934 2837 mandatum
963 2800 979 2846 ;
1013 2797 1066 2838 et
1093 2795 1374 2854 peccatqu
1403 2800 1506 2838 non
1541 2785 1678 2840 dixit
1714 2801 1819 2840 non
1847 2785 2014 2840 fuisse

445 2869 501 2924 in
531 2885 610 2937 se,
636 2872 730 2927 sed
760 2881 1028 2930 mortuum
1057 2875 1250 2944 fuisse,
1278 2890 1332 2930 et
1357 2878 1642 2932 revixisse.
1674 2877 1732 2932 in
1771 2893 1880 2947 quo
1907 2879 2012 2932 uti-

444 2978 554 3032 que
573 2966 809 3020 ostendit
832 2970 976 3035 quod
1005 2969 1074 3024 de
1099 2985 1204 3024 una
1228 2953 1536 3040 eademque
1553 2971 1661 3026 vita
1691 2985 1786 3026 sua
1815 2980 2016 3024 utrum-

445 3069 552 3122 que
581 3055 918 3125 loqueretur.
953 3058 1156 3115 Verum
1197 3060 1500 3127 Basilides,
1547 3071 1601 3116 et
1647 3062 1694 3116 si
1747 3062 1839 3131 qui
1891 3076 2012 3116 cum

449 3145 566 3214 ipso
599 3147 712 3218 (69)
752 3151 853 3204 hoc
882 3151 1145 3217 sentiunt,
1185 3152 1238 3205 in
1271 3167 1365 3205 sua
1399 3152 1681 3222 impietate
1708 3153 2016 3220 relinquan-

447 3247 555 3292 tur.
584 3237 693 3295 Nos
725 3252 905 3296 autem
951 3242 1196 3312 Apostoli
1242 3259 1464 3298 sensum
1515 3245 1809 3300 secundum
1841 3246 2014 3314 pieta-
2036 3269 2086 3334 ο

449 3337 558 3382 tem
593 3331 950 3387 ecclesiastici
979 3333 1250 3404 dogmatis
1284 3334 1650 3390 advertamus.
1695 3337 1798 3390 Sed
1831 3346 1885 3389 et
1913 3337 2016 3393 hoc

446 3419 622 3486 ipsum
671 3424 814 3490 quod
863 3424 1027 3486 dicit,
1071 3444 1088 3476 ι
1119 3422 1409 3479 Peccatum
1444 3433 1562 3479 erat
1605 3427 1658 3479 in
1687 3425 1790 3481 hoc
1817 3427 2016 3481 mundo

446 3510 514 3574 ’°,
546 3531 564 3563 ι
596 3521 651 3566 et
687 3528 794 3567 non
825 3514 980 3580 dixit,
1005 3517 1056 3569 in
1089 3517 1426 3580 hominibus,
1455 3532 1580 3572 cum
1614 3519 1800 3588 utique
1826 3520 1934 3574 sint
1959 3520 2012 3574 iu

449 3603 650 3659 mundo
675 3614 728 3659 et
757 3607 1010 3674 pecudes,
1047 3617 1104 3664 et
1141 3621 1339 3663 czctera
1366 3609 1642 3672 animalia,
1675 3619 1729 3664 et
1764 3611 2012 3676 arbores,

448 3693 530 3748 vel
565 3711 632 3749 ex
665 3697 1079 3768 quibuscunque
1119 3702 1210 3756 hic
1242 3702 1474 3757 mundus
1517 3712 1752 3768 constat,
1794 3718 1894 3758 nec
1931 3713 2013 3758 ta-

445 3801 573 3867 men
612 3788 666 3841 in
700 3789 787 3844 bis
825 3792 1070 3846 creditur
1099 3807 1222 3848 esse
1252 3803 1560 3862 peccatum,
1610 3794 1773 3864 quale
1815 3797 1884 3849 sit
1921 3810 2011 3850 re-

444 3880 743 3945 quiramus.
779 3880 1002 3938 Videtur
1031 3886 1161 3939 mihi
1186 3887 1328 3954 quod
1356 3887 1443 3942 bic
1467 3887 1758 3956 Apostolus
1783 3886 1895 3958 (70)
1917 3889 2016 3943 bo-

446 3970 622 4026 mines
661 3972 782 4028 illos
808 3977 1012 4029 sentiat
1057 3978 1150 4045 qui
1187 3977 1303 4048 jam
1340 3979 1567 4033 rationis
1605 3995 1834 4044 capaces
1863 3989 2012 4044 sunt,

444 4075 501 4119 et
528 4069 868 4123 naturalibus
901 4070 1112 4142 legibus
1137 4082 1336 4140 parent
1371 4089 1384 4126 :
1432 4073 1578 4127 illam
1620 4088 1752 4130 vero
1799 4084 2008 4128 a:tatem

447 4174 567 4226 qua:
594 4161 830 4216 nondum
861 4164 927 4217 ad
960 4165 1315 4234 capacitatem
1349 4166 1584 4221 rationis
1621 4167 1876 4229 accessit,
1905 4181 2012 4220 non

449 4261 560 4304 tam
608 4253 858 4310 homines
887 4271 1048 4325 quam
1093 4257 1354 4311 mundum
1403 4259 1778 4328 appellaverit,
1815 4275 1914 4329 pro
1946 4273 2012 4314 eo

448 4343 591 4410 quod
622 4355 805 4412 partes
827 4348 1044 4415 quidem
1071 4350 1254 4403 mundi
1286 4351 1414 4411 sint,
1455 4351 1689 4404 nondum
1722 4361 1904 4406 tamen
1953 4352 2010 4405 in

447 4432 552 4486 ltoc
586 4423 831 4490 venerint
862 4448 924 4491 ut
951 4440 1239 4510 imaginem
1271 4442 1323 4496 in
1357 4457 1416 4497 se
1447 4441 1564 4509 Dei,
1597 4444 1662 4496 ad
1706 4459 1866 4514 quam
1908 4445 2008 4499 ho-

446 4541 538 4580 mo
573 4525 748 4583 factus
789 4545 908 4586 esse
950 4533 1154 4587 dicitur
1179 4535 1244 4600 ⁷⁷,
1282 4537 1582 4604 capacitate
1630 4537 1861 4594 rationis
1915 4553 2008 4594 ex-

2121 2059 2234 2103 tum
2270 2065 2450 2117 suum,
2483 2048 2578 2103 sed
2608 2048 3022 2119 dereliquerunt
3043 2049 3384 2104 domicilium
3417 2065 3595 2111 suum,
3619 2051 3675 2103 ad

2115 2141 2377 2209 judicium
2408 2141 2587 2210 magni
2621 2141 2728 2196 diei
2761 2142 2986 2197 aeternis
3007 2143 3477 2199 astrictivinculis
3505 2159 3674 2197 serva-

2120 2250 2327 2291 rentur.
2359 2235 2474 2306 lpsa
2505 2245 2592 2292 est
2618 2235 2722 2299 lex,
2753 2253 2870 2305 qua
2901 2238 3064 2292 etiam
3093 2239 3371 2293 diabolum
3399 2249 3455 2293 et
3479 2238 3676 2308 angelos

2116 2327 2234 2398 ejus
2263 2328 2316 2382 in
2351 2327 2530 2398 ignem
2566 2337 2855 2394 aeternum,
2886 2329 2976 2398 qui
3018 2329 3097 2383 eis
3134 2339 3484 2399 pra-paratus
3521 2331 3675 2396 est”,

2116 2420 2409 2490 pertrahit.
2442 2421 2509 2474 Et
2535 2421 2675 2476 sicut
2698 2430 2905 2475 certum
2941 2429 3022 2476 est
3049 2422 3175 2491 quia
3204 2437 3385 2492 neque
3418 2423 3494 2478 illi
3518 2423 3676 2493 angeli

2117 2513 2338 2568 aaternis
2367 2513 2580 2569 astricti
2625 2514 2863 2568 vinculis
2908 2515 2975 2569 ad
3001 2514 3264 2581 judicium
3315 2525 3676 2579 servarentur,

2117 2620 2295 2675 neque
2316 2605 2404 2660 isti
2430 2607 2481 2660 in
2509 2607 2688 2676 ignem
2716 2615 2976 2661 aeternum
3013 2606 3104 2676 qui
3127 2607 3207 2661 eis
3232 2619 3578 2676 praeparatus
3608 2616 3676 2661 est

2117 2693 2484 2758 mitterentur,
2509 2692 2608 2747 nisi
2635 2693 2761 2762 quia
2787 2695 3017 2761 positam
3049 2694 3154 2749 sibi
3182 2708 3212 2747 a
3241 2693 3354 2749 Deo
3380 2695 3556 2764 legem
3585 2710 3677 2746 non

2115 2795 2490 2852 servaverunt,
2517 2800 2691 2855 neque
2712 2785 3051 2854 adjudicium
3077 2785 3347 2848 venirent,
3369 2787 3481 2841 nisi
3500 2796 3677 2839 contra

2115 2877 2286 2948 legem
2343 2877 2548 2948 aliquid
2601 2876 3035 2940 commisissent,
3084 2875 3156 2929 ita
3213 2885 3434 2930 certum
3484 2877 3678 2930 videtur

2115 2970 2242 3039 quia
2277 2969 2320 3025 si
2357 2968 2726 3024 custodissent
2758 2967 2984 3036 positam
3015 2965 3116 3022 sibi
3143 2965 3338 3038 legem,
3389 2981 3572 3036 neque
3599 2965 3675 3021 isti

2115 3059 2168 3113 in
2212 3060 2390 3128 ignem
2425 3069 2712 3121 aeternum,
2759 3071 2934 3127 neque
2963 3053 3040 3112 illi
3067 3057 3167 3112 sub
3197 3066 3403 3112 aeterna
3443 3056 3678 3126 caliginis

2113 3153 2332 3208 vincula
2362 3153 2710 3208 decidissent.
2742 3151 3002 3220 Superest
3037 3157 3096 3203 ut
3123 3149 3284 3204 etiam
3313 3149 3454 3203 illud
3487 3163 3588 3218 pro
3609 3147 3679 3202 vi-

2119 3245 2270 3300 ribus
2292 3245 2651 3300 discutiamus
2679 3242 2954 3312 quomodo
2985 3242 3183 3296 dictum
3217 3241 3288 3296 sit
3317 3258 3334 3295 :
3389 3258 3413 3292 c
3449 3240 3557 3296 Sed
3597 3254 3675 3293 re-

2116 3338 2302 3407 gnavit
2328 3352 2476 3391 mors
2503 3337 2570 3391 ab
2594 3337 2766 3391 Adam
2793 3350 2966 3405 usque
3005 3336 3072 3390 ad
3113 3333 3330 3406 Moysen
3363 3333 3424 3388 in
3465 3347 3563 3388 eos
3596 3331 3676 3400 qui

2116 3440 2480 3499 peccaverunt
2520 3428 2574 3483 in
2607 3428 3012 3483 similitudinem
3041 3426 3516 3498 prtevaricatiouis
3541 3426 3676 3487 Atlas,

2115 3524 2206 3593 qui
2239 3531 2325 3578 est
2353 3521 2529 3577 forma
2551 3518 2728 3576 'futuri
2751 3521 2822 3575 ⁸⁸.
2857 3540 2878 3573 ι
2909 3519 3096 3576 Tertio
3128 3534 3269 3575 nunc
3300 3519 3601 3588 Apostolus
3623 3519 3678 3570 de

2118 3625 2291 3672 morte
2320 3622 2738 3669 commemorat.
2779 3612 2964 3668 Primo
2992 3613 3067 3666 ait
3093 3611 3236 3682 quod
3295 3630 3316 3664 ι
3348 3626 3455 3681 per
3502 3626 3679 3681 pecca-

2118 3718 2229 3761 tum
2280 3723 2427 3761 mors
2469 3707 2715 3761 introivit
2744 3705 2796 3762 in
2842 3706 2988 3761 hunc
3017 3705 3313 3769 mundum;
3349 3722 3369 3757 ι
3425 3703 3676 3764 secundo,

2121 3819 2138 3852 ι
2169 3801 2223 3854 1η
2252 3815 2440 3855 omnes
2459 3799 2757 3865 homines,»
2789 3799 2982 3869 inquit,
3020 3817 3040 3851 ς
3068 3813 3213 3852 mors
3238 3797 3568 3867 pertransiit
3587 3797 3674 3846 εί.»

2113 3891 2266 3947 Nunc
2298 3907 2451 3955 vero,
2489 3913 2507 3944 ι
2535 3890 2821 3962 Regnavit,
2858 3911 2877 3942 ι
2916 3891 3112 3961 inquit,
3154 3910 3173 3942 ι
3208 3905 3356 3944 mors
3401 3891 3482 3946 ab
3523 3893 3676 3945 Adam

2113 4002 2286 4055 usque
2314 3988 2379 4041 ad
2410 3986 2627 4058 Moysen
2659 3987 2726 4039 θ’.
2761 4007 2780 4040 ι
2819 3986 2885 4040 Ει
2918 3987 3100 4042 sciens
3127 4001 3248 4041 esse
3271 4000 3369 4053 per
3413 3986 3538 4039 haec
3581 3984 3677 4036 siu-

2112 4079 2236 4152 gula
2281 4080 2496 4148 aliquas
2539 4079 2893 4144 diﬂerentias,
2934 4081 3154 4149 quando
3187 4077 3300 4151 (72)
3336 4079 3566 4148 quidem
3605 4076 3678 4129 iu-

2113 4175 2348 4237 troierit,
2380 4182 2436 4225 et
2461 4173 2683 4240 quando
2717 4171 3052 4242 regnaverit,
3089 4172 3364 4226 indicavit.
3393 4172 3577 4232 Tunc,
3605 4171 3678 4222 in-

2111 4267 2249 4335 quit,
2287 4265 2551 4328 introivit,
2579 4280 2697 4319 cum
2727 4265 2936 4332 primus
2965 4265 3126 4319 homo
3155 4265 3403 4333 deliquit.
3461 4264 3530 4318 Et
3557 4278 3678 4330 quo-

2111 4356 2274 4410 modo
2302 4356 2571 4411 introierit
2605 4356 2763 4409 dixit.
2795 4373 2814 4406 l
2846 4355 2950 4410 Per
2971 4364 3250 4424 peccatum
3277 4355 3411 4424 (7'5),
3444 4374 3467 4407 ›
3491 4355 3672 4422 inquit.

2110 4447 2178 4503 Et
2204 4465 2346 4502 nunc
2378 4449 2925 4519 regniejustempusr
2947 4449 3016 4504 ab
3040 4448 3212 4502 Adam
3239 4463 3410 4517 usque
3443 4448 3512 4500 ad
3551 4445 3676 4513 Moy-

2111 4541 2528 4609 semdesignat:
2553 4540 2822 4610 quomodo
2854 4548 3036 4594 autem
3076 4538 3190 4611 (74)
3240 4539 3292 4592 in
3336 4553 3538 4592 omnes
3591 4539 3679 4590 bo-

447 4623 763 4688 presserint.
789 4623 896 4680 Sed
925 4635 980 4681 et
1005 4627 1133 4683 illud
1161 4630 1314 4684 velim
1347 4631 1475 4700 (nisi
1521 4632 1640 4702 plus
1662 4633 1807 4701 justo
1834 4635 2012 4689 curio-
2043 4611 2087 4666 D
2115 4634 2289 4687 mines
2322 4632 2697 4702 pertransierit
2727 4647 2831 4686 non
2863 4631 3119 4687 ostendit.
3154 4629 3384 4687 Videtur
3414 4646 3550 4699 ergo
3587 4630 3676 4682 mi-

445 4729 567 4768 sum
606 4715 846 4788 videtur)
889 4719 1187 4790 inquirere,
1233 4739 1302 4778 ne
1354 4723 1530 4790 forte,
1572 4727 1869 4781 secundum
1918 4741 2012 4782 eos

445 4806 537 4875 qui
576 4806 744 4878 Moysi
785 4809 956 4880 legem
1006 4812 1058 4866 in
1113 4813 1198 4868 his
1240 4815 1464 4885 intelligi
1513 4817 1718 4882 volunt,
1766 4833 1860 4886 per
1906 4820 2010 4874 hoc

447 4900 588 4968 quod
620 4894 772 4966 dicit,
803 4921 823 4954 ι
857 4903 1146 4959 Peccatum
1173 4917 1350 4960 autem
1387 4923 1491 4961 non
1530 4909 1844 4977 imputatur,
1887 4928 2007 4967 ctnn

449 4991 532 5045 lex
567 5008 673 5047 non
717 5004 820 5055 est.
854 5015 872 5048 ι
926 4997 1176 5052 videatur
1223 5001 1384 5054 etiam
1432 5003 1680 5057 diabolus
1728 5013 1784 5059 et
1833 5006 2010 5077 angeli

445 5090 564 5157 ejus
603 5090 838 5158 absolvi,
867 5091 914 5146 si
945 5091 1033 5146 ubi
1068 5092 1152 5147 lex
1181 5109 1286 5148 non
1321 5102 1424 5161 est,
1458 5107 1742 5166 peccatum
1776 5113 1880 5153 non
1922 5113 2008 5152 re-

513 5240 562 5272 "
583 5241 740 5296 Rom.
789 5259 885 5307 vit.
915 5245 968 5300 9.
1043 5244 1112 5276 ⁷⁸*
1161 5244 1291 5303 ibid.
1357 5246 1443 5301 iO.
1517 5247 1563 5279 ⁷⁸
1595 5248 1723 5302 ibid.
1792 5249 1846 5305 9.

517 5406 630 5476 (65)
662 5405 730 5460 Et
761 5409 1054 5465 vitandum.
1085 5409 1140 5465 In
1179 5413 1341 5466 editis
1374 5415 1664 5468 omittitur.

519 5478 632 5547 (66)
660 5477 726 5530 Et
755 5481 809 5532 in
839 5497 1080 5550 μετενσω
1125 5483 1378 5547 ατώσεως
1400 5487 1609 5552 dogma.
1651 5485 1742 5538 Sic
1767 5500 1899 5540 mss.
1919 5502 2014 5541 no-

519 5551 569 5599 'i.
603 5549 738 5601 Editi
773 5565 926 5605 vero.
964 5571 979 5601 ι
1014 5554 1064 5604 in
1085 5500 1500 5605 :vtltauoricutu
1528 5555 1740 5605 domna.
1771 5573 1790 5605 ι
1812 5558 2013 5605 omisso

445 5549 738 5623 stri.__Ed_i_ti
773 5549 926 5623 vero,
964 5571 979 5601 ι
1014 5554 1064 5604 in
1085 5549 1500 5623 Pylllagnl‘lCUIll
1528 5555 1740 5623 dogma,
1771 5573 1790 5606 ι
1812 5558 2013 5612 omisso

2119 4727 2174 4780 bi
2210 4726 2264 4778 in
2300 4727 2384 4779 bis
2413 4725 2723 4780 describere
2758 4727 3050 4796 Apostolus
3079 4727 3223 4782 velut
3264 4726 3484 4796 tyranni
3519 4724 3674 4777 alicu-

2110 4819 2196 4889 jus
2225 4822 2549 4884 iugressum,
2586 4819 2680 4888 qui
2726 4819 2959 4873 voluerit
3000 4834 3226 4888 regnum
3271 4818 3499 4889 legitimi
3545 4814 3674 4882 regis

2119 4911 2390 4972 invadere,
2420 4921 2474 4964 et
2521 4911 2700 4979 primo
2747 4913 2966 4981 quidem
3019 4910 3204 4967 fauces
3241 4911 3386 4979 ipsas
3418 4920 3476 4964 et
3510 4909 3673 4963 aditus

2117 5001 2268 5070 regni
2302 5000 2464 5071 550
2506 5002 2856 5072 occupaverit
2902 5002 3355 5072 praevaricatione
3405 5000 3670 5056 custodis:

2118 5101 2250 5147 tunc
2274 5093 2468 5148 deinde
2495 5105 2816 5148 cunctorum
2846 5097 3057 5148 animos
3082 5094 3148 5148 ad
3179 5109 3238 5148 se
3269 5093 3539 5148 inclinare
3562 5103 3671 5145 ten-

1923 5250 2011 5306 ’161

2125 5275 2152 5308 ι.
2211 5270 2266 5320 v,
2322 5255 2408 5309 i3.
2481 5254 2526 5287 ⁷⁷
2559 5252 2697 5308 Gen.
2723 5268 2762 5319 l,
2808 5253 2900 5309 27.
2971 5251 3020 5287 ’⁸
3046 5250 3170 5307 Jud.
3216 5267 3252 5308 ι.
3288 5252 3344 5306 6.
3419 5251 3466 5284 τ’
3493 5248 3667 5306 Matth.

443 5325 570 5374 xxv,
599 5313 689 5366 M.
765 5313 813 5348 ⁸⁸
853 5316 1008 5371 Rom.
1042 5331 1091 5377 ν,
1130 5317 1218 5370 Η.
1291 5316 1335 5348 εί
1371 5317 1499 5373 ibid.
1530 5318 1617 5372 12.
1692 5319 1738 5350 δ’
1767 5320 1896 5375 ibid.
1929 5321 2016 5377 M.

2191 5413 2303 5484 ('70)
2337 5413 2639 5480 Apostolus.
2671 5410 3021 5484 Desideratur
3047 5408 3100 5461 in
3124 5405 3278 5461 libris
3313 5417 3471 5460 antea
3501 5401 3666 5458 editis.

2193 5480 2309 5556 (7i)
2334 5486 2479 5556 (Sive.
2519 5484 2758 5556 Deestiu
2791 5480 2970 5556 editis.
3281 5547 3294 5556 _
3518 5545 3531 5556 _
3557 5545 3568 5556 ι

2193 5545 2304 5627 (72)
2332 5555 2406 5607 lta
2442 5563 2588 5627 recte
2615 5549 2926 5627 editialliss.
2963 5563 3093 5603 vero
3123 5547 3334 5627 nostri:
3365 5547 3479 5612 alii,
3517 5545 3598 5599 hic
3621 5551 3670 5596 et

453 5616 803 5697 «etstltvdirrs
822 5622 1038 5688 quidam
1059 5616 1340 5692 perperam
1371 5616 1629 5690 liabentfi
1653 5637 1704 5680 et
1722 5616 1773 5680 in
1795 5627 2011 5697 αἰητέυς

2125 5616 2332 5697 ἱιιΐὶωίι
2354 5625 2624 5697 quoniam
2652 5639 2666 5684 ;
2697 5640 2716 5673 ι
2746 5621 2918 5697 alii,_r
2951 5621 3237 5697 quohuiodo.
3271 5635 3292 5669 ι

445 5685 739 5759 αἰατρσέως
769 5685 980 5759 dogma.
1009 5709 1028 5742 ι

519 5757 631 5830 (67)
663 5759 824 5830 ζέσιίιὶ,
849 5757 878 5810 ἶ
915 5762 964 5813 iu
1006 5777 1124 5813 eam
1162 5763 1416 5830 speciem.
1456 5784 1474 5815 ι

519 5827 628 5892 (68)
662 5827 799 5884 Etliti
831 5848 850 5882 ι
887 5831 978 5885 sed
1020 5827 1324 5886 advenisse.
1358 5852 1378 5884 ι

521 5899 631 5968 (69)
661 5899 862 5974 Alias,t
901 5911 955 5958 et
977 5901 1070 5972 qui
1102 5919 1222 5958 cum
1256 5907 1392 5972 ipso,
1423 5923 1441 5956 ι
1479 5916 1590 5960 etc.

2189 5696 2303 5764 (75)
2336 5683 2444 5747 Per
2479 5683 2769 5762 peccatum.
2823 5691 2931 5758 AL,
2969 5683 2998 5739 ’σ
3045 5688 3370 5755 Peccatum,
3410 5706 3430 5739 ι
3478 5683 3668 5740 omisso

2121 5786 2138 5818 ‘
2179 5783 2304 5906 [(72)
2328 5783 2515 5897 ’Alias,
2553 5852 2573 5885 ι
2601 5832 2817 5906 quando
2854 5842 3108 5906 autem.)
3131 5828 3384 5906 -Dcinde,
3419 5845 3439 5879 α
3476 5827 3531 5880 in
3557 5837 3663 5878 om-

2123 5901 2222 5963 nes
2252 5901 2501 5962 homines
2533 5923 2553 5958 ι
2587 5901 2910 5958 omittuntur
2940 5903 2992 5959 iu
3019 5901 3196 5956 editis.
