3768 6556
145 461 250 518 1017

1048 466 1402 520 COMEMNT.
1441 464 1506 551 lN
1545 461 1763 516 Ei‘lST.
1807 463 1898 517 AD
1936 463 2100 521 ROM.
2141 467 2268 522 LIB.
2303 467 2362 522 ν.

3190 476 3324 534 1018

141 580 326 638 taret-it.
370 587 420 633 et
469 582 710 637 maxima
741 600 806 638 ex
840 596 998 653 parte
1030 589 1286 654 potuerit,
1317 598 1372 643 et
1406 589 1475 642 ita
1519 589 1669 642 inde-
1698 588 1745 643 Α
1774 586 1932 640 batur
1956 603 2052 656 per
2076 604 2322 653 carnem,
2353 588 2494 643 Deus
2527 589 2719 644 Filium
2747 604 2904 644 suum
2934 591 3150 648 mittens
3175 594 3226 647 in
3254 597 3328 650 si-

111 676 281 725 Ἰιῑιιιιη
325 672 424 726 sibi
470 675 831 731 vindicaverit
863 692 1105 748 regnum.
1161 679 1270 734 Hoc
1298 695 1429 749 ergo
1461 695 1560 749 per
1589 691 1668 752 ty.

141 763 390 817 rannidem
429 777 719 835 regnante,
751 769 987 822 mittitur
1015 771 1122 824 dux
1154 772 1357 826 electus
1383 789 1410 825 a
1445 787 1568 842 rege
1593 773 1668 827 leo

139 855 298 924 gitimo
319 854 550 926 Moyses,
576 861 665 928 qui
699 870 990 930 occupatos
1030 861 1098 915 ab
1128 878 1196 916 eo
1228 863 1454 933 populos
1497 865 1561 917 ad
1591 865 1669 919 ci-

140 947 240 999 vilis
267 947 468 1016 imperii
491 947 614 1014 jura
650 964 948 1015 revocaret,
981 962 1036 1005 et
1054 955 1163 1006 veri
1194 954 1334 1023 regis
1363 955 1437 1008 uti
1463 953 1668 1023 legibus

139 1039 380 1092 edoceret.
427 1039 522 1093 ille
555 1051 680 1096 tunc
718 1053 1002 1112 tyrannus,
1037 1044 1087 1098 id
1118 1054 1200 1100 est
1243 1061 1387 1099 mors
1435 1046 1664 1114 peccati,

139 1133 210 1199 qui
241 1147 330 1199 per
366 1135 868 1200 praevaricationem
900 1138 1056 1204 primi
1082 1139 1321 1193 custodis
1354 1139 1662 1206 irrepserat,

139 1222 369 1291 regnabat
417 1237 587 1291 super
635 1240 826 1280 omnes
855 1226 973 1280 illos
994 1228 1084 1296 qui
1118 1228 1184 1281 ad
1215 1243 1337 1281 eum
1385 1229 1571 1290 simili,
1610 1239 1666 1283 ut

141 1315 212 1369 ille
239 1316 454 1382 primus,
488 1319 940 1385 pravaricatione
965 1318 1392 1374 declinaverunt.
1425 1319 1528 1374 Sed
1565 1320 1666 1374 iste

139 1404 332 1473 legitimi
364 1406 632 1474 principis
663 1408 769 1461 dux
802 1409 915 1478 agit
949 1409 1130 1463 omnia
1165 1418 1428 1478 quatenus
1455 1410 1665 1479 aliquos

138 1511 192 1547 ex
213 1495 405 1563 peccati
429 1505 487 1548 et
515 1498 707 1550 mortis
738 1512 903 1567 regno
923 1498 1144 1567 diripiat
1167 1516 1184 1566 ;
1218 1509 1274 1554 et
1301 1501 1533 1554 obtinuit
1557 1510 1666 1554 tan-

136 1585 236 1638 dem
266 1594 320 1639 ut
347 1601 514 1640 unam
549 1597 786 1655 gentem,
819 1599 872 1643 et
895 1590 940 1643 si
968 1590 1088 1658 quis
1113 1603 1172 1644 se
1215 1590 1340 1646 huic
1385 1591 1548 1648 voluit
1578 1606 1666 1644 so-

135 1676 277 1739 ciare,
301 1689 681 1732 converteret:
705 1694 757 1733 et
773 1694 839 1733 ex
863 1688 1130 1750 praecepto
1157 1681 1300 1749 regis
1319 1682 1522 1751 primus
1550 1681 1662 1751 (75)

134 1766 369 1821 sacrificia
400 1766 660 1835 instituit,
687 1770 885 1839 quibus
913 1779 1066 1825 certa
1093 1769 1436 1826 solemnitate
1466 1774 1663 1828 oblatis

132 1860 250 1914 sicut
276 1861 508 1926 deceret,
541 1863 908 1916 remitteretur
936 1865 1018 1917 eis
1037 1876 1316 1933 peccatum
1343 1865 1474 1936 (76).
1504 1865 1568 1919 Et
1592 1867 1661 1919 ita

132 1953 314 2005 demum
339 1966 400 2006 ex
431 1963 590 2023 parte
611 1955 791 2024 aliqua
816 1955 1062 2012 bon-sues
1087 1967 1369 2025 coeperunt
1392 1959 1459 2013 de
1496 1974 1662 2029 regno

131 2043 310 2111 peccati
337 2047 639 2115 mortisque
669 2047 908 2102 liberari.
954 2047 1087 2102 Nam
1129 2058 1388 2120 tyrannus
1436 2051 1526 2104 ille
1571 2051 1661 2118 qui

135 2135 308 2190 dicitur
332 2152 502 2203 mors,
531 2139 601 2193 ab
625 2139 799 2194 Adam
847 2142 938 2210 qui
971 2141 1179 2209 primus
1215 2142 1662 2210 prawaricatione

130 2227 198 2280 sui
229 2226 526 2295 ingressum
558 2230 608 2284 ei
639 2231 861 2286 dederat
886 2241 944 2286 ut
974 2233 1028 2286 in
1055 2248 1244 2288 omnes
1269 2234 1520 2288 homines
1549 2250 1662 2304 per-

126 2324 370 2389 transiret,
399 2327 663 2396 regnabat
685 2341 852 2396 usque
868 2329 934 2381 ad
954 2327 1168 2399 Moysen
1187 2328 1346 2384 istum
1369 2329 1478 2401 (77)
1501 2344 1660 2399 quem

125 2415 330 2472 diximus
376 2419 599 2486 ducem,
649 2419 742 2489 qui
797 2421 996 2476 missus
1047 2437 1079 2476 a
1123 2423 1234 2478 Deo
1266 2425 1506 2477 omnium
1534 2439 1660 2494 rege

126 2522 318 2579 regnum
345 2511 463 2580 ejus
493 2514 658 2584 cmpit
683 2513 998 2582 infringere,
1031 2526 1086 2570 et
1107 2517 1207 2572 sub
1240 2517 1356 2589 lege
1382 2517 1492 2589 (78)
1523 2519 1655 2586 justi

126 2601 354 2672 principis
404 2620 694 2662 revocare.
737 2626 767 2670 ι,
807 2605 1077 2676 Regnavit
1109 2627 1127 2660 ι
1175 2623 1306 2678 ergo
1337 2627 1356 2661 ε
1409 2625 1555 2664 mors
1589 2610 1657 2664 ab

123 2689 264 2744 Adam
288 2708 457 2764 usque
486 2699 554 2750 ad
580 2695 797 2768 Moysen
815 2698 882 2761 ⁸³,
907 2716 926 2750 ι
950 2698 1244 2754 secundum
1271 2712 1389 2752 eam
1421 2699 1655 2767 speciem

124 2795 256 2848 quam
281 2799 439 2853 supra
478 2788 781 2854 posuimus,
813 2803 919 2843 non
955 2804 1118 2858 super
1149 2805 1356 2852 omnes,
1399 2791 1498 2844 sed
1547 2808 1565 2840 ι
1604 2790 1654 2843 in

120 2885 196 2925 eos
237 2877 321 2943 qui
364 2889 732 2945 peccaverunt
776 2881 830 2935 in
874 2881 1288 2936 similitudinem
1337 2883 1658 2950 praevarica-

124 2961 259 3018 tionis
287 2967 434 3022 Adaz.
475 2985 498 3019 ι
531 2968 665 3022 Nam
701 2970 950 3024 introivit
977 2970 1195 3040 quidem
1228 2986 1374 3024 mors
1400 2972 1449 3024 in
1502 2986 1658 3024 mun-

121 3053 246 3121 dum,
271 3065 323 3111 et
356 3059 409 3112 in
436 3073 635 3115 omnes
661 3063 998 3130 pertransiit,
1032 3077 1137 3116 non
1178 3071 1356 3116 tamen
1391 3061 1444 3115 in
1465 3077 1656 3116 omnes

123 3148 352 3216 regnavit.
385 3151 552 3207 Aliud
581 3164 665 3209 est
692 3155 838 3208 enim
887 3155 1241 3224 pertransire,
1276 3164 1330 3210 et
1375 3155 1521 3209 aliud
1571 3171 1655 3210 re-

119 3255 258 3306 gnare
299 3243 433 3313 (79).
495 3243 784 3299 Peccatum
831 3246 975 3300 enim
1028 3247 1346 3316 pertransiit
1387 3247 1550 3301 etiam
1597 3247 1650 3301 in

114 3329 262 3398 justus
291 3333 422 3405 (80),
463 3347 522 3391 et
554 3336 658 3390 levi
685 3337 917 3406 quadam
939 3352 1034 3391 eos
1051 3342 1372 3408 contagione
1389 3340 1652 3407 perstrin-

117 3422 198 3476 xit.
226 3422 278 3478 ln
309 3427 834 3494 praevaricatoribus
863 3442 1011 3494 vero,
1047 3429 1098 3482 id
1125 3439 1208 3484 est
1259 3429 1345 3484 bis
1372 3430 1465 3500 qui
1508 3445 1568 3486 se
1607 3431 1656 3486 ei

119 3520 206 3564 tota
234 3527 410 3570 mente
439 3530 512 3570 ac
539 3517 828 3573 devotione
852 3516 1170 3586 subjiciunt,
1225 3535 1446 3588 regnum
1485 3531 1656 3588 tenet,

117 3612 163 3655 et
202 3606 340 3659 omni
399 3616 678 3676 potestate
727 3607 1054 3662 dominatur.
1093 3629 1111 3661 ι
1148 3609 1417 3678 Regnavit
1452 3628 1472 3662 ι
1528 3624 1657 3681 ergo

121 3709 286 3760 «mors
316 3699 384 3753 ab
420 3701 623 3761 Adam,
658 3719 678 3751 ι
715 3700 806 3768 qui
840 3702 1046 3770 primus
1091 3702 1381 3756 transitum
1430 3711 1656 3770 peccato

116 3787 156 3840 in
175 3789 304 3847 hunc
331 3794 596 3848 mundum
620 3795 1022 3863 praevaricando
1047 3793 1318 3863 patefecit,
1349 3811 1368 3846 ι
1395 3809 1563 3864 usque
1585 3793 1655 3849 ad

115 3877 360 3951 Moysen,»
399 3885 457 3940 id
493 3893 578 3939 est
636 3901 806 3955 usque
833 3887 899 3940 ad
926 3886 1118 3956 legem.
1160 3885 1267 3942 Per
1296 3885 1466 3956 legem
1503 3887 1648 3940 enim

115 3973 391 4037 purificatio
427 3986 782 4046 peccatorum
806 3979 970 4047 cmpit
999 3980 1223 4046 aperiri,
1273 3989 1327 4033 et
1379 3994 1444 4034 ex
1497 3990 1649 4049 parte

115 4062 263 4133 aliqua
294 4068 572 4137 tyrannidi
619 4068 738 4138 ejus
785 4069 975 4124 obsisti
1016 4087 1111 4141 per
1150 4072 1378 4138 hostias,
1417 4087 1512 4141 per
1558 4087 1652 4125 ex-

115 4154 352 4221 piationes
378 4161 589 4224 varias,
622 4177 718 4230 per
747 4162 1038 4229 sacrificia,
1077 4179 1176 4232 per
1199 4174 1492 4233 pracepta.
1547 4164 1650 4218 Sed

114 4251 337 4314 quoniam
371 4263 521 4308 tanta
551 4254 674 4324 ejus
701 4264 823 4309 erat
857 4255 1174 4322 dominatio,
1202 4272 1322 4325 qua:
1353 4261 1498 4313 vires
1521 4258 1650 4326 legis

114 4341 705 4411 excederet,mittuntur
723 4347 774 4399 in
795 4347 1052 4400 auxilium
1072 4349 1204 4417 legis
1219 4350 1491 4417 propheta:
1512 4348 1647 4420 (8i).

115 4429 201 4487 Sed
231 4446 284 4490 et
312 4438 412 4506 ipsi
447 4441 802 4509 pervidentes
852 4455 1014 4508 supra
1068 4441 1213 4495 vires
1262 4457 1390 4497 suas
1415 4456 1536 4497 esse
1570 4453 1650 4512 ty-

116 4529 244 4582 ranni
295 4533 620 4599 potentiam,
662 4532 952 4585 adventum
986 4534 1440 4604 praesentiamque
1480 4535 1648 4604 ipsius

1770 676 2127 734 militudinem
2176 679 2359 734 carnis
2400 682 2634 748 peccati,
2675 681 2740 734 de
2785 691 3007 750 peccato
3051 683 3328 739 damnavit

1769 779 2046 838 peccatum
2083 770 2137 825 in
2165 786 2336 827 carne
2359 773 2428 836 ⁸⁷,
2455 791 2474 824 ι
2509 784 2565 828 et
2597 774 2854 826 mundum
2887 775 3103 842 quidem
3134 789 3325 829 recon-

1767 861 1974 917 ciliavit
2004 863 2116 918 Deo
2139 864 2220 917 ⁸³ε
2247 867 2397 920 exuit
2429 876 2608 920 autem
2643 864 2974 934 principatus
3007 874 3062 918 et
3085 875 3327 934 potesta-

1768 963 1851 1007 tes
1891 957 2112 1023 tyranni
2136 957 2476 1026 triumphans
2507 972 2598 1012 eas
2632 957 2685 1010 in
2718 957 3008 1026 semetipso
3031 956 3101 1009 ⁸⁹.
3129 955 3326 1014 Verum

1769 1043 1823 1097 in
1864 1045 1981 1100 haec
2028 1061 2124 1116 per
2155 1061 2438 1102 excessum
2469 1046 2759 1117 quemdam
2794 1045 3029 1116 prolapsi
3059 1046 3323 1114 videmur,

1767 1138 1860 1192 sed
1907 1138 1974 1191 ad
2006 1140 2336 1207 propositum
2372 1141 2673 1193 redeamus.
2722 1136 2888 1207 Igitur
2922 1152 3070 1191 mors
3115 1137 3321 1206 peccati

1767 1231 2015 1299 regnavit
2048 1230 2119 1285 ab
2154 1231 2324 1284 Adam
2357 1245 2533 1297 usque
2561 1230 2630 1283 ad
2669 1228 2912 1299 Moysen,
2945 1227 2998 1282 id
3030 1237 3114 1282 est
3154 1244 3324 1298 usque

1763 1321 1831 1374 ad
1867 1321 2160 1375 adventum
2181 1321 2408 1375 Christi.
2435 1320 2644 1391 Moyses
2684 1322 2826 1374 enim
2878 1319 2966 1375 lex
3002 1319 3322 1390 appellatur,

1762 1421 1816 1465 et
1841 1411 1948 1478 lex,
1983 1414 2126 1467 sicut
2155 1413 2421 1482 scriptum
2449 1423 2556 1478 est,
2595 1427 2770 1482 usque
2815 1411 2882 1467 ad
2901 1410 3126 1467 Joannis
3151 1412 3327 1480 bapti-

1763 1517 1938 1556 smum
1965 1502 2157 1557 habuit
2182 1503 2358 1558 locum
2383 1503 2448 1572 °°,
2486 1518 2556 1558 ex
2584 1517 2691 1572 quo
2713 1502 2878 1572 coepit
2919 1500 3074 1556 Jesus
3097 1517 3322 1570 regnum

1767 1593 1858 1648 Dei
1887 1594 2197 1662 praedicare.
2229 1595 2383 1661 Quod
2413 1605 2594 1649 autem
2621 1595 2836 1664 excepit
2875 1604 3052 1648 certos
3083 1608 3325 1661 quosque

1764 1686 1815 1739 in
1851 1686 2051 1755 quibus
2077 1699 2226 1740 mors
2251 1688 2582 1754 regnaverit,
2612 1701 2734 1741 cum
2776 1684 2909 1740 dicit
2939 1701 2953 1738 :
2993 1703 3012 1735 ι
3059 1683 3325 1750 Regnavit

1764 1790 1910 1827 mors
1938 1774 1990 1828 in
2027 1789 2123 1828 eos
2146 1775 2236 1843 qui
2276 1784 2643 1844 peccaverunt
2677 1773 2791 1844 (89.)
2827 1774 2878 1829 in
2917 1774 3322 1828 similitudinem

1763 1867 2219 1934 praevaricationis
2242 1867 2390 1932 Adae,
2421 1885 2440 1918 ι
2470 1879 2575 1920 non
2602 1866 2730 1919 mihi
2754 1867 2970 1920 videtur
2993 1865 3095 1918 dici
3120 1865 3324 1932 absque

1692 1947 1734 2001 Β
1763 1958 2006 2027 mysterii
2043 1957 2268 2027 alicujus
2292 1958 2490 2011 indicio
2515 1955 2650 2026 (83).
2682 1955 2758 2011 Ne
2789 1956 2930 2011 forte
2961 1970 3088 2024 ergo
3123 1955 3326 2008 fuerint

1679 3300 1721 3358 C

1761 2048 1927 2119 aliqui
1957 2064 2128 2118 usque
2161 2050 2226 2104 ad
2259 2049 2394 2102 illud
2442 2057 2684 2117 tempus,
2718 2063 2826 2117 quo
2879 2047 2980 2102 sub
3024 2047 3138 2114 lege
3178 2046 3322 2100 velut

1760 2143 1860 2196 sub
1891 2143 2183 2213 paedagogo
2215 2143 2465 2196 homines
2517 2141 2876 2206 habebantur,
2927 2141 3019 2208 qui
3074 2139 3179 2194 tale
3222 2139 3321 2192 ali-

1759 2234 1887 2302 quid
1923 2235 2134 2302 egerint
2161 2233 2320 2302 quale
2369 2234 2538 2286 Adam
2587 2233 2698 2304 (81)
2752 2234 2805 2286 in
2853 2232 3101 2302 paradiso
3147 2230 3322 2299 egisse

1759 2327 2105 2390 describitur,
2145 2337 2200 2379 et
2227 2325 2522 2394 contigisse
2571 2340 2637 2379 ex
2671 2327 2815 2394 ligno
2864 2323 3070 2378 sciendi
3121 2324 3320 2378 bonum

1757 2426 1812 2470 et
1843 2417 2068 2478 malum,
2103 2423 2158 2470 et
2183 2416 2468 2470 erubuisse
2492 2416 2797 2470 nuditatem
2829 2429 3005 2478 suam,
3055 2422 3218 2482 atque
3249 2413 3318 2466 ab

1760 2507 2093 2562 habitatione
2139 2507 2376 2578 paradisi
2425 2507 2691 2561 decidisse
2711 2506 2777 2560 ⁹¹.
2828 2507 2933 2559 Aut
2986 2505 3154 2574 magis
3193 2505 3323 2558 sim-

1757 2599 1972 2667 pliciter
1997 2599 2372 2668 accipiendum
2409 2596 2648 2661 videtur,
2683 2605 2738 2650 et
2776 2595 3076 2650 similitudo
3110 2607 3321 2663 praeva-

1759 2691 2037 2745 ricationis
2071 2691 2199 2744 Adae
2229 2690 2432 2758 absque
2461 2689 2642 2758 aliqua
2681 2687 3023 2742 discussione
3053 2685 3322 2752 recipien-

1757 2780 1847 2842 da,
1875 2789 1933 2832 ut
1976 2781 2077 2833 hoc
2110 2794 2362 2834 sermone
2393 2793 2582 2834 omnes
2616 2779 2707 2847 qui
2759 2793 2826 2831 ex
2869 2778 3037 2830 Adam
3070 2776 3320 2843 praevari-

1755 2879 1939 2925 catore
1971 2870 2085 2924 nati
2119 2878 2246 2925 sunt
2292 2869 2518 2924 indicari
2563 2870 2864 2934 videantur,
2917 2875 2973 2921 et
3018 2866 3219 2920 habere
3265 2867 3320 2918 in

1755 2962 2062 3031 semetipsis
2092 2960 2498 3016 similitudinem
2547 2957 3012 3031 praevaricationis
3048 2955 3164 3023 ejus
3215 2971 3320 3008 non

1755 3053 1930 3108 solum
1957 3069 2026 3108 ex
2053 3052 2280 3117 semine,
2303 3054 2396 3108 sed
2415 3067 2482 3108 ex
2503 3052 3164 3118 institutionesusceptam
3185 3045 3318 3117 (85).

1755 3145 1955 3202 Omnes
1977 3146 2120 3200 enim
2150 3146 2240 3214 qui
2281 3147 2334 3200 in
2363 3146 2464 3199 hoc
2491 3146 2690 3199 mundo
2723 3150 3048 3206 nascuntur,
3082 3154 3188 3194 non
3226 3153 3319 3194 so-

1757 3239 1866 3294 lum
1899 3238 2212 3292 nutriuntur
2257 3253 2286 3291 a
2323 3236 2664 3307 parentibus,
2692 3237 2784 3290 sed
2813 3245 2870 3290 et
2892 3234 3226 3297 imbuuntur,
3263 3240 3319 3285 et

1759 3341 1865 3380 non
1899 3324 2070 3379 solum
2123 3333 2250 3379 sunt
2293 3324 2384 3378 filii
2427 3334 2795 3394 peccatorum,
2840 3325 2931 3378 sed
2967 3331 3020 3377 et
3046 3320 3318 3389 discipuli.

1760 3420 1863 3478 Ubi
1890 3436 2018 3476 vero
2039 3431 2171 3476 tetas
2189 3420 2506 3484 adoleverit,
2538 3429 2592 3474 et
2623 3420 2809 3488 agendi
2835 3434 2952 3486 quae
2973 3417 3136 3471 sentit
3157 3416 3322 3470 liber-

1760 3523 1846 3569 tas
1881 3516 2194 3579 accesserit,
2232 3514 2305 3568 ibi
2349 3513 2462 3583 jam
2489 3521 2582 3566 aut
2608 3512 2783 3582 pergit
2808 3512 2930 3580 quis
2960 3511 3013 3564 in
3050 3510 3190 3563 viam
3224 3522 3322 3576 pa-

1760 3616 1902 3660 trum
1935 3621 2180 3674 suorum,
2205 3605 2429 3660 sicutde
2455 3603 2727 3657 nonnullis
2746 3604 2962 3673 regibus
2979 3601 3237 3656 scribitur
3253 3600 3322 3667 ",

1757 3706 1851 3750 aut
1877 3707 2028 3752 certe
2057 3696 2262 3752 incedit
2297 3697 2349 3750 in
2390 3698 2530 3750 viam
2564 3695 2771 3750 Domini
2811 3695 2901 3748 Dei
2937 3695 3041 3750 sui.
3082 3693 3323 3760 Denique

1757 3791 1823 3846 de
1870 3790 2006 3845 Abel
2053 3791 2162 3844 tale
2214 3789 2420 3859 aliquid
2466 3786 2598 3839 mihi
2645 3787 2872 3841 indicari
2919 3787 3132 3840 videtur
3174 3785 3228 3838 in
3257 3800 3322 3840 eo

1755 3885 1899 3954 quod
1929 3883 2191 3952 scriptum
2220 3891 2304 3937 est
2345 3899 2359 3934 :
2387 3900 2406 3932 ε
2435 3879 2640 3936 Obtulit
2665 3887 2841 3933 autem
2878 3887 2996 3947 post
3030 3877 3145 3930 dies
3185 3875 3322 3929 Abel

1753 3977 1986 4032 hostiam
2026 3976 2135 4031 Deo
2162 3989 2229 4029 ex
2271 3972 2646 4042 primogenitis
2665 3971 2868 4034 ovium,
2895 3979 2951 4024 et
2979 3984 3044 4023 ex
3073 3968 3323 4034 adipibus

1753 4085 1939 4124 earum
1968 4067 2037 4120 ”.
2067 4086 2087 4119 ι
2122 4065 2276 4132 Quod
2301 4079 2429 4134 ergo
2457 4063 2616 4127 dixit,
2644 4078 2664 4112 ι
2693 4069 2815 4130 post
2844 4060 2980 4124 dies,
3014 4077 3032 4110 ι
3090 4060 3192 4112 hoc
3234 4071 3322 4111 os-

1754 4161 1947 4224 tendit,
1986 4158 2110 4228 quia
2166 4158 2355 4227 primis
2402 4156 2622 4226 quidem
2671 4157 2796 4208 vitaa
2831 4167 2940 4207 sua:
2987 4149 3179 4203 diebus
3226 4163 3322 4215 pa-

1751 4261 1922 4309 ternae
1976 4248 2439 4320 prazvaricationis
2495 4245 2926 4303 institutionibus
2993 4243 3318 4302 tenebatur;

1751 4353 1872 4414 post
1911 4341 2035 4397 illos
2093 4355 2220 4396 vero
2270 4340 2385 4394 dies
2434 4339 2522 4392 ubi
2578 4337 2824 4405 resipuit,
2869 4333 2957 4388 ubi
2997 4330 3322 4401 respexitad

1751 4439 1915 4492 Deum
1974 4445 2179 4490 natura:
2210 4434 2328 4503 lege
2369 4432 2764 4494 commonitus,
2823 4427 3022 4482 dicitur
3056 4436 3184 4478 tunc
3226 4423 3324 4476 ob-

1753 4530 1941 4584 tulisse
1996 4527 2230 4582 hostiam
2284 4525 2414 4580 Deo.
2479 4522 2662 4578 Potest
2700 4535 2833 4591 ergo
2885 4518 2969 4574 vel
3022 4518 3125 4570 hoc
3166 4513 3323 4569 modo

113 4619 230 4686 regis
255 4632 510 4686 exorant,
541 4622 842 4678 clamantes
871 4627 938 4678 ad
967 4625 1132 4680 Deum
1158 4625 1238 4681 al*:
1276 4645 1296 4678 ι
1328 4627 1530 4682 Emitte
1571 4627 1652 4681 lu-
1684 4635 1730 4690 ι)
1757 4621 1908 4675 locus
1971 4621 2075 4674 iste
2130 4617 2452 4687 simpliciter
2507 4614 2741 4684 exponi,
2806 4611 2889 4666 vel
2953 4607 3320 4668 occultatum,

113 4718 208 4759 cem
237 4720 405 4778 tuam,
437 4724 493 4767 et
519 4713 803 4768 veritatem
838 4723 1016 4777 tuam;
1047 4735 1065 4769 ι
1100 4727 1155 4772 et
1184 4718 1379 4773 iterum
1405 4719 1490 4772 ³⁸ε
1533 4737 1551 4770 ι
1573 4719 1655 4772 In.
1763 4711 1918 4783 551
1949 4712 2001 4765 in
2033 4726 2098 4766 eo
2151 4712 2294 4779 quod
2346 4709 2494 4772 dicit,
2554 4725 2574 4759 ι
2631 4707 2684 4760 in
2733 4701 3139 4759 similitudinem
3178 4711 3320 4765 pra:-

113 4801 226 4857 clina
256 4808 425 4862 caelos
455 4819 596 4870 tuos,
620 4816 676 4862 et
701 4811 996 4877 descende;
1031 4829 1050 4864 ι
1081 4822 1132 4866 et
1167 4828 1379 4867 rursum
1401 4813 1479 4864 “z
1508 4831 1526 4864 ι
1551 4814 1654 4868 Ex-
1763 4806 2112 4863 varicationis
2141 4805 2294 4869 Adae,
2318 4821 2337 4856 ι
2376 4807 2799 4862 sacramentum,
2845 4805 2898 4848 et
2945 4805 3108 4864 pr0pe
3136 4786 3326 4843 inetia—

114 4905 268 4964 surge,
301 4899 562 4963 Domine,
593 4899 674 4954 fer
704 4916 860 4969 opem
894 4902 1073 4958 nobis.
1110 4923 1130 4956 ι
1173 4898 1360 4959 Adfuit
1387 4921 1518 4976 ergo
1563 4905 1655 4962 Je-
1760 4901 1946 4957 biliter
1982 4898 2330 4955 reconditum
2367 4893 2552 4950 subtili
2597 4891 2828 4962 quadam
2853 4883 3220 4976 intelligentize
3259 4879 3325 4932 li-

111 4998 186 5040 sus
205 4987 451 5048 Christus
483 4992 656 5048 Filius
687 4992 802 5057 Dei,
829 5002 882 5048 et
911 5012 929 5046 ι
964 4994 1016 5048 in
1042 5010 1153 5064 quo
1184 5015 1202 5048 ι
1238 4996 1324 5050 lex
1357 5015 1377 5048 ι
1414 4975 1655 5056 inﬁrma-
1759 5013 1860 5054 nea
1889 4995 2072 5064 colligi
2103 5015 2118 5048 ι
2152 4999 2210 5046 ut
2242 4991 2286 5045 si
2317 4989 2440 5059 quis
2471 4995 2637 5055 ponat
2662 4990 2886 5038 mortem
2910 4978 2998 5031 hic
3033 4975 3167 5045 (86),
3200 4987 3324 5043 qua:

167 5104 207 5180 ’ξ
231 5107 382 5180 Rom.
417 5125 476 5174 v,
497 5110 582 5164 ιι.
657 5107 709 5180 ⁸⁸7
736 5107 875 5180 Psal.
898 5124 1029 5175 xm,
1056 5111 1109 5163 5.
1187 5111 1235 5143 ⁸⁸
1263 5113 1397 5168 Psal.
1425 5119 1658 5180 cxun,5

1762 5118 1803 5151 ”
1826 5115 1967 5169 Psal.
1992 5123 2120 5164 thtt
2137 5148 2153 5171 ,
2179 5104 2270 5160 26.
2343 5101 2577 5180 lillam.
2597 5097 2791 5180 vitam?»
2933 5091 2979 5180 ll.
2997 5090 3121 5146 Cor.
3147 5105 3198 5152 ν,
3232 5090 3317 5149 19.

110 5173 144 5205 ⁸³
173 5178 369 5235 Coloss.
405 5163 476 5243 ιιξ
505 5163 595 5234 15.
671 5179 718 5211 ⁹⁰
749 5179 879 5234 Luc.
917 5163 1029 5245 xvr,
1061 5181 1150 5237 16.
1223 5163 1658 5253 "ﬁerifiﬁféf

1762 5163 1845 5242 :5:
1867 5163 2041 5240 ’δέ
2060 5163 2194 5252 Reg.
2220 5195 2312 5248 xv,
2342 5175 2414 5232 26
2442 5185 2559 5240 seq.
2636 5169 2831 5222 “Gen.
2860 5176 2933 5224 tv,
2953 5163 3006 5218 4.

167 5272 266 5336 (ἲ5ι
297 5273 396 5327 bis.
429 5288 592 5331 unus.
633 5290 654 5324 ε
697 5272 917 5342 primis,
953 5293 972 5325 ι
1008 5274 1160 5334 editi,
1195 5293 1213 5326 ‹
1246 5275 1426 5342 primi.
1463 5295 1482 5327 ι

1763 5277 2162 5342 (Ιθιηθενιηθιε.
2236 5331 2247 5342 ο
2469 5329 2503 5342 Α,
2578 5324 2711 5342 γρ.

167 5329 265 5413 (76)
306 5343 399 5398 Sic
432 5357 539 5399 ms.
570 5329 712 5395 unus
732 5329 930 5410 Regius
957 5359 1104 5396 nnm.
1134 5329 1290 5399 1641.
1315 5344 1506 5400 Caeteri
1531 5362 1658 5402 vero

1772 5329 1780 5330 ί
1832 5329 2147 5413 (82)Ἀ1ἰ³ε,
2180 5351 2199 5384 t
2234 5331 2286 5384 in
2311 5343 2405 5384 eos
2433 5329 2595 5382 etiam
2622 5329 2714 5394 qui
2741 5339 2844 5378 non
2879 5331 3262 5391 peccaverunt,
3297 5335 3314 5368 ι

113 5428 218 5466 mss.
265 5425 321 5468 et
375 5416 509 5468 editi
559 5413 791 5474 habent,
844 5429 864 5463 ι
905 5413 1100 5476 quibus
1139 5426 1283 5469 certa
1314 5417 1657 5473 solemnitate
1762 5415 1918 5468 male.

111 5459 1103 5554 οιιιξςιεξάίὶξῖέιςῑῑῑειηίιιείίίῑξῑ
1137 5459 1657 5554 ῥέὲξιῖιιῖὶίὶῖξ”έ”’””
1763 5459 2088 5554 “iter”...
2108 5471 2299 5554 ηοειι-ε,
2333 5465 2602 5554 «εεηηείρΖ
2625 5465 2836 5554 me...
2869 5479 2893 5554 ._
2924 5459 3318 5518 uacatione.»

169 5555 267 5620 (77)
290 5536 458 5617 eis...
488 5572 508 5604 .
533 5536 766 5621 justum.
799 5571 818 5602 .
1069 5536 1103 5538 ί-

1763 5536 1876 5615 ηιξ
1901 5536 2287 5602 (indictione,
2321 5556 2342 5589 ι
2369 5539 2520 5621 μιν]
2557 5536 2848 5589 iudicione.
2878 5550 2899 5584 ι

169 5607 269 5690 (78)
309 5607 476 5688 enni,
516 5607 554 5674 ι’
571 5633 626 5676 et
659 5623 760 5675 sub
785 5623 978 5690 legem.
1009 5641 1028 5673 ι

1833 5607 1946 5689 (ei)
1986 5616 2151 5690 eum,
2189 5628 2208 5662 ς
2242 5609 2383 5678 quod
2408 5607 2597 5690 Adam.
2630 5623 2649 5656 ι

169 5623 269 5762 (Ἰϐζ
309 5624 476 5688 Editi,
516 5640 535 5674 ε
571 5633 626 5676 et
659 5623 760 5675 sub
785 5623 978 5690 legem.
1009 5641 1028 5673 ι

72 5734 86 5753 ,
170 5693 250 5762 (79
295 5694 394 5749 Ms.
431 5709 596 5756 unus,
647 5710 667 5742 ‹
701 5691 846 5744 aliud
896 5700 978 5745 est
1016 5693 1159 5747 enim
1205 5693 1459 5758 transire,
1509 5694 1654 5750 aliud

1833 5623 1946 5689 (84)
1986 5623 2151 5678 Editi,
2189 5628 2208 5662 ς
2242 5623 2383 5678 quon
2408 5623 2597 5660 suam.
2630 5623 2649 5656 ι

1832 5692 1946 5760 (85)
1997 5684 2175 5748 Alias,
2223 5696 2244 5731 ι
2281 5692 2386 5732 non
2434 5675 2606 5730 solum
2647 5688 2713 5728 ex
2758 5687 2978 5744 genere,
3014 5668 3322 5726 sed...sus-

112 5766 460 5833 pertransire:
493 5763 634 5816 aliud
673 5762 1022 5833 pertransire,
1064 5765 1207 5816 aliud
1241 5779 1489 5831 regnare.
1523 5784 1542 5817 ι
1759 5773 2029 5833 cepta.»__
2909 5808 3026 5833 tm.

171 5832 251 5898 (80
278 5814 585 5902 alvu-justas.
613 5814 783 5895 ’Editi,
820 5849 838 5881 ι
862 5814 1559 5897 justos,ﬂi_omisso—iiii.)
1766 5814 1946 5902 F186)
1976 5827 2065 5884 Sic
2093 5839 2225 5882 mss.
2254 5821 2382 5880 editi
2407 5833 2557 5887 vero,
2590 5833 2609 5868 ι
2645 5824 2877 5873 morlem
2909 5814 3070 5868 ιηιιαο
3099 5826 3122 5863 ⁵

175 5835 275 5976 (81)
301 5903 475 5972 Editi,
507 5922 525 5954 ι
569 5903 712 5975 regis
743 5904 1039 5972 prOphetae.
1093 5902 1199 5960 Sed
1243 5915 1297 5959 et
1331 5904 1430 5974 ipsi
1462 5903 1652 5976 przcvi-
2236 5975 2239 5976 ν

175 5902 275 5976 (81)
301 5903 475 5972 Editi,
507 5922 525 5954 ι
569 5903 712 5975 regis
743 5904 1039 5972 prOphetae.
1093 5902 1199 5960 Sed
1243 5915 1297 5959 et
1331 5904 1430 5974 ipsi
1462 5903 1652 5976 przcvi-
