  <div class='ocr_page' id='page_1' title='image "/cluster/home/n/w/nwhite01/storage/ocr_20150623/14/hvd.32044024333478/517.png"; bbox 0 0 3766 6574; ppageno 0'>
   <div class='ocr_carea' id='block_1_1' title="bbox 365 469 3594 552">
    <p class='ocr_par' dir='ltr' id='par_1_1' title="bbox 365 469 3594 552">
     <span class='ocr_line' id='line_1_1' title="bbox 365 469 3594 552; baseline -0.005 -2"><span class='ocrx_word' id='word_1_1' title='bbox 365 491 504 552; x_wconf 68' lang='lat'><strong>£019</strong></span> <span class='ocrx_word' id='word_1_2' title='bbox 1824 469 2146 542; x_wconf 76' lang='lat' dir='ltr'><strong>ORIGENIS</strong></span> <span class='ocrx_word' id='word_1_3' title='bbox 3455 477 3594 534; x_wconf 66' lang='lat' dir='ltr'><strong>meo</strong></span> 
     </span>
    </p>
   </div>
   <div class='ocr_carea' id='block_1_2' title="bbox 365 591 3596 674">
    <p class='ocr_par' dir='ltr' id='par_1_2' title="bbox 365 591 3596 674">
     <span class='ocr_line' id='line_1_2' title="bbox 365 591 3596 674; baseline -0.003 -17"><span class='ocrx_word' id='word_1_4' title='bbox 365 618 620 674; x_wconf 69' lang='lat' dir='ltr'><strong>regnasse</strong></span> <span class='ocrx_word' id='word_1_5' title='bbox 648 603 848 659; x_wconf 91' lang='lat' dir='ltr'><strong>dicitur</strong></span> <span class='ocrx_word' id='word_1_6' title='bbox 875 603 942 659; x_wconf 87' lang='lat' dir='ltr'><strong>ah</strong></span> <span class='ocrx_word' id='word_1_7' title='bbox 973 604 1140 659; x_wconf 85' lang='lat' dir='ltr'><strong>Adam</strong></span> <span class='ocrx_word' id='word_1_8' title='bbox 1168 618 1338 673; x_wconf 89' lang='lat' dir='ltr'><strong>usque</strong></span> <span class='ocrx_word' id='word_1_9' title='bbox 1367 603 1433 658; x_wconf 90' lang='lat' dir='ltr'><strong>ad</strong></span> <span class='ocrx_word' id='word_1_10' title='bbox 1453 602 1691 674; x_wconf 83' lang='lat' dir='ltr'><strong>Moysen,</strong></span> <span class='ocrx_word' id='word_1_11' title='bbox 1736 601 1789 654; x_wconf 88' lang='lat' dir='ltr'><strong>id</strong></span> <span class='ocrx_word' id='word_1_12' title='bbox 1843 605 2003 660; x_wconf 77' lang='lat' dir='ltr'><strong>est‘A</strong></span> <span class='ocrx_word' id='word_1_13' title='bbox 2031 599 2110 651; x_wconf 92' lang='lat' dir='ltr'><strong>nit</strong></span> <span class='ocrx_word' id='word_1_14' title='bbox 2135 593 2386 650; x_wconf 75' lang='lat' dir='ltr'><strong>Christus</strong></span> <span class='ocrx_word' id='word_1_15' title='bbox 2426 594 2492 649; x_wconf 89' lang='lat' dir='ltr'><strong>ad</strong></span> <span class='ocrx_word' id='word_1_16' title='bbox 2534 592 2828 649; x_wconf 87' lang='lat' dir='ltr'><strong>Ecclesiam</strong></span> <span class='ocrx_word' id='word_1_17' title='bbox 2876 592 2980 648; x_wconf 84' lang='lat' dir='ltr'><strong>sibi</strong></span> <span class='ocrx_word' id='word_1_18' title='bbox 3027 593 3363 648; x_wconf 88' lang='lat' dir='ltr'><strong>sociandam.</strong></span> <span class='ocrx_word' id='word_1_19' title='bbox 3399 591 3596 646; x_wconf 79' lang='lat' dir='ltr'><strong>Nescio</strong></span> 
     </span>
    </p>
   </div>
   <div class='ocr_carea' id='block_1_3' title="bbox 365 684 3595 767">
    <p class='ocr_par' dir='ltr' id='par_1_3' title="bbox 365 684 3595 767">
     <span class='ocr_line' id='line_1_3' title="bbox 365 684 3595 767; baseline -0.004 -17"><span class='ocrx_word' id='word_1_20' title='bbox 365 711 534 767; x_wconf 88' lang='lat' dir='ltr'><strong>usque</strong></span> <span class='ocrx_word' id='word_1_21' title='bbox 567 696 632 749; x_wconf 94' lang='lat' dir='ltr'><strong>ad</strong></span> <span class='ocrx_word' id='word_1_22' title='bbox 665 697 796 766; x_wconf 82' lang='lat' dir='ltr'><strong>legis</strong></span> <span class='ocrx_word' id='word_1_23' title='bbox 825 697 984 750; x_wconf 85' lang='lat' dir='ltr'><strong>linem</strong></span> <span class='ocrx_word' id='word_1_24' title='bbox 1021 706 1076 750; x_wconf 91' lang='lat' dir='ltr'><strong>et</strong></span> <span class='ocrx_word' id='word_1_25' title='bbox 1118 696 1442 764; x_wconf 85' lang='lat' dir='ltr'><strong>principium</strong></span> <span class='ocrx_word' id='word_1_26' title='bbox 1472 693 1673 749; x_wconf 78' lang='lat' dir='ltr'><strong>Christi</strong></span> <span class='ocrx_word' id='word_1_27' title='bbox 1703 734 1718 758; x_wconf 94' lang='lat'><strong>,</strong></span> <span class='ocrx_word' id='word_1_28' title='bbox 1780 691 1924 745; x_wconf 87' lang='lat' dir='ltr'><strong>illam</strong></span> <span class='ocrx_word' id='word_1_29' title='bbox 2027 702 2156 743; x_wconf 84' lang='lat' dir='ltr'><strong>sane</strong></span> <span class='ocrx_word' id='word_1_30' title='bbox 2187 687 2455 755; x_wconf 86' lang='lat' dir='ltr'><strong>quomodo</strong></span> <span class='ocrx_word' id='word_1_31' title='bbox 2484 687 2605 755; x_wconf 88' lang='lat' dir='ltr'><strong>quis</strong></span> <span class='ocrx_word' id='word_1_32' title='bbox 2630 687 2806 756; x_wconf 90' lang='lat' dir='ltr'><strong>possit</strong></span> <span class='ocrx_word' id='word_1_33' title='bbox 2839 695 2894 741; x_wconf 91' lang='lat' dir='ltr'><strong>et</strong></span> <span class='ocrx_word' id='word_1_34' title='bbox 2919 685 3423 754; x_wconf 68' lang='lat' dir='ltr'><strong>prmvaricationem</strong></span> <span class='ocrx_word' id='word_1_35' title='bbox 3453 684 3595 751; x_wconf 74' lang='lat' dir='ltr'><strong>eius,</strong></span> 
     </span>
    </p>
   </div>
   <div class='ocr_carea' id='block_1_4' title="bbox 366 777 3596 858">
    <p class='ocr_par' dir='ltr' id='par_1_4' title="bbox 366 777 3596 858">
     <span class='ocr_line' id='line_1_4' title="bbox 366 777 3596 858; baseline -0.004 -16"><span class='ocrx_word' id='word_1_36' title='bbox 366 788 474 842; x_wconf 86' lang='lat' dir='ltr'><strong>dici</strong></span> <span class='ocrx_word' id='word_1_37' title='bbox 495 787 608 858; x_wconf 90' lang='lat'><strong>(87)</strong></span> <span class='ocrx_word' id='word_1_38' title='bbox 645 789 712 842; x_wconf 93' lang='lat' dir='ltr'><strong>de</strong></span> <span class='ocrx_word' id='word_1_39' title='bbox 752 802 858 857; x_wconf 90' lang='lat' dir='ltr'><strong>qua</strong></span> <span class='ocrx_word' id='word_1_40' title='bbox 888 788 939 842; x_wconf 94' lang='lat' dir='ltr'><strong>in</strong></span> <span class='ocrx_word' id='word_1_41' title='bbox 972 790 1234 857; x_wconf 89' lang='lat' dir='ltr'><strong>propheta</strong></span> <span class='ocrx_word' id='word_1_42' title='bbox 1266 787 1525 842; x_wconf 85' lang='lat' dir='ltr'><strong>scribitur</strong></span> <span class='ocrx_word' id='word_1_43' title='bbox 1572 795 1827 852; x_wconf 85' lang='lat' dir='ltr'><strong>tanquam</strong></span> <span class='ocrx_word' id='word_1_44' title='bbox 1859 799 1925 836; x_wconf 88' lang='lat' dir='ltr'><strong>ex</strong></span> <span class='ocrx_word' id='word_1_45' title='bbox 2028 790 2083 832; x_wconf 85' lang='lat' dir='ltr'><strong>et</strong></span> <span class='ocrx_word' id='word_1_46' title='bbox 2109 788 2412 848; x_wconf 88' lang='lat' dir='ltr'><strong>peccatum,</strong></span> <span class='ocrx_word' id='word_1_47' title='bbox 2441 787 2495 832; x_wconf 87' lang='lat' dir='ltr'><strong>et</strong></span> <span class='ocrx_word' id='word_1_48' title='bbox 2525 778 2626 833; x_wconf 88' lang='lat' dir='ltr'><strong>hoc</strong></span> <span class='ocrx_word' id='word_1_49' title='bbox 2655 778 2794 847; x_wconf 91' lang='lat' dir='ltr'><strong>quod</strong></span> <span class='ocrx_word' id='word_1_50' title='bbox 2823 792 2972 832; x_wconf 87' lang='lat' dir='ltr'><strong>mors</strong></span> <span class='ocrx_word' id='word_1_51' title='bbox 3003 777 3290 846; x_wconf 86' lang='lat' dir='ltr'><strong>peripsum</strong></span> <span class='ocrx_word' id='word_1_52' title='bbox 3317 778 3372 830; x_wconf 84' lang='lat' dir='ltr'><strong>in</strong></span> <span class='ocrx_word' id='word_1_53' title='bbox 3400 791 3596 830; x_wconf 90' lang='lat' dir='ltr'><strong>omnes</strong></span> 
     </span>
    </p>
   </div>
   <div class='ocr_carea' id='block_1_5' title="bbox 364 866 3595 948">
    <p class='ocr_par' dir='ltr' id='par_1_5' title="bbox 364 866 3595 948">
     <span class='ocr_line' id='line_1_5' title="bbox 364 866 3595 948; baseline -0.004 -17"><span class='ocrx_word' id='word_1_54' title='bbox 364 894 595 948; x_wconf 86' lang='lat' dir='ltr'><strong>persona</strong></span> <span class='ocrx_word' id='word_1_55' title='bbox 625 880 834 935; x_wconf 88' lang='lat' dir='ltr'><strong>Domini</strong></span> <span class='ocrx_word' id='word_1_56' title='bbox 875 881 1148 934; x_wconf 75' lang='lat' dir='ltr'><strong>dicentis:</strong></span> <span class='ocrx_word' id='word_1_57' title='bbox 1183 900 1202 932; x_wconf 75' lang='grc' dir='ltr'><strong>ι</strong></span> <span class='ocrx_word' id='word_1_58' title='bbox 1244 881 1319 934; x_wconf 88' lang='lat' dir='ltr'><strong>De</strong></span> <span class='ocrx_word' id='word_1_59' title='bbox 1367 894 1531 933; x_wconf 90' lang='lat' dir='ltr'><strong>manu</strong></span> <span class='ocrx_word' id='word_1_60' title='bbox 1561 877 1758 932; x_wconf 80' lang='lat' dir='ltr'><strong>inferni</strong></span> <span class='ocrx_word' id='word_1_61' title='bbox 1815 877 1924 930; x_wconf 84' lang='lat' dir='ltr'><strong>eri-</strong></span> <span class='ocrx_word' id='word_1_62' title='bbox 2030 869 2279 924; x_wconf 85' lang='lat' dir='ltr'><strong>homines</strong></span> <span class='ocrx_word' id='word_1_63' title='bbox 2315 870 2650 938; x_wconf 83' lang='lat' dir='ltr'><strong>pertransiit,</strong></span> <span class='ocrx_word' id='word_1_64' title='bbox 2689 870 2740 922; x_wconf 89' lang='lat' dir='ltr'><strong>in</strong></span> <span class='ocrx_word' id='word_1_65' title='bbox 2785 868 3014 923; x_wconf 70' lang='lat' dir='ltr'><strong>formam</strong></span> <span class='ocrx_word' id='word_1_66' title='bbox 3047 866 3246 922; x_wconf 81' lang='lat' dir='ltr'><strong>Christi</strong></span> <span class='ocrx_word' id='word_1_67' title='bbox 3285 877 3551 935; x_wconf 82' lang='lat' dir='ltr'><strong>coaptare</strong></span> <span class='ocrx_word' id='word_1_68' title='bbox 3575 906 3595 932; x_wconf 87' lang='lat'><strong>,</strong></span> 
     </span>
    </p>
   </div>
   <div class='ocr_carea' id='block_1_6' title="bbox 365 960 3598 1038">
    <p class='ocr_par' dir='ltr' id='par_1_6' title="bbox 365 960 3598 1038">
     <span class='ocr_line' id='line_1_6' title="bbox 365 960 3598 1038; baseline -0.003 -16"><span class='ocrx_word' id='word_1_69' title='bbox 365 969 507 1038; x_wconf 88' lang='lat' dir='ltr'><strong>piam</strong></span> <span class='ocrx_word' id='word_1_70' title='bbox 537 983 648 1036; x_wconf 88' lang='lat' dir='ltr'><strong>eos,</strong></span> <span class='ocrx_word' id='word_1_71' title='bbox 678 978 731 1024; x_wconf 90' lang='lat' dir='ltr'><strong>et</strong></span> <span class='ocrx_word' id='word_1_72' title='bbox 761 972 826 1025; x_wconf 90' lang='lat' dir='ltr'><strong>de</strong></span> <span class='ocrx_word' id='word_1_73' title='bbox 855 983 1028 1024; x_wconf 90' lang='lat' dir='ltr'><strong>morte</strong></span> <span class='ocrx_word' id='word_1_74' title='bbox 1063 971 1302 1025; x_wconf 80' lang='lat' dir='ltr'><strong>liberabo</strong></span> <span class='ocrx_word' id='word_1_75' title='bbox 1343 985 1436 1024; x_wconf 89' lang='lat' dir='ltr'><strong>eos</strong></span> <span class='ocrx_word' id='word_1_76' title='bbox 1464 970 1510 1002; x_wconf 77' lang='lat'><strong>“</strong></span> <span class='ocrx_word' id='word_1_77' title='bbox 1545 984 1560 1023; x_wconf 93' lang='lat'><strong>:</strong></span> <span class='ocrx_word' id='word_1_78' title='bbox 1597 987 1615 1020; x_wconf 75' lang='grc' dir='ltr'><strong>ι</strong></span> <span class='ocrx_word' id='word_1_79' title='bbox 1643 976 1737 1022; x_wconf 91' lang='lat' dir='ltr'><strong>aut</strong></span> <span class='ocrx_word' id='word_1_80' title='bbox 1784 978 1930 1022; x_wconf 91' lang='lat' dir='ltr'><strong>certe</strong></span> <span class='ocrx_word' id='word_1_81' title='bbox 2030 965 2132 1019; x_wconf 88' lang='lat' dir='ltr'><strong>nisi</strong></span> <span class='ocrx_word' id='word_1_82' title='bbox 2161 963 2300 1018; x_wconf 80' lang='lat' dir='ltr'><strong>forte</strong></span> <span class='ocrx_word' id='word_1_83' title='bbox 2328 977 2394 1016; x_wconf 79' lang='lat' dir='ltr'><strong>ex</strong></span> <span class='ocrx_word' id='word_1_84' title='bbox 2418 961 2735 1025; x_wconf 86' lang='lat' dir='ltr'><strong>contrariis,</strong></span> <span class='ocrx_word' id='word_1_85' title='bbox 2767 970 2825 1014; x_wconf 92' lang='lat' dir='ltr'><strong>ut</strong></span> <span class='ocrx_word' id='word_1_86' title='bbox 2851 960 2994 1014; x_wconf 88' lang='lat' dir='ltr'><strong>idem</strong></span> <span class='ocrx_word' id='word_1_87' title='bbox 3026 961 3316 1030; x_wconf 82' lang='lat' dir='ltr'><strong>Apostolus</strong></span> <span class='ocrx_word' id='word_1_88' title='bbox 3347 961 3399 1013; x_wconf 83' lang='lat' dir='ltr'><strong>in</strong></span> <span class='ocrx_word' id='word_1_89' title='bbox 3434 975 3598 1028; x_wconf 84' lang='lat' dir='ltr'><strong>snpe—</strong></span> 
     </span>
    </p>
   </div>
   <div class='ocr_carea' id='block_1_7' title="bbox 366 1051 3600 1131">
    <p class='ocr_par' dir='ltr' id='par_1_7' title="bbox 366 1051 3600 1131">
     <span class='ocr_line' id='line_1_7' title="bbox 366 1051 3600 1131; baseline -0.003 -17"><span class='ocrx_word' id='word_1_90' title='bbox 366 1061 510 1128; x_wconf 86' lang='lat' dir='ltr'><strong>quod</strong></span> <span class='ocrx_word' id='word_1_91' title='bbox 539 1061 645 1115; x_wconf 91' lang='lat' dir='ltr'><strong>sint</strong></span> <span class='ocrx_word' id='word_1_92' title='bbox 673 1063 886 1130; x_wconf 79' lang='lat' dir='ltr'><strong>excepti</strong></span> <span class='ocrx_word' id='word_1_93' title='bbox 928 1062 1116 1130; x_wconf 86' lang='lat' dir='ltr'><strong>aliqui,</strong></span> <span class='ocrx_word' id='word_1_94' title='bbox 1152 1070 1206 1116; x_wconf 90' lang='lat' dir='ltr'><strong>et</strong></span> <span class='ocrx_word' id='word_1_95' title='bbox 1228 1062 1526 1116; x_wconf 87' lang='lat' dir='ltr'><strong>occultiore</strong></span> <span class='ocrx_word' id='word_1_96' title='bbox 1552 1060 1808 1131; x_wconf 84' lang='lat' dir='ltr'><strong>mysterio</strong></span> <span class='ocrx_word' id='word_1_97' title='bbox 1837 1059 1932 1113; x_wconf 91' lang='lat' dir='ltr'><strong>de-</strong></span> <span class='ocrx_word' id='word_1_98' title='bbox 2031 1057 2265 1113; x_wconf 89' lang='lat' dir='ltr'><strong>rioribus</strong></span> <span class='ocrx_word' id='word_1_99' title='bbox 2291 1056 2534 1127; x_wconf 87' lang='lat' dir='ltr'><strong>exponit,</strong></span> <span class='ocrx_word' id='word_1_100' title='bbox 2558 1070 2678 1109; x_wconf 88' lang='lat' dir='ltr'><strong>cum</strong></span> <span class='ocrx_word' id='word_1_101' title='bbox 2709 1053 2869 1108; x_wconf 86' lang='lat' dir='ltr'><strong>dicit:</strong></span> <span class='ocrx_word' id='word_1_102' title='bbox 2901 1071 2922 1104; x_wconf 85' lang='grc'><em>‹</em></span> <span class='ocrx_word' id='word_1_103' title='bbox 2955 1051 3106 1108; x_wconf 88' lang='lat' dir='ltr'><strong>Sicut</strong></span> <span class='ocrx_word' id='word_1_104' title='bbox 3135 1053 3276 1108; x_wconf 88' lang='lat' dir='ltr'><strong>enim</strong></span> <span class='ocrx_word' id='word_1_105' title='bbox 3303 1068 3401 1122; x_wconf 90' lang='lat' dir='ltr'><strong>per</strong></span> <span class='ocrx_word' id='word_1_106' title='bbox 3431 1067 3600 1105; x_wconf 83' lang='lat' dir='ltr'><strong>unum</strong></span> 
     </span>
    </p>
   </div>
   <div class='ocr_carea' id='block_1_8' title="bbox 367 1146 3602 1221">
    <p class='ocr_par' dir='ltr' id='par_1_8' title="bbox 367 1146 3602 1221">
     <span class='ocr_line' id='line_1_8' title="bbox 367 1146 3602 1221; baseline -0.002 -17"><span class='ocrx_word' id='word_1_107' title='bbox 367 1152 584 1220; x_wconf 84' lang='lat' dir='ltr'><strong>signati,</strong></span> <span class='ocrx_word' id='word_1_108' title='bbox 607 1153 697 1221; x_wconf 89' lang='lat' dir='ltr'><strong>qui</strong></span> <span class='ocrx_word' id='word_1_109' title='bbox 725 1153 792 1206; x_wconf 90' lang='lat' dir='ltr'><strong>ad</strong></span> <span class='ocrx_word' id='word_1_110' title='bbox 835 1153 1246 1206; x_wconf 83' lang='lat' dir='ltr'><strong>similitudinem</strong></span> <span class='ocrx_word' id='word_1_111' title='bbox 1298 1151 1763 1220; x_wconf 56' lang='lat' dir='ltr'><strong>praevaricationis</strong></span> <span class='ocrx_word' id='word_1_112' title='bbox 1803 1151 1932 1203; x_wconf 68' lang='lat' dir='ltr'><strong>Adae</strong></span> <span class='ocrx_word' id='word_1_113' title='bbox 2032 1151 2302 1206; x_wconf 87' lang='lat' dir='ltr'><strong>hominem</strong></span> <span class='ocrx_word' id='word_1_114' title='bbox 2339 1165 2506 1214; x_wconf 85' lang='lat' dir='ltr'><strong>mors,</strong></span> <span class='ocrx_word' id='word_1_115' title='bbox 2540 1149 2610 1201; x_wconf 91' lang='lat' dir='ltr'><strong>ita</strong></span> <span class='ocrx_word' id='word_1_116' title='bbox 2661 1155 2716 1202; x_wconf 88' lang='lat' dir='ltr'><strong>et</strong></span> <span class='ocrx_word' id='word_1_117' title='bbox 2746 1161 2842 1218; x_wconf 90' lang='lat' dir='ltr'><strong>per</strong></span> <span class='ocrx_word' id='word_1_118' title='bbox 2863 1152 3032 1202; x_wconf 80' lang='lat' dir='ltr'><strong>unum</strong></span> <span class='ocrx_word' id='word_1_119' title='bbox 3067 1146 3400 1201; x_wconf 82' lang='lat' dir='ltr'><strong>resurrectio</strong></span> <span class='ocrx_word' id='word_1_120' title='bbox 3446 1159 3602 1198; x_wconf 87' lang='lat' dir='ltr'><strong>mor-</strong></span> 
     </span>
    </p>
   </div>
   <div class='ocr_carea' id='block_1_9' title="bbox 366 1239 3602 1312">
    <p class='ocr_par' dir='ltr' id='par_1_9' title="bbox 366 1239 3602 1312">
     <span class='ocr_line' id='line_1_9' title="bbox 366 1239 3602 1312; baseline -0 -20"><span class='ocrx_word' id='word_1_121' title='bbox 366 1256 619 1311; x_wconf 89' lang='lat' dir='ltr'><strong>peccasse</strong></span> <span class='ocrx_word' id='word_1_122' title='bbox 637 1243 1256 1312; x_wconf 81' lang='lat' dir='ltr'><strong>memorantur,inquos</strong></span> <span class='ocrx_word' id='word_1_123' title='bbox 1277 1243 1421 1297; x_wconf 89' lang='lat' dir='ltr'><strong>solos</strong></span> <span class='ocrx_word' id='word_1_124' title='bbox 1439 1241 1928 1308; x_wconf 80' lang='lat' dir='ltr'><strong>regnaveritmors.</strong></span> <span class='ocrx_word' id='word_1_125' title='bbox 2035 1252 2246 1296; x_wconf 88' lang='lat' dir='ltr'><strong>tuorum</strong></span> <span class='ocrx_word' id='word_1_126' title='bbox 2273 1242 2334 1308; x_wconf 85' lang='grc'><strong>¹;</strong></span> <span class='ocrx_word' id='word_1_127' title='bbox 2382 1261 2400 1291; x_wconf 77' lang='grc' dir='ltr'><strong>ι</strong></span> <span class='ocrx_word' id='word_1_128' title='bbox 2443 1253 2496 1295; x_wconf 88' lang='lat' dir='ltr'><strong>et</strong></span> <span class='ocrx_word' id='word_1_129' title='bbox 2523 1241 2716 1295; x_wconf 86' lang='lat' dir='ltr'><strong>iterum</strong></span> <span class='ocrx_word' id='word_1_130' title='bbox 2749 1258 2763 1294; x_wconf 91' lang='lat'><strong>:</strong></span> <span class='ocrx_word' id='word_1_131' title='bbox 2818 1257 2838 1290; x_wconf 82' lang='lat' dir='ltr'><strong>t</strong></span> <span class='ocrx_word' id='word_1_132' title='bbox 2873 1240 3027 1294; x_wconf 88' lang='lat' dir='ltr'><strong>Sicut</strong></span> <span class='ocrx_word' id='word_1_133' title='bbox 3077 1239 3222 1294; x_wconf 89' lang='lat' dir='ltr'><strong>enim</strong></span> <span class='ocrx_word' id='word_1_134' title='bbox 3271 1253 3371 1308; x_wconf 87' lang='lat' dir='ltr'><strong>per</strong></span> <span class='ocrx_word' id='word_1_135' title='bbox 3408 1239 3602 1292; x_wconf 78' lang='lat' dir='ltr'><strong>inobo-</strong></span> 
     </span>
    </p>
   </div>
   <div class='ocr_carea' id='block_1_10' title="bbox 369 1329 3603 1403">
    <p class='ocr_par' dir='ltr' id='par_1_10' title="bbox 369 1329 3603 1403">
     <span class='ocr_line' id='line_1_10' title="bbox 369 1329 3603 1403; baseline -0.001 -17"><span class='ocrx_word' id='word_1_136' title='bbox 369 1333 424 1386; x_wconf 84' lang='lat' dir='ltr'><strong>Si</strong></span> <span class='ocrx_word' id='word_1_137' title='bbox 461 1346 589 1386; x_wconf 89' lang='lat' dir='ltr'><strong>vero</strong></span> <span class='ocrx_word' id='word_1_138' title='bbox 612 1373 627 1394; x_wconf 91' lang='lat'><strong>,</strong></span> <span class='ocrx_word' id='word_1_139' title='bbox 664 1343 722 1386; x_wconf 93' lang='lat' dir='ltr'><strong>ut</strong></span> <span class='ocrx_word' id='word_1_140' title='bbox 770 1333 822 1387; x_wconf 92' lang='lat' dir='ltr'><strong>in</strong></span> <span class='ocrx_word' id='word_1_141' title='bbox 879 1335 1156 1389; x_wconf 88' lang='lat' dir='ltr'><strong>nonnullis</strong></span> <span class='ocrx_word' id='word_1_142' title='bbox 1211 1333 1616 1403; x_wconf 81' lang='lat' dir='ltr'><strong>exemplaribus</strong></span> <span class='ocrx_word' id='word_1_143' title='bbox 1645 1332 1880 1387; x_wconf 89' lang='lat' dir='ltr'><strong>habetur</strong></span> <span class='ocrx_word' id='word_1_144' title='bbox 1909 1373 1925 1398; x_wconf 92' lang='lat'><strong>,</strong></span> <span class='ocrx_word' id='word_1_145' title='bbox 2034 1335 2290 1391; x_wconf 91' lang='lat' dir='ltr'><strong>dientiam</strong></span> <span class='ocrx_word' id='word_1_146' title='bbox 2320 1333 2477 1388; x_wconf 87' lang='lat' dir='ltr'><strong>unius</strong></span> <span class='ocrx_word' id='word_1_147' title='bbox 2513 1331 2749 1387; x_wconf 88' lang='lat' dir='ltr'><strong>hominis</strong></span> <span class='ocrx_word' id='word_1_148' title='bbox 2793 1339 3109 1401; x_wconf 87' lang='lat' dir='ltr'><strong>peccatores</strong></span> <span class='ocrx_word' id='word_1_149' title='bbox 3144 1329 3428 1384; x_wconf 88' lang='lat' dir='ltr'><strong>constituti</strong></span> <span class='ocrx_word' id='word_1_150' title='bbox 3478 1339 3603 1383; x_wconf 88' lang='lat' dir='ltr'><strong>sunt</strong></span> 
     </span>
    </p>
   </div>
   <div class='ocr_carea' id='block_1_11' title="bbox 373 1421 3604 1495">
    <p class='ocr_par' dir='ltr' id='par_1_11' title="bbox 373 1421 3604 1495">
     <span class='ocr_line' id='line_1_11' title="bbox 373 1421 3604 1495; baseline 0 -22"><span class='ocrx_word' id='word_1_151' title='bbox 373 1438 392 1471; x_wconf 75' lang='grc' dir='ltr'><strong>ι</strong></span> <span class='ocrx_word' id='word_1_152' title='bbox 421 1421 581 1474; x_wconf 88' lang='lat' dir='ltr'><strong>etiant</strong></span> <span class='ocrx_word' id='word_1_153' title='bbox 607 1421 658 1474; x_wconf 89' lang='lat' dir='ltr'><strong>in</strong></span> <span class='ocrx_word' id='word_1_154' title='bbox 685 1436 779 1476; x_wconf 90' lang='lat' dir='ltr'><strong>eos</strong></span> <span class='ocrx_word' id='word_1_155' title='bbox 802 1424 890 1493; x_wconf 90' lang='lat' dir='ltr'><strong>qui</strong></span> <span class='ocrx_word' id='word_1_156' title='bbox 919 1440 1022 1476; x_wconf 91' lang='lat' dir='ltr'><strong>non</strong></span> <span class='ocrx_word' id='word_1_157' title='bbox 1049 1433 1407 1492; x_wconf 85' lang='lat' dir='ltr'><strong>peccaverunt</strong></span> <span class='ocrx_word' id='word_1_158' title='bbox 1435 1423 1487 1476; x_wconf 92' lang='lat' dir='ltr'><strong>in</strong></span> <span class='ocrx_word' id='word_1_159' title='bbox 1521 1423 1931 1478; x_wconf 89' lang='lat' dir='ltr'><strong>similitudinem</strong></span> <span class='ocrx_word' id='word_1_160' title='bbox 2035 1426 2212 1490; x_wconf 87' lang='lat' dir='ltr'><strong>multi,</strong></span> <span class='ocrx_word' id='word_1_161' title='bbox 2241 1427 2314 1481; x_wconf 85' lang='lat' dir='ltr'><strong>ita</strong></span> <span class='ocrx_word' id='word_1_162' title='bbox 2339 1435 2392 1481; x_wconf 90' lang='lat' dir='ltr'><strong>et</strong></span> <span class='ocrx_word' id='word_1_163' title='bbox 2420 1440 2517 1495; x_wconf 88' lang='lat' dir='ltr'><strong>per</strong></span> <span class='ocrx_word' id='word_1_164' title='bbox 2548 1424 2706 1480; x_wconf 88' lang='lat' dir='ltr'><strong>unius</strong></span> <span class='ocrx_word' id='word_1_165' title='bbox 2727 1423 3087 1479; x_wconf 86' lang='lat' dir='ltr'><strong>obedientiam</strong></span> <span class='ocrx_word' id='word_1_166' title='bbox 3106 1423 3238 1492; x_wconf 87' lang='lat' dir='ltr'><strong>justi</strong></span> <span class='ocrx_word' id='word_1_167' title='bbox 3265 1422 3604 1476; x_wconf 57' lang='lat' dir='ltr'><strong>constituent.</strong></span> 
     </span>
    </p>
   </div>
   <div class='ocr_carea' id='block_1_12' title="bbox 369 1513 3604 1585">
    <p class='ocr_par' dir='ltr' id='par_1_12' title="bbox 369 1513 3604 1585">
     <span class='ocr_line' id='line_1_12' title="bbox 369 1513 3604 1585; baseline -0.001 -18"><span class='ocrx_word' id='word_1_168' title='bbox 369 1515 833 1582; x_wconf 63' lang='lat' dir='ltr'><strong>praevaricationis</strong></span> <span class='ocrx_word' id='word_1_169' title='bbox 879 1516 1029 1584; x_wconf 73' lang='lat' dir='ltr'><strong>Adae,</strong></span> <span class='ocrx_word' id='word_1_170' title='bbox 1069 1537 1088 1571; x_wconf 72' lang='grc' dir='ltr'><strong>ι</strong></span> <span class='ocrx_word' id='word_1_171' title='bbox 1123 1532 1271 1572; x_wconf 89' lang='lat' dir='ltr'><strong>mors</strong></span> <span class='ocrx_word' id='word_1_172' title='bbox 1320 1518 1444 1579; x_wconf 89' lang='lat' dir='ltr'><strong>ista.</strong></span> <span class='ocrx_word' id='word_1_173' title='bbox 1483 1517 1534 1571; x_wconf 92' lang='lat' dir='ltr'><strong>id</strong></span> <span class='ocrx_word' id='word_1_174' title='bbox 1586 1526 1691 1580; x_wconf 88' lang='lat' dir='ltr'><strong>est,</strong></span> <span class='ocrx_word' id='word_1_175' title='bbox 1730 1530 1848 1585; x_wconf 75' lang='lat' dir='ltr'><strong>qua:</strong></span> <span class='ocrx_word' id='word_1_176' title='bbox 1879 1516 1931 1569; x_wconf 91' lang='lat' dir='ltr'><strong>in</strong></span> <span class='ocrx_word' id='word_1_177' title='bbox 2037 1528 2126 1572; x_wconf 92' lang='lat' dir='ltr'><strong>tur</strong></span> <span class='ocrx_word' id='word_1_178' title='bbox 2146 1518 2296 1572; x_wconf 87' lang='lat' dir='ltr'><strong>multi</strong></span> <span class='ocrx_word' id='word_1_179' title='bbox 2323 1519 2364 1571; x_wconf 80' lang='grc'><strong>⁸.</strong></span> <span class='ocrx_word' id='word_1_180' title='bbox 2406 1536 2424 1569; x_wconf 73' lang='grc' dir='ltr'><strong>ι</strong></span> <span class='ocrx_word' id='word_1_181' title='bbox 2458 1517 2512 1571; x_wconf 89' lang='lat' dir='ltr'><strong>Si</strong></span> <span class='ocrx_word' id='word_1_182' title='bbox 2537 1531 2668 1571; x_wconf 90' lang='lat' dir='ltr'><strong>vero</strong></span> <span class='ocrx_word' id='word_1_183' title='bbox 2699 1514 3062 1584; x_wconf 80' lang='lat' dir='ltr'><strong>intelligamus</strong></span> <span class='ocrx_word' id='word_1_184' title='bbox 3085 1513 3400 1583; x_wconf 85' lang='lat' dir='ltr'><strong>Apostolum</strong></span> <span class='ocrx_word' id='word_1_185' title='bbox 3429 1528 3459 1565; x_wconf 87' lang='lat' dir='ltr'><strong>a</strong></span> <span class='ocrx_word' id='word_1_186' title='bbox 3490 1514 3604 1565; x_wconf 76' lang='lat' dir='ltr'><strong>suis</strong></span> 
     </span>
    </p>
   </div>
   <div class='ocr_carea' id='block_1_13' title="bbox 370 1602 3602 1680">
    <p class='ocr_par' dir='ltr' id='par_1_13' title="bbox 370 1602 3602 1680">
     <span class='ocr_line' id='line_1_13' title="bbox 370 1602 3602 1680; baseline -0.002 -20"><span class='ocrx_word' id='word_1_187' title='bbox 370 1605 582 1661; x_wconf 82' lang='lat' dir='ltr'><strong>inferno</strong></span> <span class='ocrx_word' id='word_1_188' title='bbox 613 1607 823 1663; x_wconf 89' lang='lat' dir='ltr'><strong>animas</strong></span> <span class='ocrx_word' id='word_1_189' title='bbox 853 1609 1154 1674; x_wconf 87' lang='lat' dir='ltr'><strong>detinebat,</strong></span> <span class='ocrx_word' id='word_1_190' title='bbox 1203 1624 1465 1680; x_wconf 82' lang='lat' dir='ltr'><strong>regnasse</strong></span> <span class='ocrx_word' id='word_1_191' title='bbox 1498 1609 1736 1672; x_wconf 87' lang='lat' dir='ltr'><strong>dicatur,</strong></span> <span class='ocrx_word' id='word_1_192' title='bbox 1771 1607 1935 1662; x_wconf 88' lang='lat' dir='ltr'><strong>intel-</strong></span> <span class='ocrx_word' id='word_1_193' title='bbox 2039 1609 2373 1680; x_wconf 86' lang='lat' dir='ltr'><strong>temporibus</strong></span> <span class='ocrx_word' id='word_1_194' title='bbox 2405 1605 2603 1678; x_wconf 89' lang='lat' dir='ltr'><strong>quibus</strong></span> <span class='ocrx_word' id='word_1_195' title='bbox 2671 1607 2789 1661; x_wconf 74' lang='lat' dir='ltr'><strong>haec</strong></span> <span class='ocrx_word' id='word_1_196' title='bbox 2849 1606 3143 1668; x_wconf 87' lang='lat' dir='ltr'><strong>scribebat,</strong></span> <span class='ocrx_word' id='word_1_197' title='bbox 3193 1604 3399 1659; x_wconf 75' lang='lat' dir='ltr'><strong>dixisse</strong></span> <span class='ocrx_word' id='word_1_198' title='bbox 3427 1602 3602 1656; x_wconf 83' lang='lat' dir='ltr'><strong>Adam</strong></span> 
     </span>
    </p>
   </div>
   <div class='ocr_carea' id='block_1_14' title="bbox 371 1693 3604 1767">
    <p class='ocr_par' dir='ltr' id='par_1_14' title="bbox 371 1693 3604 1767">
     <span class='ocr_line' id='line_1_14' title="bbox 371 1693 3604 1767; baseline -0.003 -21"><span class='ocrx_word' id='word_1_199' title='bbox 371 1694 588 1766; x_wconf 86' lang='lat' dir='ltr'><strong>ligimus</strong></span> <span class='ocrx_word' id='word_1_200' title='bbox 603 1705 659 1750; x_wconf 91' lang='lat' dir='ltr'><strong>et</strong></span> <span class='ocrx_word' id='word_1_201' title='bbox 685 1707 901 1750; x_wconf 89' lang='lat' dir='ltr'><strong>sanctos</strong></span> <span class='ocrx_word' id='word_1_202' title='bbox 934 1712 1177 1766; x_wconf 89' lang='lat' dir='ltr'><strong>quosque</strong></span> <span class='ocrx_word' id='word_1_203' title='bbox 1203 1698 1302 1752; x_wconf 89' lang='lat' dir='ltr'><strong>sub</strong></span> <span class='ocrx_word' id='word_1_204' title='bbox 1336 1697 1439 1752; x_wconf 83' lang='lat' dir='ltr'><strong>ista</strong></span> <span class='ocrx_word' id='word_1_205' title='bbox 1473 1703 1667 1759; x_wconf 90' lang='lat' dir='ltr'><strong>morte,</strong></span> <span class='ocrx_word' id='word_1_206' title='bbox 1701 1693 1864 1748; x_wconf 89' lang='lat' dir='ltr'><strong>etiam</strong></span> <span class='ocrx_word' id='word_1_207' title='bbox 1887 1693 1933 1747; x_wconf 91' lang='lat' dir='ltr'><strong>si</strong></span> <span class='ocrx_word' id='word_1_208' title='bbox 2036 1700 2201 1755; x_wconf 77' lang='lat' dir='ltr'><strong>futuri</strong></span> <span class='ocrx_word' id='word_1_209' title='bbox 2231 1715 2352 1756; x_wconf 81' lang='lat' dir='ltr'><strong>esse</strong></span> <span class='ocrx_word' id='word_1_210' title='bbox 2384 1697 2637 1764; x_wconf 80' lang='lat' dir='ltr'><strong>formam,</strong></span> <span class='ocrx_word' id='word_1_211' title='bbox 2661 1695 2735 1751; x_wconf 89' lang='lat' dir='ltr'><strong>ita</strong></span> <span class='ocrx_word' id='word_1_212' title='bbox 2763 1697 2934 1767; x_wconf 88' lang='lat' dir='ltr'><strong>magis</strong></span> <span class='ocrx_word' id='word_1_213' title='bbox 2954 1695 3292 1765; x_wconf 82' lang='lat' dir='ltr'><strong>intelligitur,</strong></span> <span class='ocrx_word' id='word_1_214' title='bbox 3317 1694 3466 1764; x_wconf 86' lang='lat' dir='ltr'><strong>quod</strong></span> <span class='ocrx_word' id='word_1_215' title='bbox 3494 1695 3604 1747; x_wconf 69' lang='lat' dir='ltr'><strong>sic-</strong></span> 
     </span>
    </p>
   </div>
   <div class='ocr_carea' id='block_1_15' title="bbox 370 1787 3604 1858">
    <p class='ocr_par' dir='ltr' id='par_1_15' title="bbox 370 1787 3604 1858">
     <span class='ocr_line' id='line_1_15' title="bbox 370 1787 3604 1858; baseline 0.001 -19"><span class='ocrx_word' id='word_1_216' title='bbox 370 1802 475 1840; x_wconf 88' lang='lat' dir='ltr'><strong>non</strong></span> <span class='ocrx_word' id='word_1_217' title='bbox 525 1789 806 1857; x_wconf 87' lang='lat' dir='ltr'><strong>peccandi,</strong></span> <span class='ocrx_word' id='word_1_218' title='bbox 840 1797 896 1842; x_wconf 89' lang='lat' dir='ltr'><strong>at</strong></span> <span class='ocrx_word' id='word_1_219' title='bbox 949 1800 1098 1844; x_wconf 91' lang='lat' dir='ltr'><strong>certe</strong></span> <span class='ocrx_word' id='word_1_220' title='bbox 1147 1789 1415 1844; x_wconf 90' lang='lat' dir='ltr'><strong>moriendi</strong></span> <span class='ocrx_word' id='word_1_221' title='bbox 1451 1789 1567 1858; x_wconf 87' lang='lat' dir='ltr'><strong>lege</strong></span> <span class='ocrx_word' id='word_1_222' title='bbox 1613 1787 1880 1842; x_wconf 87' lang='lat' dir='ltr'><strong>decidisse</strong></span> <span class='ocrx_word' id='word_1_223' title='bbox 1915 1803 1932 1844; x_wconf 90' lang='lat'><strong>:</strong></span> <span class='ocrx_word' id='word_1_224' title='bbox 2036 1801 2094 1848; x_wconf 88' lang='lat' dir='ltr'><strong>ut</strong></span> <span class='ocrx_word' id='word_1_225' title='bbox 2163 1793 2215 1849; x_wconf 92' lang='lat' dir='ltr'><strong>in</strong></span> <span class='ocrx_word' id='word_1_226' title='bbox 2266 1793 2368 1848; x_wconf 87' lang='lat' dir='ltr'><strong>hoc</strong></span> <span class='ocrx_word' id='word_1_227' title='bbox 2405 1790 2601 1846; x_wconf 52' lang='lat' dir='ltr'><strong>sarculo</strong></span> <span class='ocrx_word' id='word_1_228' title='bbox 2638 1796 2786 1844; x_wconf 83' lang='lat' dir='ltr'><strong>mors</strong></span> <span class='ocrx_word' id='word_1_229' title='bbox 2813 1790 3060 1858; x_wconf 83' lang='lat' dir='ltr'><strong>regnavit</strong></span> <span class='ocrx_word' id='word_1_230' title='bbox 3083 1803 3175 1858; x_wconf 88' lang='lat' dir='ltr'><strong>per</strong></span> <span class='ocrx_word' id='word_1_231' title='bbox 3207 1803 3376 1842; x_wconf 88' lang='lat' dir='ltr'><strong>unum</strong></span> <span class='ocrx_word' id='word_1_232' title='bbox 3407 1787 3604 1853; x_wconf 79' lang='lat' dir='ltr'><strong>Adam,</strong></span> 
     </span>
    </p>
   </div>
   <div class='ocr_carea' id='block_1_16' title="bbox 369 1879 3604 1949">
    <p class='ocr_par' dir='ltr' id='par_1_16' title="bbox 369 1879 3604 1949">
     <span class='ocr_line' id='line_1_16' title="bbox 369 1879 3604 1949; baseline -0.001 -15"><span class='ocrx_word' id='word_1_233' title='bbox 369 1879 644 1934; x_wconf 76' lang='lat' dir='ltr'><strong>Chrisrum</strong></span> <span class='ocrx_word' id='word_1_234' title='bbox 673 1895 802 1934; x_wconf 90' lang='lat' dir='ltr'><strong>vero</strong></span> <span class='ocrx_word' id='word_1_235' title='bbox 830 1880 1032 1936; x_wconf 77' lang='lat' dir='ltr'><strong>idcirco</strong></span> <span class='ocrx_word' id='word_1_236' title='bbox 1056 1882 1107 1935; x_wconf 93' lang='lat' dir='ltr'><strong>in</strong></span> <span class='ocrx_word' id='word_1_237' title='bbox 1130 1881 1398 1936; x_wconf 81' lang='lat' dir='ltr'><strong>infernum</strong></span> <span class='ocrx_word' id='word_1_238' title='bbox 1425 1880 1791 1944; x_wconf 82' lang='lat' dir='ltr'><strong>descendisse,</strong></span> <span class='ocrx_word' id='word_1_239' title='bbox 1827 1893 1932 1932; x_wconf 89' lang='lat' dir='ltr'><strong>non</strong></span> <span class='ocrx_word' id='word_1_240' title='bbox 1973 1947 1992 1949; x_wconf 96' lang='lat'>_</span> <span class='ocrx_word' id='word_1_241' title='bbox 2036 1894 2091 1940; x_wconf 92' lang='lat' dir='ltr'><strong>et</strong></span> <span class='ocrx_word' id='word_1_242' title='bbox 2140 1884 2373 1944; x_wconf 88' lang='lat' dir='ltr'><strong>mortale</strong></span> <span class='ocrx_word' id='word_1_243' title='bbox 2411 1881 2663 1937; x_wconf 73' lang='lat' dir='ltr'><strong>eﬂecmm</strong></span> <span class='ocrx_word' id='word_1_244' title='bbox 2692 1891 2777 1935; x_wconf 91' lang='lat' dir='ltr'><strong>est</strong></span> <span class='ocrx_word' id='word_1_245' title='bbox 2798 1895 2958 1935; x_wconf 86' lang='lat' dir='ltr'><strong>omne</strong></span> <span class='ocrx_word' id='word_1_246' title='bbox 2981 1879 3260 1934; x_wconf 89' lang='lat' dir='ltr'><strong>hominum</strong></span> <span class='ocrx_word' id='word_1_247' title='bbox 3293 1893 3490 1949; x_wconf 87' lang='lat' dir='ltr'><strong>genus,</strong></span> <span class='ocrx_word' id='word_1_248' title='bbox 3533 1879 3604 1932; x_wconf 85' lang='lat' dir='ltr'><strong>ita</strong></span> 
     </span>
    </p>
   </div>
   <div class='ocr_carea' id='block_1_17' title="bbox 368 1947 1855 2040">
    <p class='ocr_par' dir='ltr' id='par_1_17' title="bbox 368 1970 1855 2040">
     <span class='ocr_line' id='line_1_17' title="bbox 368 1970 1855 2040; baseline -0.001 -15"><span class='ocrx_word' id='word_1_249' title='bbox 368 1970 542 2025; x_wconf 81' lang='lat' dir='ltr'><strong>solum</strong></span> <span class='ocrx_word' id='word_1_250' title='bbox 567 1980 623 2023; x_wconf 94' lang='lat' dir='ltr'><strong>ut</strong></span> <span class='ocrx_word' id='word_1_251' title='bbox 655 1972 768 2040; x_wconf 83' lang='lat' dir='ltr'><strong>ipse</strong></span> <span class='ocrx_word' id='word_1_252' title='bbox 808 1987 912 2024; x_wconf 89' lang='lat' dir='ltr'><strong>non</strong></span> <span class='ocrx_word' id='word_1_253' title='bbox 952 1981 1228 2027; x_wconf 88' lang='lat' dir='ltr'><strong>teneretur</strong></span> <span class='ocrx_word' id='word_1_254' title='bbox 1259 1990 1288 2026; x_wconf 94' lang='lat' dir='ltr'><strong>a</strong></span> <span class='ocrx_word' id='word_1_255' title='bbox 1322 1981 1519 2036; x_wconf 89' lang='lat' dir='ltr'><strong>morte,</strong></span> <span class='ocrx_word' id='word_1_256' title='bbox 1545 1973 1640 2028; x_wconf 91' lang='lat' dir='ltr'><strong>sed</strong></span> <span class='ocrx_word' id='word_1_257' title='bbox 1665 1982 1726 2026; x_wconf 91' lang='lat' dir='ltr'><strong>ut</strong></span> <span class='ocrx_word' id='word_1_258' title='bbox 1751 1979 1808 2026; x_wconf 92' lang='lat' dir='ltr'><strong>et</strong></span> <span class='ocrx_word' id='word_1_259' title='bbox 1839 1985 1855 2024; x_wconf 80' lang='grc' dir='ltr'><strong>ι</strong></span> 
     </span>
    </p>
   </div>
   <div class='ocr_carea' id='block_1_18' title="bbox 2122 1947 3609 2040">
    <p class='ocr_par' dir='ltr' id='par_1_18' title="bbox 2122 1947 3609 2040">
     <span class='ocr_line' id='line_1_18' title="bbox 2122 1947 3609 2040; baseline -0.007 -7"><span class='ocrx_word' id='word_1_260' title='bbox 2122 1979 2173 2033; x_wconf 92' lang='lat' dir='ltr'><strong>in</strong></span> <span class='ocrx_word' id='word_1_261' title='bbox 2207 1975 2390 2031; x_wconf 80' lang='lat' dir='ltr'><strong>futuro</strong></span> <span class='ocrx_word' id='word_1_262' title='bbox 2433 1972 2632 2030; x_wconf 75' lang='lat' dir='ltr'><strong>smculo</strong></span> <span class='ocrx_word' id='word_1_263' title='bbox 2674 1973 2785 2026; x_wconf 89' lang='lat' dir='ltr'><strong>vita</strong></span> <span class='ocrx_word' id='word_1_264' title='bbox 2817 1971 3065 2040; x_wconf 76' lang='lat' dir='ltr'><strong>regnabit</strong></span> <span class='ocrx_word' id='word_1_265' title='bbox 3094 1985 3188 2039; x_wconf 90' lang='lat' dir='ltr'><strong>per</strong></span> <span class='ocrx_word' id='word_1_266' title='bbox 3215 1947 3522 2033; x_wconf 77' lang='lat' dir='ltr'><strong>Christum,</strong></span> <span class='ocrx_word' id='word_1_267' title='bbox 3558 1977 3609 2023; x_wconf 83' lang='lat' dir='ltr'><strong>et</strong></span> 
     </span>
    </p>
   </div>
   <div class='ocr_carea' id='block_1_19' title="bbox 371 2062 3607 2134">
    <p class='ocr_par' dir='ltr' id='par_1_19' title="bbox 371 2062 3607 2134">
     <span class='ocr_line' id='line_1_19' title="bbox 371 2062 3607 2134; baseline 0 -20"><span class='ocrx_word' id='word_1_268' title='bbox 371 2064 460 2130; x_wconf 89' lang='lat' dir='ltr'><strong>qui</strong></span> <span class='ocrx_word' id='word_1_269' title='bbox 497 2063 627 2116; x_wconf 89' lang='lat' dir='ltr'><strong>inibi</strong></span> <span class='ocrx_word' id='word_1_270' title='bbox 659 2079 762 2117; x_wconf 92' lang='lat' dir='ltr'><strong>non</strong></span> <span class='ocrx_word' id='word_1_271' title='bbox 787 2071 895 2117; x_wconf 90' lang='lat' dir='ltr'><strong>tam</strong></span> <span class='ocrx_word' id='word_1_272' title='bbox 925 2064 1408 2134; x_wconf 57' lang='lat' dir='ltr'><strong>praevaricationis,</strong></span> <span class='ocrx_word' id='word_1_273' title='bbox 1447 2076 1507 2120; x_wconf 93' lang='lat' dir='ltr'><strong>ut</strong></span> <span class='ocrx_word' id='word_1_274' title='bbox 1538 2065 1796 2127; x_wconf 80' lang='lat' dir='ltr'><strong>diximus,</strong></span> <span class='ocrx_word' id='word_1_275' title='bbox 1827 2062 1936 2119; x_wconf 87' lang='lat' dir='ltr'><strong>cri-</strong></span> <span class='ocrx_word' id='word_1_276' title='bbox 2041 2069 2446 2124; x_wconf 88' lang='lat' dir='ltr'><strong>immortalitate</strong></span> <span class='ocrx_word' id='word_1_277' title='bbox 2504 2065 2790 2123; x_wconf 88' lang='lat' dir='ltr'><strong>donabitur</strong></span> <span class='ocrx_word' id='word_1_278' title='bbox 2858 2077 3020 2118; x_wconf 90' lang='lat' dir='ltr'><strong>omne</strong></span> <span class='ocrx_word' id='word_1_279' title='bbox 3091 2064 3370 2118; x_wconf 90' lang='lat' dir='ltr'><strong>hominum</strong></span> <span class='ocrx_word' id='word_1_280' title='bbox 3413 2077 3607 2131; x_wconf 81' lang='lat' dir='ltr'><strong>genus.</strong></span> 
     </span>
    </p>
   </div>
   <div class='ocr_carea' id='block_1_20' title="bbox 373 2149 3611 2224">
    <p class='ocr_par' dir='ltr' id='par_1_20' title="bbox 373 2149 3611 2224">
     <span class='ocr_line' id='line_1_20' title="bbox 373 2149 3611 2224; baseline 0.003 -23"><span class='ocrx_word' id='word_1_281' title='bbox 373 2149 537 2213; x_wconf 88' lang='lat' dir='ltr'><strong>mine,</strong></span> <span class='ocrx_word' id='word_1_282' title='bbox 571 2165 732 2219; x_wconf 87' lang='lat' dir='ltr'><strong>quam</strong></span> <span class='ocrx_word' id='word_1_283' title='bbox 778 2152 1048 2206; x_wconf 89' lang='lat' dir='ltr'><strong>moriendi</strong></span> <span class='ocrx_word' id='word_1_284' title='bbox 1092 2151 1407 2207; x_wconf 92' lang='lat' dir='ltr'><strong>conditione</strong></span> <span class='ocrx_word' id='word_1_285' title='bbox 1422 2151 1782 2218; x_wconf 90' lang='lat' dir='ltr'><strong>habebantur,</strong></span> <span class='ocrx_word' id='word_1_286' title='bbox 1806 2155 1934 2208; x_wconf 53' lang='lat' dir='ltr'><strong>abs-</strong></span> <span class='ocrx_word' id='word_1_287' title='bbox 2042 2161 2308 2218; x_wconf 75' lang='lat' dir='ltr'><strong>Similiter</strong></span> <span class='ocrx_word' id='word_1_288' title='bbox 2339 2171 2516 2216; x_wconf 81' lang='lat' dir='ltr'><strong>autem</strong></span> <span class='ocrx_word' id='word_1_289' title='bbox 2549 2168 2609 2213; x_wconf 89' lang='lat' dir='ltr'><strong>ut</strong></span> <span class='ocrx_word' id='word_1_290' title='bbox 2650 2158 2702 2213; x_wconf 91' lang='lat' dir='ltr'><strong>in</strong></span> <span class='ocrx_word' id='word_1_291' title='bbox 2740 2157 2844 2211; x_wconf 90' lang='lat' dir='ltr'><strong>hoc</strong></span> <span class='ocrx_word' id='word_1_292' title='bbox 2875 2153 3190 2224; x_wconf 79' lang='lat' dir='ltr'><strong>ambiguum</strong></span> <span class='ocrx_word' id='word_1_293' title='bbox 3223 2154 3465 2207; x_wconf 81' lang='lat' dir='ltr'><strong>diximus</strong></span> <span class='ocrx_word' id='word_1_294' title='bbox 3490 2165 3611 2206; x_wconf 64' lang='lat' dir='ltr'><strong>esse</strong></span> 
     </span>
    </p>
   </div>
   <div class='ocr_carea' id='block_1_21' title="bbox 373 2240 3610 2323">
    <p class='ocr_par' dir='ltr' id='par_1_21' title="bbox 373 2240 3610 2323">
     <span class='ocr_line' id='line_1_21' title="bbox 373 2240 3610 2323; baseline -0.003 -32"><span class='ocrx_word' id='word_1_295' title='bbox 373 2240 616 2294; x_wconf 85' lang='lat' dir='ltr'><strong>traheret</strong></span> <span class='ocrx_word' id='word_1_296' title='bbox 668 2240 780 2308; x_wconf 85' lang='lat'><strong>(88)</strong></span> <span class='ocrx_word' id='word_1_297' title='bbox 818 2259 832 2295; x_wconf 90' lang='lat'><strong>:</strong></span> <span class='ocrx_word' id='word_1_298' title='bbox 871 2242 1011 2297; x_wconf 87' lang='lat' dir='ltr'><strong>sicut</strong></span> <span class='ocrx_word' id='word_1_299' title='bbox 1057 2241 1320 2311; x_wconf 87' lang='lat' dir='ltr'><strong>scriptum</strong></span> <span class='ocrx_word' id='word_1_300' title='bbox 1374 2251 1458 2297; x_wconf 87' lang='lat' dir='ltr'><strong>est</strong></span> <span class='ocrx_word' id='word_1_301' title='bbox 1489 2260 1503 2297; x_wconf 90' lang='lat'><strong>:</strong></span> <span class='ocrx_word' id='word_1_302' title='bbox 1541 2242 1667 2311; x_wconf 85' lang='lat' dir='ltr'><strong>quia</strong></span> <span class='ocrx_word' id='word_1_303' title='bbox 1710 2259 1730 2293; x_wconf 76' lang='grc' dir='ltr'><strong>ι</strong></span> <span class='ocrx_word' id='word_1_304' title='bbox 1770 2243 1935 2296; x_wconf 88' lang='lat' dir='ltr'><strong>multa</strong></span> <span class='ocrx_word' id='word_1_305' title='bbox 2040 2269 2344 2311; x_wconf 68' lang='lat' dir='ltr'><strong>sermonem</strong></span> <span class='ocrx_word' id='word_1_306' title='bbox 2374 2268 2480 2323; x_wconf 76' lang='lat' dir='ltr'><strong>quo</strong></span> <span class='ocrx_word' id='word_1_307' title='bbox 2530 2253 2626 2314; x_wconf 56' lang='grc' dir='ltr'><strong>εει,</strong></span> <span class='ocrx_word' id='word_1_308' title='bbox 2659 2269 2677 2303; x_wconf 66' lang='grc' dir='ltr'>α</span> <span class='ocrx_word' id='word_1_309' title='bbox 2714 2249 2814 2316; x_wconf 73' lang='lat' dir='ltr'><strong>Qui</strong></span> <span class='ocrx_word' id='word_1_310' title='bbox 2847 2256 2930 2303; x_wconf 64' lang='lat' dir='ltr'><strong>esi</strong></span> <span class='ocrx_word' id='word_1_311' title='bbox 2980 2245 3149 2301; x_wconf 71' lang='lat' dir='ltr'><strong>forma</strong></span> <span class='ocrx_word' id='word_1_312' title='bbox 3184 2244 3352 2298; x_wconf 66' lang='lat' dir='ltr'><strong>fumi-3</strong></span> <span class='ocrx_word' id='word_1_313' title='bbox 3381 2245 3423 2308; x_wconf 58' lang='grc' dir='ltr'>ι,</span> <span class='ocrx_word' id='word_1_314' title='bbox 3469 2263 3490 2291; x_wconf 87' lang='grc'><em>,</em></span> <span class='ocrx_word' id='word_1_315' title='bbox 3527 2243 3610 2298; x_wconf 69' lang='lat' dir='ltr'><strong>in-</strong></span> 
     </span>
    </p>
   </div>
   <div class='ocr_carea' id='block_1_22' title="bbox 375 2334 3610 2407">
    <p class='ocr_par' dir='ltr' id='par_1_22' title="bbox 375 2334 3610 2407">
     <span class='ocr_line' id='line_1_22' title="bbox 375 2334 3610 2407; baseline 0.001 -23"><span class='ocrx_word' id='word_1_316' title='bbox 375 2344 603 2399; x_wconf 83' lang='lat' dir='ltr'><strong>corpora</strong></span> <span class='ocrx_word' id='word_1_317' title='bbox 637 2343 945 2387; x_wconf 90' lang='lat' dir='ltr'><strong>sanctorum</strong></span> <span class='ocrx_word' id='word_1_318' title='bbox 976 2334 1357 2388; x_wconf 89' lang='lat' dir='ltr'><strong>dormientium</strong></span> <span class='ocrx_word' id='word_1_319' title='bbox 1408 2342 1769 2387; x_wconf 81' lang='lat' dir='ltr'><strong>surrexerunt</strong></span> <span class='ocrx_word' id='word_1_320' title='bbox 1816 2347 1937 2386; x_wconf 90' lang='lat' dir='ltr'><strong>cum</strong></span> <span class='ocrx_word' id='word_1_321' title='bbox 2041 2345 2286 2399; x_wconf 67' lang='lat' dir='ltr'><strong>venimus</strong></span> <span class='ocrx_word' id='word_1_322' title='bbox 2311 2353 2367 2398; x_wconf 68' lang='lat' dir='ltr'><strong>ei,</strong></span> <span class='ocrx_word' id='word_1_323' title='bbox 2410 2344 2476 2397; x_wconf 70' lang='lat' dir='ltr'><strong>ad</strong></span> <span class='ocrx_word' id='word_1_324' title='bbox 2517 2342 2867 2396; x_wconf 72' lang='lat' dir='ltr'><strong>Colossenses</strong></span> <span class='ocrx_word' id='word_1_325' title='bbox 2926 2337 3176 2407; x_wconf 77' lang='lat' dir='ltr'><strong>ambigue</strong></span> <span class='ocrx_word' id='word_1_326' title='bbox 3201 2335 3492 2404; x_wconf 88' lang='lat' dir='ltr'><strong>scriptum,</strong></span> <span class='ocrx_word' id='word_1_327' title='bbox 3527 2334 3610 2388; x_wconf 85' lang='lat' dir='ltr'><strong>ubi</strong></span> 
     </span>
    </p>
   </div>
   <div class='ocr_carea' id='block_1_23' title="bbox 373 2420 3614 2501">
    <p class='ocr_par' dir='ltr' id='par_1_23' title="bbox 373 2420 3614 2501">
     <span class='ocr_line' id='line_1_23' title="bbox 373 2420 3614 2501; baseline 0.001 -27"><span class='ocrx_word' id='word_1_328' title='bbox 373 2420 485 2488; x_wconf 89' lang='lat' dir='ltr'><strong>illo,</strong></span> <span class='ocrx_word' id='word_1_329' title='bbox 515 2433 566 2476; x_wconf 91' lang='lat' dir='ltr'><strong>et</strong></span> <span class='ocrx_word' id='word_1_330' title='bbox 608 2422 841 2492; x_wconf 81' lang='lat' dir='ltr'><strong>ingressi</strong></span> <span class='ocrx_word' id='word_1_331' title='bbox 872 2434 1000 2479; x_wconf 88' lang='lat' dir='ltr'><strong>sunt</strong></span> <span class='ocrx_word' id='word_1_332' title='bbox 1044 2425 1098 2479; x_wconf 92' lang='lat' dir='ltr'><strong>in</strong></span> <span class='ocrx_word' id='word_1_333' title='bbox 1131 2434 1377 2480; x_wconf 88' lang='lat' dir='ltr'><strong>sanctam</strong></span> <span class='ocrx_word' id='word_1_334' title='bbox 1417 2425 1693 2479; x_wconf 84' lang='lat' dir='ltr'><strong>civitatem</strong></span> <span class='ocrx_word' id='word_1_335' title='bbox 1722 2426 1791 2478; x_wconf 74' lang='grc' dir='ltr'><strong>π.</strong></span> <span class='ocrx_word' id='word_1_336' title='bbox 1825 2444 1843 2474; x_wconf 72' lang='grc' dir='ltr'><strong>ι</strong></span> <span class='ocrx_word' id='word_1_337' title='bbox 1880 2425 1937 2479; x_wconf 92' lang='lat' dir='ltr'><strong>In</strong></span> <span class='ocrx_word' id='word_1_338' title='bbox 2041 2434 2176 2490; x_wconf 77' lang='lat' dir='ltr'><strong>dicit</strong></span> <span class='ocrx_word' id='word_1_339' title='bbox 2207 2453 2220 2489; x_wconf 90' lang='lat'><strong>:</strong></span> <span class='ocrx_word' id='word_1_340' title='bbox 2269 2452 2288 2485; x_wconf 77' lang='grc' dir='ltr'><strong>ι</strong></span> <span class='ocrx_word' id='word_1_341' title='bbox 2321 2433 2436 2488; x_wconf 82' lang='lat' dir='ltr'><strong>Non</strong></span> <span class='ocrx_word' id='word_1_342' title='bbox 2460 2447 2593 2501; x_wconf 89' lang='lat' dir='ltr'><strong>ergo</strong></span> <span class='ocrx_word' id='word_1_343' title='bbox 2640 2445 2741 2488; x_wconf 85' lang='lat' dir='ltr'><strong>vos</strong></span> <span class='ocrx_word' id='word_1_344' title='bbox 2779 2429 2986 2498; x_wconf 81' lang='lat' dir='ltr'><strong>iudicet</strong></span> <span class='ocrx_word' id='word_1_345' title='bbox 3037 2427 3322 2496; x_wconf 89' lang='lat' dir='ltr'><strong>quisquam</strong></span> <span class='ocrx_word' id='word_1_346' title='bbox 3352 2426 3408 2478; x_wconf 90' lang='lat' dir='ltr'><strong>in</strong></span> <span class='ocrx_word' id='word_1_347' title='bbox 3442 2423 3572 2478; x_wconf 85' lang='lat' dir='ltr'><strong>cibo</strong></span> <span class='ocrx_word' id='word_1_348' title='bbox 3594 2460 3614 2487; x_wconf 88' lang='lat'><strong>,</strong></span> 
     </span>
    </p>
   </div>
   <div class='ocr_carea' id='block_1_24' title="bbox 372 2514 3613 2597">
    <p class='ocr_par' dir='ltr' id='par_1_24' title="bbox 372 2514 3613 2597">
     <span class='ocr_line' id='line_1_24' title="bbox 372 2514 3613 2597; baseline -0.004 -15"><span class='ocrx_word' id='word_1_349' title='bbox 372 2529 481 2582; x_wconf 64' lang='lat' dir='ltr'><strong>tl&quot;0</strong></span> <span class='ocrx_word' id='word_1_350' title='bbox 506 2527 561 2570; x_wconf 76' lang='grc' dir='ltr'><strong>θι</strong></span> <span class='ocrx_word' id='word_1_351' title='bbox 590 2515 870 2586; x_wconf 52' lang='lat' dir='ltr'><strong>pl&#39;Ophem‘i</strong></span> <span class='ocrx_word' id='word_1_352' title='bbox 892 2519 1033 2573; x_wconf 60' lang='lat' dir='ltr'><strong>(“Cia</strong></span> <span class='ocrx_word' id='word_1_353' title='bbox 1058 2518 1402 2586; x_wconf 66' lang='grc' dir='ltr'><strong>εοῐηβῖθηῑυν</strong></span> <span class='ocrx_word' id='word_1_354' title='bbox 1421 2518 1618 2587; x_wconf 61' lang='lat' dir='ltr'><strong>(imbus</strong></span> <span class='ocrx_word' id='word_1_355' title='bbox 1639 2517 1716 2572; x_wconf 56' lang='lat' dir='ltr'><strong>ait</strong></span> <span class='ocrx_word' id='word_1_356' title='bbox 1740 2515 1848 2586; x_wconf 77' lang='lat'><strong>(39)</strong></span> <span class='ocrx_word' id='word_1_357' title='bbox 1871 2514 1938 2570; x_wconf 73' lang='lat' dir='ltr'><strong>de</strong></span> <span class='ocrx_word' id='word_1_358' title='bbox 2043 2537 2136 2582; x_wconf 92' lang='lat' dir='ltr'><strong>aut</strong></span> <span class='ocrx_word' id='word_1_359' title='bbox 2163 2530 2216 2582; x_wconf 92' lang='lat' dir='ltr'><strong>in</strong></span> <span class='ocrx_word' id='word_1_360' title='bbox 2251 2537 2401 2597; x_wconf 91' lang='lat' dir='ltr'><strong>potu,</strong></span> <span class='ocrx_word' id='word_1_361' title='bbox 2433 2535 2527 2580; x_wconf 89' lang='lat' dir='ltr'><strong>aut</strong></span> <span class='ocrx_word' id='word_1_362' title='bbox 2555 2525 2608 2580; x_wconf 92' lang='lat' dir='ltr'><strong>in</strong></span> <span class='ocrx_word' id='word_1_363' title='bbox 2636 2533 2792 2596; x_wconf 86' lang='lat' dir='ltr'><strong>parte</strong></span> <span class='ocrx_word' id='word_1_364' title='bbox 2827 2522 2933 2579; x_wconf 91' lang='lat' dir='ltr'><strong>diei</strong></span> <span class='ocrx_word' id='word_1_365' title='bbox 2959 2521 3104 2584; x_wconf 77' lang='lat' dir='ltr'><strong>festi,</strong></span> <span class='ocrx_word' id='word_1_366' title='bbox 3139 2527 3231 2575; x_wconf 86' lang='lat' dir='ltr'><strong>aut</strong></span> <span class='ocrx_word' id='word_1_367' title='bbox 3262 2517 3570 2573; x_wconf 89' lang='lat' dir='ltr'><strong>neomeniis</strong></span> <span class='ocrx_word' id='word_1_368' title='bbox 3593 2552 3613 2579; x_wconf 84' lang='lat'><strong>,</strong></span> 
     </span>
    </p>
   </div>
   <div class='ocr_carea' id='block_1_25' title="bbox 374 2607 3613 2689">
    <p class='ocr_par' dir='ltr' id='par_1_25' title="bbox 374 2607 3613 2689">
     <span class='ocr_line' id='line_1_25' title="bbox 374 2607 3613 2689; baseline -0 -27"><span class='ocrx_word' id='word_1_369' title='bbox 374 2607 632 2663; x_wconf 86' lang='lat' dir='ltr'><strong>Christo:</strong></span> <span class='ocrx_word' id='word_1_370' title='bbox 666 2627 685 2660; x_wconf 76' lang='grc' dir='ltr'><strong>ι</strong></span> <span class='ocrx_word' id='word_1_371' title='bbox 722 2609 1033 2665; x_wconf 82' lang='lat' dir='ltr'><strong>Asccndens</strong></span> <span class='ocrx_word' id='word_1_372' title='bbox 1089 2611 1143 2664; x_wconf 91' lang='lat' dir='ltr'><strong>in</strong></span> <span class='ocrx_word' id='word_1_373' title='bbox 1195 2609 1364 2663; x_wconf 92' lang='lat' dir='ltr'><strong>altum</strong></span> <span class='ocrx_word' id='word_1_374' title='bbox 1401 2649 1415 2674; x_wconf 95' lang='lat'><strong>,</strong></span> <span class='ocrx_word' id='word_1_375' title='bbox 1478 2609 1748 2679; x_wconf 88' lang='lat' dir='ltr'><strong>captivam</strong></span> <span class='ocrx_word' id='word_1_376' title='bbox 1787 2609 1941 2664; x_wconf 82' lang='lat' dir='ltr'><strong>duxit</strong></span> <span class='ocrx_word' id='word_1_377' title='bbox 2043 2619 2444 2684; x_wconf 62' lang='lat' dir='ltr'><strong>auiSabbaiis,</strong></span> <span class='ocrx_word' id='word_1_378' title='bbox 2492 2633 2612 2689; x_wconf 65' lang='lat' dir='ltr'><strong>qua;</strong></span> <span class='ocrx_word' id='word_1_379' title='bbox 2644 2626 2777 2672; x_wconf 74' lang='lat' dir='ltr'><strong>sum</strong></span> <span class='ocrx_word' id='word_1_380' title='bbox 2831 2617 3020 2673; x_wconf 76' lang='lat' dir='ltr'><strong>umbra</strong></span> <span class='ocrx_word' id='word_1_381' title='bbox 3069 2615 3375 2669; x_wconf 82' lang='lat' dir='ltr'><strong>futurorum</strong></span> <span class='ocrx_word' id='word_1_382' title='bbox 3400 2611 3446 2668; x_wconf 67' lang='grc' dir='ltr'>ι,</span> <span class='ocrx_word' id='word_1_383' title='bbox 3487 2629 3512 2663; x_wconf 69' lang='grc' dir='ltr'><strong>ι</strong></span> <span class='ocrx_word' id='word_1_384' title='bbox 3548 2610 3613 2664; x_wconf 85' lang='lat' dir='ltr'><strong>Et</strong></span> 
     </span>
    </p>
   </div>
   <div class='ocr_carea' id='block_1_26' title="bbox 373 2701 3616 2781">
    <p class='ocr_par' dir='ltr' id='par_1_26' title="bbox 373 2701 3616 2781">
     <span class='ocr_line' id='line_1_26' title="bbox 373 2701 3616 2781; baseline 0 -26"><span class='ocrx_word' id='word_1_385' title='bbox 373 2701 740 2771; x_wconf 83' lang='lat' dir='ltr'><strong>captivitatem</strong></span> <span class='ocrx_word' id='word_1_386' title='bbox 762 2703 829 2755; x_wconf 72' lang='grc'><strong>’⁸.</strong></span> <span class='ocrx_word' id='word_1_387' title='bbox 871 2721 889 2754; x_wconf 77' lang='grc' dir='ltr'><strong>ι</strong></span> <span class='ocrx_word' id='word_1_388' title='bbox 924 2703 986 2757; x_wconf 86' lang='lat' dir='ltr'><strong>Et</strong></span> <span class='ocrx_word' id='word_1_389' title='bbox 1020 2703 1123 2757; x_wconf 90' lang='lat' dir='ltr'><strong>hoc</strong></span> <span class='ocrx_word' id='word_1_390' title='bbox 1156 2703 1316 2757; x_wconf 91' lang='lat' dir='ltr'><strong>modo</strong></span> <span class='ocrx_word' id='word_1_391' title='bbox 1349 2717 1445 2772; x_wconf 90' lang='lat' dir='ltr'><strong>per</strong></span> <span class='ocrx_word' id='word_1_392' title='bbox 1479 2703 1937 2757; x_wconf 84' lang='lat' dir='ltr'><strong>resurrectionem</strong></span> <span class='ocrx_word' id='word_1_393' title='bbox 2044 2711 2171 2764; x_wconf 86' lang='lat' dir='ltr'><strong>item</strong></span> <span class='ocrx_word' id='word_1_394' title='bbox 2199 2710 2326 2765; x_wconf 86' lang='lat' dir='ltr'><strong>alibi</strong></span> <span class='ocrx_word' id='word_1_395' title='bbox 2356 2709 2496 2765; x_wconf 91' lang='lat' dir='ltr'><strong>idem</strong></span> <span class='ocrx_word' id='word_1_396' title='bbox 2539 2709 2831 2781; x_wconf 85' lang='lat' dir='ltr'><strong>Apostolus</strong></span> <span class='ocrx_word' id='word_1_397' title='bbox 2863 2708 2997 2764; x_wconf 92' lang='lat' dir='ltr'><strong>dicit</strong></span> <span class='ocrx_word' id='word_1_398' title='bbox 3033 2728 3048 2763; x_wconf 89' lang='lat'><strong>:</strong></span> <span class='ocrx_word' id='word_1_399' title='bbox 3099 2726 3118 2758; x_wconf 71' lang='grc' dir='ltr'><strong>ι</strong></span> <span class='ocrx_word' id='word_1_400' title='bbox 3179 2705 3435 2761; x_wconf 86' lang='lat' dir='ltr'><strong>Umbram</strong></span> <span class='ocrx_word' id='word_1_401' title='bbox 3465 2703 3616 2757; x_wconf 77' lang='lat' dir='ltr'><strong>enim</strong></span> 
     </span>
    </p>
   </div>
   <div class='ocr_carea' id='block_1_27' title="bbox 373 2793 3614 2867">
    <p class='ocr_par' dir='ltr' id='par_1_27' title="bbox 373 2793 3614 2867">
     <span class='ocr_line' id='line_1_27' title="bbox 373 2793 3614 2867; baseline 0.001 -21"><span class='ocrx_word' id='word_1_402' title='bbox 373 2807 527 2846; x_wconf 83' lang='lat' dir='ltr'><strong>suam</strong></span> <span class='ocrx_word' id='word_1_403' title='bbox 559 2793 749 2848; x_wconf 89' lang='lat' dir='ltr'><strong>mortis</strong></span> <span class='ocrx_word' id='word_1_404' title='bbox 793 2794 1008 2862; x_wconf 88' lang='lat' dir='ltr'><strong>quidem</strong></span> <span class='ocrx_word' id='word_1_405' title='bbox 1035 2795 1147 2864; x_wconf 88' lang='lat' dir='ltr'><strong>jam</strong></span> <span class='ocrx_word' id='word_1_406' title='bbox 1185 2809 1345 2863; x_wconf 86' lang='lat' dir='ltr'><strong>regna</strong></span> <span class='ocrx_word' id='word_1_407' title='bbox 1395 2794 1684 2858; x_wconf 78' lang='lat' dir='ltr'><strong>destruxit,</strong></span> <span class='ocrx_word' id='word_1_408' title='bbox 1719 2795 1860 2848; x_wconf 92' lang='lat' dir='ltr'><strong>unde</strong></span> <span class='ocrx_word' id='word_1_409' title='bbox 1885 2803 1940 2849; x_wconf 90' lang='lat' dir='ltr'><strong>et</strong></span> <span class='ocrx_word' id='word_1_410' title='bbox 2045 2802 2205 2857; x_wconf 78' lang='lat' dir='ltr'><strong>habet</strong></span> <span class='ocrx_word' id='word_1_411' title='bbox 2233 2803 2315 2856; x_wconf 74' lang='lat' dir='ltr'><strong>lex</strong></span> <span class='ocrx_word' id='word_1_412' title='bbox 2352 2803 2614 2858; x_wconf 74' lang='lat' dir='ltr'><strong>bonorum</strong></span> <span class='ocrx_word' id='word_1_413' title='bbox 2641 2801 2946 2857; x_wconf 78' lang='lat' dir='ltr'><strong>futurorum</strong></span> <span class='ocrx_word' id='word_1_414' title='bbox 2971 2801 3015 2856; x_wconf 81' lang='grc'><strong>⁸.</strong></span> <span class='ocrx_word' id='word_1_415' title='bbox 3056 2819 3074 2851; x_wconf 77' lang='grc' dir='ltr'><strong>ι</strong></span> <span class='ocrx_word' id='word_1_416' title='bbox 3111 2799 3169 2854; x_wconf 83' lang='lat' dir='ltr'><strong>In</strong></span> <span class='ocrx_word' id='word_1_417' title='bbox 3194 2798 3393 2867; x_wconf 81' lang='lat' dir='ltr'><strong>quibus</strong></span> <span class='ocrx_word' id='word_1_418' title='bbox 3421 2797 3614 2864; x_wconf 87' lang='lat' dir='ltr'><strong>utique</strong></span> 
     </span>
    </p>
   </div>
   <div class='ocr_carea' id='block_1_28' title="bbox 373 2883 3614 2963">
    <p class='ocr_par' dir='ltr' id='par_1_28' title="bbox 373 2883 3614 2963">
     <span class='ocr_line' id='line_1_28' title="bbox 373 2883 3614 2963; baseline 0.001 -27"><span class='ocrx_word' id='word_1_419' title='bbox 373 2883 744 2951; x_wconf 80' lang='lat' dir='ltr'><strong>captivitatem</strong></span> <span class='ocrx_word' id='word_1_420' title='bbox 769 2885 1026 2939; x_wconf 86' lang='lat' dir='ltr'><strong>scribitur</strong></span> <span class='ocrx_word' id='word_1_421' title='bbox 1049 2885 1335 2940; x_wconf 87' lang='lat' dir='ltr'><strong>liberasse.</strong></span> <span class='ocrx_word' id='word_1_422' title='bbox 1369 2883 1549 2953; x_wconf 87' lang='lat' dir='ltr'><strong>Ipsum</strong></span> <span class='ocrx_word' id='word_1_423' title='bbox 1579 2899 1714 2938; x_wconf 90' lang='lat' dir='ltr'><strong>vero</strong></span> <span class='ocrx_word' id='word_1_424' title='bbox 1753 2884 1938 2938; x_wconf 83' lang='lat' dir='ltr'><strong>inimi-</strong></span> <span class='ocrx_word' id='word_1_425' title='bbox 2044 2894 2235 2950; x_wconf 74' lang='lat' dir='ltr'><strong>similis</strong></span> <span class='ocrx_word' id='word_1_426' title='bbox 2272 2893 2540 2949; x_wconf 57' lang='lat' dir='ltr'><strong>dubitatio</strong></span> <span class='ocrx_word' id='word_1_427' title='bbox 2561 2893 2672 2963; x_wconf 83' lang='lat'><strong>(95)</strong></span> <span class='ocrx_word' id='word_1_428' title='bbox 2705 2903 2814 2957; x_wconf 75' lang='lat' dir='ltr'><strong>est,</strong></span> <span class='ocrx_word' id='word_1_429' title='bbox 2835 2901 3014 2946; x_wconf 77' lang='lat' dir='ltr'><strong>utrum</strong></span> <span class='ocrx_word' id='word_1_430' title='bbox 3045 2891 3223 2956; x_wconf 84' lang='lat' dir='ltr'><strong>cibus,</strong></span> <span class='ocrx_word' id='word_1_431' title='bbox 3253 2896 3310 2943; x_wconf 87' lang='lat' dir='ltr'><strong>et</strong></span> <span class='ocrx_word' id='word_1_432' title='bbox 3337 2896 3530 2956; x_wconf 80' lang='lat' dir='ltr'><strong>potus,</strong></span> <span class='ocrx_word' id='word_1_433' title='bbox 3561 2895 3614 2940; x_wconf 90' lang='lat' dir='ltr'><strong>et</strong></span> 
     </span>
    </p>
   </div>
   <div class='ocr_carea' id='block_1_29' title="bbox 374 2974 1861 3051">
    <p class='ocr_par' dir='ltr' id='par_1_29' title="bbox 374 2974 1861 3046">
     <span class='ocr_line' id='line_1_29' title="bbox 374 2974 1861 3046; baseline 0.001 -20"><span class='ocrx_word' id='word_1_434' title='bbox 374 2989 495 3027; x_wconf 89' lang='lat' dir='ltr'><strong>cum</strong></span> <span class='ocrx_word' id='word_1_435' title='bbox 524 2985 579 3030; x_wconf 93' lang='lat' dir='ltr'><strong>et</strong></span> <span class='ocrx_word' id='word_1_436' title='bbox 611 2986 928 3046; x_wconf 88' lang='lat' dir='ltr'><strong>tyrannum,</strong></span> <span class='ocrx_word' id='word_1_437' title='bbox 957 2976 1110 3046; x_wconf 76' lang='lat' dir='ltr'><strong>cuius</strong></span> <span class='ocrx_word' id='word_1_438' title='bbox 1157 2991 1321 3045; x_wconf 84' lang='lat' dir='ltr'><strong>regna</strong></span> <span class='ocrx_word' id='word_1_439' title='bbox 1350 2975 1598 3030; x_wconf 82' lang='lat' dir='ltr'><strong>dissolvit</strong></span> <span class='ocrx_word' id='word_1_440' title='bbox 1631 2974 1766 3046; x_wconf 89' lang='lat'><strong>(90),</strong></span> <span class='ocrx_word' id='word_1_441' title='bbox 1813 2991 1861 3028; x_wconf 88' lang='lat' dir='ltr'><strong>at</strong></span> 
     </span>
    </p>
   </div>
   <div class='ocr_carea' id='block_1_30' title="bbox 2128 2974 3615 3051">
    <p class='ocr_par' dir='ltr' id='par_1_30' title="bbox 2128 2980 3615 3051">
     <span class='ocr_line' id='line_1_30' title="bbox 2128 2980 3615 3051; baseline -0.006 -11"><span class='ocrx_word' id='word_1_442' title='bbox 2128 3003 2159 3040; x_wconf 88' lang='lat' dir='ltr'><strong>:s</strong></span> <span class='ocrx_word' id='word_1_443' title='bbox 2189 2986 2332 3051; x_wconf 79' lang='lat' dir='ltr'><strong>festi,</strong></span> <span class='ocrx_word' id='word_1_444' title='bbox 2354 2996 2410 3041; x_wconf 86' lang='lat' dir='ltr'><strong>et</strong></span> <span class='ocrx_word' id='word_1_445' title='bbox 2431 2987 2750 3050; x_wconf 70' lang='lat' dir='ltr'><strong>neomeniaa,</strong></span> <span class='ocrx_word' id='word_1_446' title='bbox 2777 2995 2832 3040; x_wconf 89' lang='lat' dir='ltr'><strong>et</strong></span> <span class='ocrx_word' id='word_1_447' title='bbox 2847 2984 3106 3047; x_wconf 80' lang='lat' dir='ltr'><strong>Sabbata,</strong></span> <span class='ocrx_word' id='word_1_448' title='bbox 3125 2983 3200 3036; x_wconf 85' lang='lat' dir='ltr'><strong>ita</strong></span> <span class='ocrx_word' id='word_1_449' title='bbox 3229 2980 3468 3036; x_wconf 83' lang='lat' dir='ltr'><strong>habeant</strong></span> <span class='ocrx_word' id='word_1_450' title='bbox 3496 2995 3615 3032; x_wconf 87' lang='lat' dir='ltr'><strong>um-</strong></span> 
     </span>
    </p>
   </div>
   <div class='ocr_carea' id='block_1_31' title="bbox 375 3065 1862 3142">
    <p class='ocr_par' dir='ltr' id='par_1_31' title="bbox 375 3065 1860 3138">
     <span class='ocr_line' id='line_1_31' title="bbox 375 3065 1860 3138; baseline 0.001 -18"><span class='ocrx_word' id='word_1_451' title='bbox 375 3068 641 3135; x_wconf 90' lang='lat' dir='ltr'><strong>quomodo</strong></span> <span class='ocrx_word' id='word_1_452' title='bbox 668 3068 1132 3138; x_wconf 81' lang='lat' dir='ltr'><strong>dicaLApostolus</strong></span> <span class='ocrx_word' id='word_1_453' title='bbox 1173 3069 1556 3123; x_wconf 89' lang='lat' dir='ltr'><strong>destruendum</strong></span> <span class='ocrx_word' id='word_1_454' title='bbox 1585 3086 1600 3122; x_wconf 91' lang='lat'><strong>:</strong></span> <span class='ocrx_word' id='word_1_455' title='bbox 1639 3084 1658 3119; x_wconf 86' lang='grc'>‹</span> <span class='ocrx_word' id='word_1_456' title='bbox 1692 3065 1860 3122; x_wconf 85' lang='lat' dir='ltr'><strong>Novis</strong></span> 
     </span>
    </p>
   </div>
   <div class='ocr_carea' id='block_1_32' title="bbox 2128 3065 3615 3142">
    <p class='ocr_par' dir='ltr' id='par_1_32' title="bbox 2128 3075 3615 3142">
     <span class='ocr_line' id='line_1_32' title="bbox 2128 3075 3615 3142; baseline -0.003 -12"><span class='ocrx_word' id='word_1_457' title='bbox 2128 3093 2199 3131; x_wconf 83' lang='lat' dir='ltr'><strong>im</strong></span> <span class='ocrx_word' id='word_1_458' title='bbox 2224 3079 2549 3142; x_wconf 82' lang='lat' dir='ltr'><strong>futurorum,</strong></span> <span class='ocrx_word' id='word_1_459' title='bbox 2583 3078 2720 3132; x_wconf 91' lang='lat' dir='ltr'><strong>utin</strong></span> <span class='ocrx_word' id='word_1_460' title='bbox 2758 3078 2991 3132; x_wconf 89' lang='lat' dir='ltr'><strong>adventu</strong></span> <span class='ocrx_word' id='word_1_461' title='bbox 3019 3076 3220 3131; x_wconf 88' lang='lat' dir='ltr'><strong>Christi</strong></span> <span class='ocrx_word' id='word_1_462' title='bbox 3255 3075 3462 3128; x_wconf 86' lang='lat' dir='ltr'><strong>veritas</strong></span> <span class='ocrx_word' id='word_1_463' title='bbox 3491 3087 3615 3126; x_wconf 82' lang='lat' dir='ltr'><strong>um-</strong></span> 
     </span>
    </p>
   </div>
   <div class='ocr_carea' id='block_1_33' title="bbox 377 3159 3619 3238">
    <p class='ocr_par' dir='ltr' id='par_1_33' title="bbox 377 3159 3619 3238">
     <span class='ocr_line' id='line_1_33' title="bbox 377 3159 3619 3238; baseline 0 -26"><span class='ocrx_word' id='word_1_464' title='bbox 377 3175 518 3225; x_wconf 92' lang='lat' dir='ltr'><strong>mus,</strong></span> <span class='ocrx_word' id='word_1_465' title='bbox 558 3181 576 3212; x_wconf 77' lang='lat' dir='ltr'><strong>I</strong></span> <span class='ocrx_word' id='word_1_466' title='bbox 621 3162 812 3230; x_wconf 88' lang='lat' dir='ltr'><strong>inquit,</strong></span> <span class='ocrx_word' id='word_1_467' title='bbox 855 3181 875 3214; x_wconf 85' lang='grc'><strong><em>‹</em></strong></span> <span class='ocrx_word' id='word_1_468' title='bbox 907 3161 1157 3215; x_wconf 90' lang='lat' dir='ltr'><strong>inimicus</strong></span> <span class='ocrx_word' id='word_1_469' title='bbox 1181 3162 1492 3216; x_wconf 88' lang='lat' dir='ltr'><strong>destruetur</strong></span> <span class='ocrx_word' id='word_1_470' title='bbox 1509 3175 1657 3215; x_wconf 89' lang='lat' dir='ltr'><strong>mors</strong></span> <span class='ocrx_word' id='word_1_471' title='bbox 1681 3161 1748 3216; x_wconf 75' lang='grc'><strong>⁸⁷.</strong></span> <span class='ocrx_word' id='word_1_472' title='bbox 1785 3179 1803 3212; x_wconf 74' lang='grc' dir='ltr'><strong>ι</strong></span> <span class='ocrx_word' id='word_1_473' title='bbox 1833 3160 1938 3215; x_wconf 76' lang='lat' dir='ltr'><strong>Re-</strong></span> <span class='ocrx_word' id='word_1_474' title='bbox 2049 3169 2346 3238; x_wconf 66' lang='lat' dir='ltr'><strong>limipsius</strong></span> <span class='ocrx_word' id='word_1_475' title='bbox 2377 3168 2667 3238; x_wconf 77' lang='lat' dir='ltr'><strong>adimpleta</strong></span> <span class='ocrx_word' id='word_1_476' title='bbox 2713 3166 2815 3233; x_wconf 81' lang='lat' dir='ltr'><strong>sit;</strong></span> <span class='ocrx_word' id='word_1_477' title='bbox 2857 3180 2924 3219; x_wconf 83' lang='lat' dir='ltr'><strong>an</strong></span> <span class='ocrx_word' id='word_1_478' title='bbox 2972 3165 3027 3219; x_wconf 86' lang='lat' dir='ltr'><strong>in</strong></span> <span class='ocrx_word' id='word_1_479' title='bbox 3076 3163 3257 3218; x_wconf 75' lang='lat' dir='ltr'><strong>futuro</strong></span> <span class='ocrx_word' id='word_1_480' title='bbox 3289 3159 3497 3216; x_wconf 58' lang='lat' dir='ltr'><strong>saculo</strong></span> <span class='ocrx_word' id='word_1_481' title='bbox 3549 3159 3619 3212; x_wconf 82' lang='lat' dir='ltr'><strong>sit</strong></span> 
     </span>
    </p>
   </div>
   <div class='ocr_carea' id='block_1_34' title="bbox 376 3249 3622 3328">
    <p class='ocr_par' dir='ltr' id='par_1_34' title="bbox 376 3249 3622 3328">
     <span class='ocr_line' id='line_1_34' title="bbox 376 3249 3622 3328; baseline -0.002 -25"><span class='ocrx_word' id='word_1_482' title='bbox 376 3266 540 3320; x_wconf 82' lang='lat' dir='ltr'><strong>gnum</strong></span> <span class='ocrx_word' id='word_1_483' title='bbox 571 3268 698 3308; x_wconf 91' lang='lat' dir='ltr'><strong>vero</strong></span> <span class='ocrx_word' id='word_1_484' title='bbox 722 3253 832 3322; x_wconf 88' lang='lat' dir='ltr'><strong>jam</strong></span> <span class='ocrx_word' id='word_1_485' title='bbox 859 3254 1048 3308; x_wconf 89' lang='lat' dir='ltr'><strong>mortis</strong></span> <span class='ocrx_word' id='word_1_486' title='bbox 1073 3254 1406 3309; x_wconf 88' lang='lat' dir='ltr'><strong>destructum</strong></span> <span class='ocrx_word' id='word_1_487' title='bbox 1445 3263 1550 3314; x_wconf 86' lang='lat' dir='ltr'><strong>est.</strong></span> <span class='ocrx_word' id='word_1_488' title='bbox 1580 3263 1634 3307; x_wconf 89' lang='lat' dir='ltr'><strong>et</strong></span> <span class='ocrx_word' id='word_1_489' title='bbox 1657 3253 1940 3323; x_wconf 86' lang='lat' dir='ltr'><strong>captivitas</strong></span> <span class='ocrx_word' id='word_1_490' title='bbox 1971 3305 2010 3328; x_wconf 61' lang='grc' dir='ltr'>η</span> <span class='ocrx_word' id='word_1_491' title='bbox 2046 3258 2335 3328; x_wconf 90' lang='lat' dir='ltr'><strong>implenda.</strong></span> <span class='ocrx_word' id='word_1_492' title='bbox 2363 3257 2470 3312; x_wconf 90' lang='lat' dir='ltr'><strong>Sed</strong></span> <span class='ocrx_word' id='word_1_493' title='bbox 2497 3267 2551 3310; x_wconf 89' lang='lat' dir='ltr'><strong>et</strong></span> <span class='ocrx_word' id='word_1_494' title='bbox 2578 3257 2721 3326; x_wconf 88' lang='lat' dir='ltr'><strong>quod</strong></span> <span class='ocrx_word' id='word_1_495' title='bbox 2744 3255 2875 3310; x_wconf 91' lang='lat' dir='ltr'><strong>dicit</strong></span> <span class='ocrx_word' id='word_1_496' title='bbox 2901 3252 3211 3324; x_wconf 85' lang='lat' dir='ltr'><strong>Apostolus,</strong></span> <span class='ocrx_word' id='word_1_497' title='bbox 3233 3259 3409 3306; x_wconf 90' lang='lat' dir='ltr'><strong>totam</strong></span> <span class='ocrx_word' id='word_1_498' title='bbox 3440 3249 3622 3318; x_wconf 73' lang='lat' dir='ltr'><strong>legent</strong></span> 
     </span>
    </p>
   </div>
   <div class='ocr_carea' id='block_1_35' title="bbox 377 3305 3619 3414">
    <p class='ocr_par' dir='ltr' id='par_1_35' title="bbox 377 3305 3619 3414">
     <span class='ocr_line' id='line_1_35' title="bbox 377 3305 3619 3414; baseline -0.001 -21"><span class='ocrx_word' id='word_1_499' title='bbox 377 3357 497 3411; x_wconf 77' lang='lat' dir='ltr'><strong>qnae</strong></span> <span class='ocrx_word' id='word_1_500' title='bbox 535 3344 636 3396; x_wconf 87' lang='lat' dir='ltr'><strong>sub</strong></span> <span class='ocrx_word' id='word_1_501' title='bbox 658 3305 740 3399; x_wconf 43' lang='lat' dir='ltr'><strong>ea.</strong></span> <span class='ocrx_word' id='word_1_502' title='bbox 765 3345 1050 3399; x_wconf 89' lang='lat' dir='ltr'><strong>tenebatur</strong></span> <span class='ocrx_word' id='word_1_503' title='bbox 1096 3345 1326 3399; x_wconf 86' lang='lat' dir='ltr'><strong>abducta</strong></span> <span class='ocrx_word' id='word_1_504' title='bbox 1360 3354 1461 3398; x_wconf 90' lang='lat' dir='ltr'><strong>est.</strong></span> <span class='ocrx_word' id='word_1_505' title='bbox 1516 3343 1622 3399; x_wconf 91' lang='lat' dir='ltr'><strong>Sed</strong></span> <span class='ocrx_word' id='word_1_506' title='bbox 1656 3305 1781 3414; x_wconf 72' lang='lat' dir='ltr'><strong>quia</strong></span> <span class='ocrx_word' id='word_1_507' title='bbox 1831 3345 1944 3414; x_wconf 85' lang='lat' dir='ltr'><strong>ipse</strong></span> <span class='ocrx_word' id='word_1_508' title='bbox 1970 3305 2012 3364; x_wconf 61' lang='grc' dir='ltr'>ϐ</span> <span class='ocrx_word' id='word_1_509' title='bbox 2049 3305 2292 3403; x_wconf 61' lang='lat' dir='ltr'><strong>utnrbratn</strong></span> <span class='ocrx_word' id='word_1_510' title='bbox 2329 3349 2532 3403; x_wconf 84' lang='lat' dir='ltr'><strong>habere</strong></span> <span class='ocrx_word' id='word_1_511' title='bbox 2564 3305 2869 3401; x_wconf 70' lang='lat' dir='ltr'><strong>futurorum</strong></span> <span class='ocrx_word' id='word_1_512' title='bbox 2903 3305 3192 3406; x_wconf 64' lang='lat' dir='ltr'><strong>bonorum.</strong></span> <span class='ocrx_word' id='word_1_513' title='bbox 3221 3351 3410 3396; x_wconf 87' lang='lat' dir='ltr'><strong>utrum</strong></span> <span class='ocrx_word' id='word_1_514' title='bbox 3437 3341 3494 3393; x_wconf 90' lang='lat' dir='ltr'><strong>in</strong></span> <span class='ocrx_word' id='word_1_515' title='bbox 3521 3339 3619 3392; x_wconf 80' lang='lat' dir='ltr'><strong>ad-</strong></span> 
     </span>
    </p>
   </div>
   <div class='ocr_carea' id='block_1_36' title="bbox 379 3433 3620 3508">
    <p class='ocr_par' dir='ltr' id='par_1_36' title="bbox 379 3433 3620 3508">
     <span class='ocr_line' id='line_1_36' title="bbox 379 3433 3620 3508; baseline -0.002 -20"><span class='ocrx_word' id='word_1_516' title='bbox 379 3435 628 3490; x_wconf 90' lang='lat' dir='ltr'><strong>inimicus</strong></span> <span class='ocrx_word' id='word_1_517' title='bbox 653 3446 707 3491; x_wconf 92' lang='lat' dir='ltr'><strong>et</strong></span> <span class='ocrx_word' id='word_1_518' title='bbox 737 3446 998 3508; x_wconf 88' lang='lat' dir='ltr'><strong>tyrannus</strong></span> <span class='ocrx_word' id='word_1_519' title='bbox 1039 3438 1219 3493; x_wconf 92' lang='lat' dir='ltr'><strong>adhuc</strong></span> <span class='ocrx_word' id='word_1_520' title='bbox 1259 3437 1311 3491; x_wconf 91' lang='lat' dir='ltr'><strong>in</strong></span> <span class='ocrx_word' id='word_1_521' title='bbox 1338 3437 1634 3492; x_wconf 88' lang='lat' dir='ltr'><strong>novissimo</strong></span> <span class='ocrx_word' id='word_1_522' title='bbox 1671 3449 1726 3492; x_wconf 92' lang='lat' dir='ltr'><strong>et</strong></span> <span class='ocrx_word' id='word_1_523' title='bbox 1755 3439 1808 3493; x_wconf 89' lang='lat' dir='ltr'><strong>in</strong></span> <span class='ocrx_word' id='word_1_524' title='bbox 1838 3439 1946 3494; x_wconf 81' lang='lat' dir='ltr'><strong>line</strong></span> <span class='ocrx_word' id='word_1_525' title='bbox 2047 3449 2209 3494; x_wconf 92' lang='lat' dir='ltr'><strong>ventu</strong></span> <span class='ocrx_word' id='word_1_526' title='bbox 2243 3440 2466 3506; x_wconf 88' lang='lat' dir='ltr'><strong>Christi,</strong></span> <span class='ocrx_word' id='word_1_527' title='bbox 2497 3455 2563 3492; x_wconf 91' lang='lat' dir='ltr'><strong>an</strong></span> <span class='ocrx_word' id='word_1_528' title='bbox 2594 3439 2647 3493; x_wconf 89' lang='lat' dir='ltr'><strong>in</strong></span> <span class='ocrx_word' id='word_1_529' title='bbox 2683 3436 2866 3492; x_wconf 85' lang='lat' dir='ltr'><strong>futuro</strong></span> <span class='ocrx_word' id='word_1_530' title='bbox 2889 3435 3084 3491; x_wconf 72' lang='lat' dir='ltr'><strong>saeculo</strong></span> <span class='ocrx_word' id='word_1_531' title='bbox 3109 3433 3318 3490; x_wconf 72' lang='lat' dir='ltr'><strong>umbra:</strong></span> <span class='ocrx_word' id='word_1_532' title='bbox 3345 3433 3512 3485; x_wconf 81' lang='lat' dir='ltr'><strong>istius</strong></span> <span class='ocrx_word' id='word_1_533' title='bbox 3526 3445 3620 3484; x_wconf 88' lang='lat' dir='ltr'><strong>ex-</strong></span> 
     </span>
    </p>
   </div>
   <div class='ocr_carea' id='block_1_37' title="bbox 379 3520 3620 3603">
    <p class='ocr_par' dir='ltr' id='par_1_37' title="bbox 379 3520 3620 3603">
     <span class='ocr_line' id='line_1_37' title="bbox 379 3520 3620 3603; baseline -0.001 -24"><span class='ocrx_word' id='word_1_534' title='bbox 379 3526 566 3580; x_wconf 63' lang='lat' dir='ltr'><strong>saeculi</strong></span> <span class='ocrx_word' id='word_1_535' title='bbox 595 3527 953 3584; x_wconf 88' lang='lat' dir='ltr'><strong>destruendus</strong></span> <span class='ocrx_word' id='word_1_536' title='bbox 978 3538 1062 3584; x_wconf 90' lang='lat' dir='ltr'><strong>est</strong></span> <span class='ocrx_word' id='word_1_537' title='bbox 1087 3527 1223 3600; x_wconf 78' lang='grc'><strong>(91),</strong></span> <span class='ocrx_word' id='word_1_538' title='bbox 1261 3529 1467 3583; x_wconf 87' lang='lat' dir='ltr'><strong>idcirco</strong></span> <span class='ocrx_word' id='word_1_539' title='bbox 1497 3530 1664 3584; x_wconf 87' lang='lat' dir='ltr'><strong>etiam</strong></span> <span class='ocrx_word' id='word_1_540' title='bbox 1692 3546 1834 3585; x_wconf 87' lang='lat' dir='ltr'><strong>nuttc</strong></span> <span class='ocrx_word' id='word_1_541' title='bbox 1869 3531 1948 3586; x_wconf 85' lang='lat' dir='ltr'><strong>vi-</strong></span> <span class='ocrx_word' id='word_1_542' title='bbox 2047 3533 2240 3603; x_wconf 89' lang='lat' dir='ltr'><strong>plenda</strong></span> <span class='ocrx_word' id='word_1_543' title='bbox 2279 3532 2351 3585; x_wconf 85' lang='lat' dir='ltr'><strong>sit</strong></span> <span class='ocrx_word' id='word_1_544' title='bbox 2383 3532 2607 3596; x_wconf 90' lang='lat' dir='ltr'><strong>veritas,</strong></span> <span class='ocrx_word' id='word_1_545' title='bbox 2671 3530 2940 3585; x_wconf 88' lang='lat' dir='ltr'><strong>incertum</strong></span> <span class='ocrx_word' id='word_1_546' title='bbox 2995 3533 3080 3582; x_wconf 89' lang='lat' dir='ltr'><strong>est</strong></span> <span class='ocrx_word' id='word_1_547' title='bbox 3120 3543 3135 3592; x_wconf 90' lang='lat'><strong>;</strong></span> <span class='ocrx_word' id='word_1_548' title='bbox 3187 3524 3314 3594; x_wconf 88' lang='lat' dir='ltr'><strong>quia</strong></span> <span class='ocrx_word' id='word_1_549' title='bbox 3340 3531 3398 3578; x_wconf 90' lang='lat' dir='ltr'><strong>et</strong></span> <span class='ocrx_word' id='word_1_550' title='bbox 3428 3522 3484 3576; x_wconf 95' lang='lat' dir='ltr'><strong>in</strong></span> <span class='ocrx_word' id='word_1_551' title='bbox 3513 3520 3620 3575; x_wconf 84' lang='lat' dir='ltr'><strong>alio</strong></span> 
     </span>
    </p>
   </div>
   <div class='ocr_carea' id='block_1_38' title="bbox 381 3611 3622 3694">
    <p class='ocr_par' dir='ltr' id='par_1_38' title="bbox 381 3611 3622 3694">
     <span class='ocr_line' id='line_1_38' title="bbox 381 3611 3622 3694; baseline -0.002 -21"><span class='ocrx_word' id='word_1_552' title='bbox 381 3623 570 3673; x_wconf 85' lang='lat' dir='ltr'><strong>demus</strong></span> <span class='ocrx_word' id='word_1_553' title='bbox 589 3637 708 3676; x_wconf 91' lang='lat' dir='ltr'><strong>eum</strong></span> <span class='ocrx_word' id='word_1_554' title='bbox 748 3639 852 3677; x_wconf 90' lang='lat' dir='ltr'><strong>non</strong></span> <span class='ocrx_word' id='word_1_555' title='bbox 879 3633 985 3678; x_wconf 88' lang='lat' dir='ltr'><strong>tam</strong></span> <span class='ocrx_word' id='word_1_556' title='bbox 1015 3639 1265 3693; x_wconf 86' lang='lat' dir='ltr'><strong>regnare,</strong></span> <span class='ocrx_word' id='word_1_557' title='bbox 1297 3640 1458 3694; x_wconf 90' lang='lat' dir='ltr'><strong>quam</strong></span> <span class='ocrx_word' id='word_1_558' title='bbox 1491 3624 1802 3680; x_wconf 87' lang='lat' dir='ltr'><strong>latrocinari</strong></span> <span class='ocrx_word' id='word_1_559' title='bbox 1831 3645 1847 3691; x_wconf 88' lang='lat'><strong>;</strong></span> <span class='ocrx_word' id='word_1_560' title='bbox 1893 3637 1949 3682; x_wconf 91' lang='lat' dir='ltr'><strong>et</strong></span> <span class='ocrx_word' id='word_1_561' title='bbox 2049 3622 2168 3678; x_wconf 90' lang='lat' dir='ltr'><strong>loco</strong></span> <span class='ocrx_word' id='word_1_562' title='bbox 2190 3623 2452 3680; x_wconf 87' lang='lat' dir='ltr'><strong>scribitur</strong></span> <span class='ocrx_word' id='word_1_563' title='bbox 2484 3623 2649 3676; x_wconf 87' lang='lat' dir='ltr'><strong>etiam</strong></span> <span class='ocrx_word' id='word_1_564' title='bbox 2676 3620 2744 3676; x_wconf 91' lang='lat' dir='ltr'><strong>de</strong></span> <span class='ocrx_word' id='word_1_565' title='bbox 2777 3619 2864 3674; x_wconf 89' lang='lat' dir='ltr'><strong>his</strong></span> <span class='ocrx_word' id='word_1_566' title='bbox 2891 3633 3010 3686; x_wconf 68' lang='lat' dir='ltr'><strong>quae</strong></span> <span class='ocrx_word' id='word_1_567' title='bbox 3034 3616 3132 3672; x_wconf 91' lang='lat' dir='ltr'><strong>sub</strong></span> <span class='ocrx_word' id='word_1_568' title='bbox 3153 3615 3269 3686; x_wconf 86' lang='lat' dir='ltr'><strong>lege</strong></span> <span class='ocrx_word' id='word_1_569' title='bbox 3296 3625 3450 3678; x_wconf 90' lang='lat' dir='ltr'><strong>sunt,</strong></span> <span class='ocrx_word' id='word_1_570' title='bbox 3480 3611 3622 3681; x_wconf 82' lang='lat' dir='ltr'><strong>quod</strong></span> 
     </span>
    </p>
   </div>
   <div class='ocr_carea' id='block_1_39' title="bbox 381 3704 3622 3784">
    <p class='ocr_par' dir='ltr' id='par_1_39' title="bbox 381 3704 3622 3784">
     <span class='ocr_line' id='line_1_39' title="bbox 381 3704 3622 3784; baseline -0.002 -20"><span class='ocrx_word' id='word_1_571' title='bbox 381 3711 664 3778; x_wconf 88' lang='lat' dir='ltr'><strong>depulsum</strong></span> <span class='ocrx_word' id='word_1_572' title='bbox 695 3729 879 3780; x_wconf 78' lang='lat' dir='ltr'><strong>regno,</strong></span> <span class='ocrx_word' id='word_1_573' title='bbox 905 3731 1003 3784; x_wconf 89' lang='lat' dir='ltr'><strong>per</strong></span> <span class='ocrx_word' id='word_1_574' title='bbox 1027 3715 1238 3770; x_wconf 85' lang='lat' dir='ltr'><strong>deserta</strong></span> <span class='ocrx_word' id='word_1_575' title='bbox 1273 3727 1327 3770; x_wconf 90' lang='lat' dir='ltr'><strong>et</strong></span> <span class='ocrx_word' id='word_1_576' title='bbox 1357 3716 1478 3769; x_wconf 87' lang='lat' dir='ltr'><strong>avia</strong></span> <span class='ocrx_word' id='word_1_577' title='bbox 1516 3717 1946 3773; x_wconf 87' lang='lat' dir='ltr'><strong>circumeuntem</strong></span> <span class='ocrx_word' id='word_1_578' title='bbox 2049 3715 2237 3771; x_wconf 66' lang='lat' dir='ltr'><strong>formai</strong></span> <span class='ocrx_word' id='word_1_579' title='bbox 2272 3726 2326 3770; x_wconf 89' lang='lat' dir='ltr'><strong>et</strong></span> <span class='ocrx_word' id='word_1_580' title='bbox 2357 3717 2563 3770; x_wconf 70' lang='lat' dir='ltr'><strong>umbrae</strong></span> <span class='ocrx_word' id='word_1_581' title='bbox 2597 3713 2912 3769; x_wconf 87' lang='lat' dir='ltr'><strong>deserviant</strong></span> <span class='ocrx_word' id='word_1_582' title='bbox 2933 3709 3231 3765; x_wconf 78' lang='lat' dir='ltr'><strong>ccelestium</strong></span> <span class='ocrx_word' id='word_1_583' title='bbox 3267 3707 3312 3761; x_wconf 79' lang='grc'><strong>⁸.</strong></span> <span class='ocrx_word' id='word_1_584' title='bbox 3356 3704 3464 3772; x_wconf 81' lang='lat' dir='ltr'><strong>Qui</strong></span> <span class='ocrx_word' id='word_1_585' title='bbox 3493 3721 3622 3775; x_wconf 79' lang='lat' dir='ltr'><strong>ergo</strong></span> 
     </span>
    </p>
   </div>
   <div class='ocr_carea' id='block_1_40' title="bbox 381 3802 3622 3876">
    <p class='ocr_par' dir='ltr' id='par_1_40' title="bbox 381 3802 3622 3876">
     <span class='ocr_line' id='line_1_40' title="bbox 381 3802 3622 3876; baseline -0.001 -24"><span class='ocrx_word' id='word_1_586' title='bbox 381 3817 625 3869; x_wconf 68' lang='lat' dir='ltr'><strong>qnasrere</strong></span> <span class='ocrx_word' id='word_1_587' title='bbox 653 3803 756 3859; x_wconf 91' lang='lat' dir='ltr'><strong>sibi</strong></span> <span class='ocrx_word' id='word_1_588' title='bbox 787 3805 1081 3861; x_wconf 75' lang='lat' dir='ltr'><strong>infidelium</strong></span> <span class='ocrx_word' id='word_1_589' title='bbox 1115 3822 1335 3861; x_wconf 88' lang='lat' dir='ltr'><strong>manum</strong></span> <span class='ocrx_word' id='word_1_590' title='bbox 1365 3826 1381 3874; x_wconf 88' lang='lat'><strong>;</strong></span> <span class='ocrx_word' id='word_1_591' title='bbox 1427 3821 1475 3862; x_wconf 92' lang='lat' dir='ltr'><strong>et</strong></span> <span class='ocrx_word' id='word_1_592' title='bbox 1510 3810 1632 3864; x_wconf 90' lang='lat' dir='ltr'><strong>ideo</strong></span> <span class='ocrx_word' id='word_1_593' title='bbox 1679 3810 1949 3865; x_wconf 88' lang='lat' dir='ltr'><strong>clamabat</strong></span> <span class='ocrx_word' id='word_1_594' title='bbox 2050 3808 2164 3861; x_wconf 91' lang='lat' dir='ltr'><strong>vult</strong></span> <span class='ocrx_word' id='word_1_595' title='bbox 2218 3817 2462 3861; x_wconf 82' lang='lat' dir='ltr'><strong>astruere</strong></span> <span class='ocrx_word' id='word_1_596' title='bbox 2529 3807 2672 3876; x_wconf 90' lang='lat' dir='ltr'><strong>quod</strong></span> <span class='ocrx_word' id='word_1_597' title='bbox 2707 3806 2760 3859; x_wconf 91' lang='lat' dir='ltr'><strong>in</strong></span> <span class='ocrx_word' id='word_1_598' title='bbox 2814 3802 3048 3858; x_wconf 88' lang='lat' dir='ltr'><strong>adventu</strong></span> <span class='ocrx_word' id='word_1_599' title='bbox 3093 3802 3298 3857; x_wconf 87' lang='lat' dir='ltr'><strong>Christi</strong></span> <span class='ocrx_word' id='word_1_600' title='bbox 3330 3802 3435 3854; x_wconf 86' lang='lat' dir='ltr'><strong>ista</strong></span> <span class='ocrx_word' id='word_1_601' title='bbox 3471 3813 3622 3853; x_wconf 86' lang='lat' dir='ltr'><strong>com-</strong></span> 
     </span>
    </p>
   </div>
   <div class='ocr_carea' id='block_1_41' title="bbox 380 3891 3619 3971">
    <p class='ocr_par' dir='ltr' id='par_1_41' title="bbox 380 3891 3619 3971">
     <span class='ocr_line' id='line_1_41' title="bbox 380 3891 3619 3971; baseline -0.001 -25"><span class='ocrx_word' id='word_1_602' title='bbox 380 3896 712 3962; x_wconf 82' lang='lat' dir='ltr'><strong>Apostolus:</strong></span> <span class='ocrx_word' id='word_1_603' title='bbox 743 3914 762 3948; x_wconf 76' lang='grc' dir='ltr'><strong>ι</strong></span> <span class='ocrx_word' id='word_1_604' title='bbox 792 3897 908 3952; x_wconf 86' lang='grc' dir='ltr'>Νοιι</span> <span class='ocrx_word' id='word_1_605' title='bbox 939 3913 1070 3969; x_wconf 81' lang='lat' dir='ltr'><strong>ergo</strong></span> <span class='ocrx_word' id='word_1_606' title='bbox 1122 3913 1312 3971; x_wconf 80' lang='lat' dir='ltr'><strong>regnet</strong></span> <span class='ocrx_word' id='word_1_607' title='bbox 1356 3912 1640 3971; x_wconf 87' lang='lat' dir='ltr'><strong>peccatum</strong></span> <span class='ocrx_word' id='word_1_608' title='bbox 1675 3903 1728 3956; x_wconf 91' lang='lat' dir='ltr'><strong>in</strong></span> <span class='ocrx_word' id='word_1_609' title='bbox 1763 3914 1947 3958; x_wconf 86' lang='lat' dir='ltr'><strong>vestro</strong></span> <span class='ocrx_word' id='word_1_610' title='bbox 2051 3901 2190 3970; x_wconf 89' lang='lat' dir='ltr'><strong>pleta</strong></span> <span class='ocrx_word' id='word_1_611' title='bbox 2223 3900 2352 3963; x_wconf 87' lang='lat' dir='ltr'><strong>sint,</strong></span> <span class='ocrx_word' id='word_1_612' title='bbox 2385 3901 2490 3954; x_wconf 91' lang='lat' dir='ltr'><strong>cibi</strong></span> <span class='ocrx_word' id='word_1_613' title='bbox 2514 3911 2567 3952; x_wconf 90' lang='lat' dir='ltr'><strong>et</strong></span> <span class='ocrx_word' id='word_1_614' title='bbox 2589 3908 2747 3968; x_wconf 88' lang='lat' dir='ltr'><strong>potus</strong></span> <span class='ocrx_word' id='word_1_615' title='bbox 2785 3898 3023 3950; x_wconf 90' lang='lat' dir='ltr'><strong>rationes</strong></span> <span class='ocrx_word' id='word_1_616' title='bbox 3053 3894 3403 3950; x_wconf 82' lang='lat' dir='ltr'><strong>conﬁrmabit</strong></span> <span class='ocrx_word' id='word_1_617' title='bbox 3431 3891 3619 3960; x_wconf 81' lang='lat' dir='ltr'><strong>exple-</strong></span> 
     </span>
    </p>
   </div>
   <div class='ocr_carea' id='block_1_42' title="bbox 385 3983 3623 4063">
    <p class='ocr_par' dir='ltr' id='par_1_42' title="bbox 385 3983 3623 4063">
     <span class='ocr_line' id='line_1_42' title="bbox 385 3983 3623 4063; baseline 0 -25"><span class='ocrx_word' id='word_1_618' title='bbox 385 3987 595 4041; x_wconf 88' lang='lat' dir='ltr'><strong>mortali</strong></span> <span class='ocrx_word' id='word_1_619' title='bbox 619 4004 843 4060; x_wconf 92' lang='lat' dir='ltr'><strong>corpore</strong></span> <span class='ocrx_word' id='word_1_620' title='bbox 870 3992 934 4045; x_wconf 90' lang='lat' dir='ltr'><strong>ad</strong></span> <span class='ocrx_word' id='word_1_621' title='bbox 963 3993 1330 4049; x_wconf 90' lang='lat' dir='ltr'><strong>obediendum</strong></span> <span class='ocrx_word' id='word_1_622' title='bbox 1365 3994 1656 4050; x_wconf 90' lang='lat' dir='ltr'><strong>desideriis</strong></span> <span class='ocrx_word' id='word_1_623' title='bbox 1686 3994 1802 4063; x_wconf 85' lang='lat' dir='ltr'><strong>ejus</strong></span> <span class='ocrx_word' id='word_1_624' title='bbox 1824 3995 1892 4049; x_wconf 75' lang='grc'><strong>³⁸.</strong></span> <span class='ocrx_word' id='word_1_625' title='bbox 1921 4013 1940 4046; x_wconf 72' lang='grc' dir='ltr'><strong>ι</strong></span> <span class='ocrx_word' id='word_1_626' title='bbox 2055 4003 2137 4048; x_wconf 89' lang='lat' dir='ltr'><strong>tas</strong></span> <span class='ocrx_word' id='word_1_627' title='bbox 2169 3992 2220 4046; x_wconf 91' lang='lat' dir='ltr'><strong>in</strong></span> <span class='ocrx_word' id='word_1_628' title='bbox 2251 4006 2317 4047; x_wconf 87' lang='lat' dir='ltr'><strong>eo</strong></span> <span class='ocrx_word' id='word_1_629' title='bbox 2351 3991 2441 4046; x_wconf 91' lang='lat' dir='ltr'><strong>ubi</strong></span> <span class='ocrx_word' id='word_1_630' title='bbox 2503 3989 2700 4044; x_wconf 88' lang='lat' dir='ltr'><strong>Petrus</strong></span> <span class='ocrx_word' id='word_1_631' title='bbox 2732 4003 2828 4059; x_wconf 90' lang='lat' dir='ltr'><strong>per</strong></span> <span class='ocrx_word' id='word_1_632' title='bbox 2881 3985 3150 4041; x_wconf 87' lang='lat' dir='ltr'><strong>visionem</strong></span> <span class='ocrx_word' id='word_1_633' title='bbox 3179 3985 3314 4040; x_wconf 87' lang='lat' dir='ltr'><strong>vidit</strong></span> <span class='ocrx_word' id='word_1_634' title='bbox 3345 3985 3397 4038; x_wconf 92' lang='lat' dir='ltr'><strong>in</strong></span> <span class='ocrx_word' id='word_1_635' title='bbox 3458 3983 3623 4038; x_wconf 83' lang='lat' dir='ltr'><strong>linteo</strong></span> 
     </span>
    </p>
   </div>
   <div class='ocr_carea' id='block_1_43' title="bbox 383 4073 3619 4156">
    <p class='ocr_par' dir='ltr' id='par_1_43' title="bbox 383 4073 3619 4156">
     <span class='ocr_line' id='line_1_43' title="bbox 383 4073 3619 4156; baseline 0.001 -30"><span class='ocrx_word' id='word_1_636' title='bbox 383 4073 583 4130; x_wconf 73' lang='lat' dir='ltr'><strong>Verum</strong></span> <span class='ocrx_word' id='word_1_637' title='bbox 621 4093 720 4134; x_wconf 88' lang='lat' dir='ltr'><strong>nos</strong></span> <span class='ocrx_word' id='word_1_638' title='bbox 774 4085 1018 4137; x_wconf 89' lang='lat' dir='ltr'><strong>contenti</strong></span> <span class='ocrx_word' id='word_1_639' title='bbox 1074 4086 1463 4153; x_wconf 80' lang='lat' dir='ltr'><strong>perstrinxisse</strong></span> <span class='ocrx_word' id='word_1_640' title='bbox 1496 4088 1684 4155; x_wconf 85' lang='lat' dir='ltr'><strong>paucis</strong></span> <span class='ocrx_word' id='word_1_641' title='bbox 1730 4102 1793 4141; x_wconf 90' lang='lat' dir='ltr'><strong>ea</strong></span> <span class='ocrx_word' id='word_1_642' title='bbox 1825 4101 1947 4156; x_wconf 75' lang='lat' dir='ltr'><strong>quae</strong></span> <span class='ocrx_word' id='word_1_643' title='bbox 2052 4100 2212 4139; x_wconf 89' lang='lat' dir='ltr'><strong>omne</strong></span> <span class='ocrx_word' id='word_1_644' title='bbox 2249 4098 2420 4153; x_wconf 84' lang='lat' dir='ltr'><strong>genus</strong></span> <span class='ocrx_word' id='word_1_645' title='bbox 2452 4082 2763 4138; x_wconf 89' lang='lat' dir='ltr'><strong>animalium</strong></span> <span class='ocrx_word' id='word_1_646' title='bbox 2817 4081 3035 4150; x_wconf 85' lang='lat' dir='ltr'><strong>deponi,</strong></span> <span class='ocrx_word' id='word_1_647' title='bbox 3066 4087 3120 4134; x_wconf 92' lang='lat' dir='ltr'><strong>et</strong></span> <span class='ocrx_word' id='word_1_648' title='bbox 3147 4080 3355 4134; x_wconf 89' lang='lat' dir='ltr'><strong>audivit</strong></span> <span class='ocrx_word' id='word_1_649' title='bbox 3385 4093 3619 4132; x_wconf 84' lang='lat' dir='ltr'><strong>vocem:</strong></span> 
     </span>
    </p>
   </div>
   <div class='ocr_carea' id='block_1_44' title="bbox 380 4163 3615 4246">
    <p class='ocr_par' dir='ltr' id='par_1_44' title="bbox 380 4163 3615 4246">
     <span class='ocr_line' id='line_1_44' title="bbox 380 4163 3615 4246; baseline 0.003 -32"><span class='ocrx_word' id='word_1_650' title='bbox 380 4163 671 4232; x_wconf 85' lang='lat' dir='ltr'><strong>Apostolus</strong></span> <span class='ocrx_word' id='word_1_651' title='bbox 702 4171 912 4224; x_wconf 88' lang='lat' dir='ltr'><strong>obtecta</strong></span> <span class='ocrx_word' id='word_1_652' title='bbox 941 4173 1053 4244; x_wconf 73' lang='lat'><strong>(92)</strong></span> <span class='ocrx_word' id='word_1_653' title='bbox 1085 4189 1205 4229; x_wconf 87' lang='lat' dir='ltr'><strong>esse</strong></span> <span class='ocrx_word' id='word_1_654' title='bbox 1236 4174 1422 4240; x_wconf 92' lang='lat' dir='ltr'><strong>voluit,</strong></span> <span class='ocrx_word' id='word_1_655' title='bbox 1449 4177 1729 4245; x_wconf 85' lang='lat' dir='ltr'><strong>sequentia</strong></span> <span class='ocrx_word' id='word_1_656' title='bbox 1767 4178 1950 4246; x_wconf 82' lang='lat' dir='ltr'><strong>requi—</strong></span> <span class='ocrx_word' id='word_1_657' title='bbox 2060 4197 2077 4230; x_wconf 81' lang='grc' dir='ltr'><strong>ι</strong></span> <span class='ocrx_word' id='word_1_658' title='bbox 2103 4174 2257 4242; x_wconf 84' lang='lat' dir='ltr'><strong>Quod</strong></span> <span class='ocrx_word' id='word_1_659' title='bbox 2291 4180 2431 4234; x_wconf 89' lang='lat' dir='ltr'><strong>Dens</strong></span> <span class='ocrx_word' id='word_1_660' title='bbox 2451 4177 2753 4242; x_wconf 89' lang='lat' dir='ltr'><strong>mundavit,</strong></span> <span class='ocrx_word' id='word_1_661' title='bbox 2784 4183 2840 4229; x_wconf 91' lang='lat' dir='ltr'><strong>tu</strong></span> <span class='ocrx_word' id='word_1_662' title='bbox 2869 4188 3158 4229; x_wconf 88' lang='lat' dir='ltr'><strong>commune</strong></span> <span class='ocrx_word' id='word_1_663' title='bbox 3185 4189 3253 4227; x_wconf 90' lang='lat' dir='ltr'><strong>ne</strong></span> <span class='ocrx_word' id='word_1_664' title='bbox 3282 4172 3536 4227; x_wconf 80' lang='lat' dir='ltr'><strong>dixeris&#39;</strong></span> <span class='ocrx_word' id='word_1_665' title='bbox 3568 4187 3615 4225; x_wconf 78' lang='grc' dir='ltr'><strong>ε»</strong></span> 
     </span>
    </p>
   </div>
   <div class='ocr_carea' id='block_1_45' title="bbox 384 4259 3618 4345">
    <p class='ocr_par' dir='ltr' id='par_1_45' title="bbox 384 4259 3618 4345">
     <span class='ocr_line' id='line_1_45' title="bbox 384 4259 3618 4345; baseline -0.005 -11"><span class='ocrx_word' id='word_1_666' title='bbox 384 4270 588 4310; x_wconf 68' lang='lat' dir='ltr'><strong>“mms-</strong></span> <span class='ocrx_word' id='word_1_667' title='bbox 621 4259 845 4314; x_wconf 65' lang='grc' dir='ltr'><strong>Αάδίάίι</strong></span> <span class='ocrx_word' id='word_1_668' title='bbox 877 4272 994 4331; x_wconf 63' lang='lat' dir='ltr'><strong>POst</strong></span> <span class='ocrx_word' id='word_1_669' title='bbox 1033 4264 1147 4319; x_wconf 51' lang='lat' dir='ltr'><strong>hac</strong></span> <span class='ocrx_word' id='word_1_670' title='bbox 1175 4284 1188 4319; x_wconf 75' lang='grc' dir='ltr'>ε</span> <span class='ocrx_word' id='word_1_671' title='bbox 1227 4284 1244 4317; x_wconf 78' lang='grc' dir='ltr'><strong>ι</strong></span> <span class='ocrx_word' id='word_1_672' title='bbox 1282 4265 1383 4332; x_wconf 77' lang='grc' dir='ltr'><strong>Ουί</strong></span> <span class='ocrx_word' id='word_1_673' title='bbox 1415 4276 1498 4321; x_wconf 75' lang='grc' dir='ltr'><strong>εει</strong></span> <span class='ocrx_word' id='word_1_674' title='bbox 1529 4268 1698 4320; x_wconf 65' lang='lat' dir='ltr'><strong>forma</strong></span> <span class='ocrx_word' id='word_1_675' title='bbox 1722 4267 1946 4326; x_wconf 70' lang='grc' dir='ltr'><strong>ΐοῑυτὶ.»</strong></span> <span class='ocrx_word' id='word_1_676' title='bbox 2053 4279 2197 4345; x_wconf 89' lang='lat' dir='ltr'><strong>quod</strong></span> <span class='ocrx_word' id='word_1_677' title='bbox 2227 4274 2293 4328; x_wconf 92' lang='lat' dir='ltr'><strong>ad</strong></span> <span class='ocrx_word' id='word_1_678' title='bbox 2319 4271 2561 4325; x_wconf 89' lang='lat' dir='ltr'><strong>diversos</strong></span> <span class='ocrx_word' id='word_1_679' title='bbox 2601 4268 2788 4337; x_wconf 91' lang='lat' dir='ltr'><strong>utique</strong></span> <span class='ocrx_word' id='word_1_680' title='bbox 2823 4268 3098 4322; x_wconf 91' lang='lat' dir='ltr'><strong>hominum</strong></span> <span class='ocrx_word' id='word_1_681' title='bbox 3122 4264 3283 4335; x_wconf 68' lang='lat'><strong>552</strong></span> <span class='ocrx_word' id='word_1_682' title='bbox 3311 4279 3494 4319; x_wconf 89' lang='lat' dir='ltr'><strong>mores</strong></span> <span class='ocrx_word' id='word_1_683' title='bbox 3516 4278 3618 4332; x_wconf 61' lang='grc' dir='ltr'><strong>,τεο</strong></span> 
     </span>
    </p>
   </div>
   <div class='ocr_carea' id='block_1_46' title="bbox 383 4346 3621 4432">
    <p class='ocr_par' dir='ltr' id='par_1_46' title="bbox 383 4346 3621 4432">
     <span class='ocr_line' id='line_1_46' title="bbox 383 4346 3621 4432; baseline 0.002 -32"><span class='ocrx_word' id='word_1_684' title='bbox 383 4346 536 4410; x_wconf 78' lang='lat' dir='ltr'><strong>Quod</strong></span> <span class='ocrx_word' id='word_1_685' title='bbox 564 4351 776 4418; x_wconf 88' lang='lat' dir='ltr'><strong>quidem</strong></span> <span class='ocrx_word' id='word_1_686' title='bbox 805 4356 1117 4424; x_wconf 83' lang='lat' dir='ltr'><strong>ambiguum</strong></span> <span class='ocrx_word' id='word_1_687' title='bbox 1151 4359 1281 4412; x_wconf 90' lang='lat' dir='ltr'><strong>mihi</strong></span> <span class='ocrx_word' id='word_1_688' title='bbox 1308 4359 1540 4424; x_wconf 91' lang='lat' dir='ltr'><strong>videtur,</strong></span> <span class='ocrx_word' id='word_1_689' title='bbox 1577 4371 1758 4415; x_wconf 90' lang='lat' dir='ltr'><strong>utrum</strong></span> <span class='ocrx_word' id='word_1_690' title='bbox 1787 4376 1852 4416; x_wconf 90' lang='lat' dir='ltr'><strong>ex</strong></span> <span class='ocrx_word' id='word_1_691' title='bbox 1885 4378 1952 4418; x_wconf 84' lang='lat' dir='ltr'><strong>eo</strong></span> <span class='ocrx_word' id='word_1_692' title='bbox 2054 4367 2227 4421; x_wconf 83' lang='lat' dir='ltr'><strong>fertur</strong></span> <span class='ocrx_word' id='word_1_693' title='bbox 2255 4383 2269 4418; x_wconf 91' lang='lat'><strong>:</strong></span> <span class='ocrx_word' id='word_1_694' title='bbox 2296 4373 2350 4418; x_wconf 91' lang='lat' dir='ltr'><strong>et</strong></span> <span class='ocrx_word' id='word_1_695' title='bbox 2380 4360 2628 4432; x_wconf 90' lang='lat' dir='ltr'><strong>poculum</strong></span> <span class='ocrx_word' id='word_1_696' title='bbox 2651 4360 2796 4413; x_wconf 88' lang='lat' dir='ltr'><strong>dicet</strong></span> <span class='ocrx_word' id='word_1_697' title='bbox 2835 4373 2958 4414; x_wconf 84' lang='lat' dir='ltr'><strong>esse</strong></span> <span class='ocrx_word' id='word_1_698' title='bbox 3011 4357 3234 4412; x_wconf 88' lang='lat' dir='ltr'><strong>calicem</strong></span> <span class='ocrx_word' id='word_1_699' title='bbox 3265 4357 3400 4410; x_wconf 79' lang='lat' dir='ltr'><strong>Novi</strong></span> <span class='ocrx_word' id='word_1_700' title='bbox 3429 4354 3621 4410; x_wconf 87' lang='lat' dir='ltr'><strong>Testa-</strong></span> 
     </span>
    </p>
   </div>
   <div class='ocr_carea' id='block_1_47' title="bbox 386 4445 3618 4523">
    <p class='ocr_par' dir='ltr' id='par_1_47' title="bbox 386 4445 3618 4523">
     <span class='ocr_line' id='line_1_47' title="bbox 386 4445 3618 4523; baseline 0.002 -31"><span class='ocrx_word' id='word_1_701' title='bbox 386 4448 624 4508; x_wconf 90' lang='lat' dir='ltr'><strong>tempore</strong></span> <span class='ocrx_word' id='word_1_702' title='bbox 648 4457 752 4510; x_wconf 90' lang='lat' dir='ltr'><strong>quo</strong></span> <span class='ocrx_word' id='word_1_703' title='bbox 785 4446 898 4501; x_wconf 68' lang='lat' dir='ltr'><strong>haec</strong></span> <span class='ocrx_word' id='word_1_704' title='bbox 925 4448 1198 4504; x_wconf 84' lang='lat' dir='ltr'><strong>scribebat</strong></span> <span class='ocrx_word' id='word_1_705' title='bbox 1229 4451 1538 4520; x_wconf 84' lang='lat' dir='ltr'><strong>Apostolus,</strong></span> <span class='ocrx_word' id='word_1_706' title='bbox 1579 4451 1748 4506; x_wconf 75' lang='lat' dir='ltr'><strong>Adam</strong></span> <span class='ocrx_word' id='word_1_707' title='bbox 1785 4453 1951 4510; x_wconf 81' lang='lat' dir='ltr'><strong>futuri</strong></span> <span class='ocrx_word' id='word_1_708' title='bbox 2054 4457 2218 4513; x_wconf 92' lang='lat' dir='ltr'><strong>menti</strong></span> <span class='ocrx_word' id='word_1_709' title='bbox 2248 4473 2262 4512; x_wconf 91' lang='lat'><strong>:</strong></span> <span class='ocrx_word' id='word_1_710' title='bbox 2291 4456 2431 4511; x_wconf 90' lang='lat' dir='ltr'><strong>diem</strong></span> <span class='ocrx_word' id='word_1_711' title='bbox 2465 4466 2682 4523; x_wconf 90' lang='lat' dir='ltr'><strong>quoque</strong></span> <span class='ocrx_word' id='word_1_712' title='bbox 2710 4449 2907 4505; x_wconf 81' lang='lat' dir='ltr'><strong>festum</strong></span> <span class='ocrx_word' id='word_1_713' title='bbox 2926 4449 3199 4520; x_wconf 88' lang='lat' dir='ltr'><strong>probabit,</strong></span> <span class='ocrx_word' id='word_1_714' title='bbox 3227 4447 3320 4502; x_wconf 91' lang='lat' dir='ltr'><strong>ubi</strong></span> <span class='ocrx_word' id='word_1_715' title='bbox 3362 4464 3384 4499; x_wconf 75' lang='grc' dir='ltr'><strong>ι</strong></span> <span class='ocrx_word' id='word_1_716' title='bbox 3421 4445 3618 4516; x_wconf 84' lang='lat' dir='ltr'><strong>pascha</strong></span> 
     </span>
    </p>
   </div>
   <div class='ocr_carea' id='block_1_48' title="bbox 386 4530 3619 4608">
    <p class='ocr_par' dir='ltr' id='par_1_48' title="bbox 386 4530 3619 4608">
     <span class='ocr_line' id='line_1_48' title="bbox 386 4530 3619 4608; baseline 0.002 -25"><span class='ocrx_word' id='word_1_717' title='bbox 386 4530 556 4586; x_wconf 79' lang='lat' dir='ltr'><strong>forma</strong></span> <span class='ocrx_word' id='word_1_718' title='bbox 585 4534 803 4602; x_wconf 89' lang='lat' dir='ltr'><strong>dicitur,</strong></span> <span class='ocrx_word' id='word_1_719' title='bbox 835 4541 978 4608; x_wconf 92' lang='lat' dir='ltr'><strong>quod</strong></span> <span class='ocrx_word' id='word_1_720' title='bbox 1008 4549 1090 4594; x_wconf 90' lang='lat' dir='ltr'><strong>est</strong></span> <span class='ocrx_word' id='word_1_721' title='bbox 1140 4542 1321 4596; x_wconf 64' lang='lat' dir='ltr'><strong>saeculi</strong></span> <span class='ocrx_word' id='word_1_722' title='bbox 1370 4545 1584 4598; x_wconf 92' lang='lat' dir='ltr'><strong>venturi</strong></span> <span class='ocrx_word' id='word_1_723' title='bbox 1611 4559 1626 4608; x_wconf 89' lang='lat'><strong>;</strong></span> <span class='ocrx_word' id='word_1_724' title='bbox 1664 4559 1731 4597; x_wconf 87' lang='lat' dir='ltr'><strong>an</strong></span> <span class='ocrx_word' id='word_1_725' title='bbox 1783 4560 1813 4598; x_wconf 90' lang='lat' dir='ltr'><strong>a</strong></span> <span class='ocrx_word' id='word_1_726' title='bbox 1868 4559 1954 4600; x_wconf 86' lang='lat' dir='ltr'><strong>se-</strong></span> <span class='ocrx_word' id='word_1_727' title='bbox 2054 4557 2297 4603; x_wconf 88' lang='lat' dir='ltr'><strong>nostrum</strong></span> <span class='ocrx_word' id='word_1_728' title='bbox 2326 4544 2636 4600; x_wconf 89' lang='lat' dir='ltr'><strong>immolatus</strong></span> <span class='ocrx_word' id='word_1_729' title='bbox 2663 4551 2749 4598; x_wconf 88' lang='lat' dir='ltr'><strong>est</strong></span> <span class='ocrx_word' id='word_1_730' title='bbox 2773 4540 3031 4596; x_wconf 88' lang='lat' dir='ltr'><strong>Christus</strong></span> <span class='ocrx_word' id='word_1_731' title='bbox 3055 4539 3097 4605; x_wconf 83' lang='grc'><strong>⁸,</strong></span> <span class='ocrx_word' id='word_1_732' title='bbox 3128 4557 3148 4592; x_wconf 75' lang='grc' dir='ltr'><strong>ι</strong></span> <span class='ocrx_word' id='word_1_733' title='bbox 3184 4547 3240 4593; x_wconf 92' lang='lat' dir='ltr'><strong>et</strong></span> <span class='ocrx_word' id='word_1_734' title='bbox 3269 4538 3411 4593; x_wconf 90' lang='lat' dir='ltr'><strong>diem</strong></span> <span class='ocrx_word' id='word_1_735' title='bbox 3430 4535 3619 4590; x_wconf 77' lang='lat' dir='ltr'><strong>festum</strong></span> 
     </span>
    </p>
   </div>
   <div class='ocr_carea' id='block_1_49' title="bbox 387 4623 3618 4702">
    <p class='ocr_par' dir='ltr' id='par_1_49' title="bbox 387 4623 3618 4702">
     <span class='ocr_line' id='line_1_49' title="bbox 387 4623 3618 4702; baseline 0.003 -29"><span class='ocrx_word' id='word_1_736' title='bbox 387 4623 638 4692; x_wconf 90' lang='lat' dir='ltr'><strong>metipso,</strong></span> <span class='ocrx_word' id='word_1_737' title='bbox 665 4626 717 4681; x_wconf 92' lang='lat' dir='ltr'><strong>id</strong></span> <span class='ocrx_word' id='word_1_738' title='bbox 741 4637 844 4695; x_wconf 91' lang='lat' dir='ltr'><strong>est,</strong></span> <span class='ocrx_word' id='word_1_739' title='bbox 883 4631 950 4686; x_wconf 87' lang='lat' dir='ltr'><strong>ab</strong></span> <span class='ocrx_word' id='word_1_740' title='bbox 981 4631 1152 4686; x_wconf 82' lang='lat' dir='ltr'><strong>Adam</strong></span> <span class='ocrx_word' id='word_1_741' title='bbox 1175 4631 1367 4698; x_wconf 81' lang='lat' dir='ltr'><strong>futuri,</strong></span> <span class='ocrx_word' id='word_1_742' title='bbox 1402 4644 1460 4689; x_wconf 90' lang='lat' dir='ltr'><strong>ut</strong></span> <span class='ocrx_word' id='word_1_743' title='bbox 1506 4637 1558 4690; x_wconf 90' lang='lat' dir='ltr'><strong>in</strong></span> <span class='ocrx_word' id='word_1_744' title='bbox 1589 4636 1808 4691; x_wconf 90' lang='lat' dir='ltr'><strong>Christo</strong></span> <span class='ocrx_word' id='word_1_745' title='bbox 1858 4651 1948 4692; x_wconf 84' lang='lat' dir='ltr'><strong>ac-</strong></span> <span class='ocrx_word' id='word_1_746' title='bbox 1976 4642 2026 4702; x_wconf 86' lang='lat' dir='ltr'><strong>D</strong></span> <span class='ocrx_word' id='word_1_747' title='bbox 2051 4640 2388 4695; x_wconf 89' lang='lat' dir='ltr'><strong>celebramus</strong></span> <span class='ocrx_word' id='word_1_748' title='bbox 2411 4655 2430 4688; x_wconf 74' lang='grc' dir='ltr'><strong>ι</strong></span> <span class='ocrx_word' id='word_1_749' title='bbox 2458 4651 2565 4691; x_wconf 89' lang='lat' dir='ltr'><strong>non</strong></span> <span class='ocrx_word' id='word_1_750' title='bbox 2595 4637 2647 4690; x_wconf 95' lang='lat' dir='ltr'><strong>in</strong></span> <span class='ocrx_word' id='word_1_751' title='bbox 2677 4634 2941 4690; x_wconf 76' lang='lat' dir='ltr'><strong>termento</strong></span> <span class='ocrx_word' id='word_1_752' title='bbox 2970 4631 3164 4697; x_wconf 88' lang='lat' dir='ltr'><strong>veteri,</strong></span> <span class='ocrx_word' id='word_1_753' title='bbox 3191 4633 3285 4685; x_wconf 89' lang='lat' dir='ltr'><strong>sed</strong></span> <span class='ocrx_word' id='word_1_754' title='bbox 3317 4629 3374 4684; x_wconf 88' lang='lat' dir='ltr'><strong>in</strong></span> <span class='ocrx_word' id='word_1_755' title='bbox 3415 4629 3618 4700; x_wconf 80' lang='lat' dir='ltr'><strong>azymis</strong></span> 
     </span>
    </p>
   </div>
   <div class='ocr_carea' id='block_1_50' title="bbox 384 4717 3617 4796">
    <p class='ocr_par' dir='ltr' id='par_1_50' title="bbox 384 4717 3617 4796">
     <span class='ocr_line' id='line_1_50' title="bbox 384 4717 3617 4796; baseline 0.001 -26"><span class='ocrx_word' id='word_1_756' title='bbox 384 4717 618 4786; x_wconf 88' lang='lat' dir='ltr'><strong>cipiatur</strong></span> <span class='ocrx_word' id='word_1_757' title='bbox 653 4742 663 4774; x_wconf 87' lang='lat'><strong>:</strong></span> <span class='ocrx_word' id='word_1_758' title='bbox 695 4723 837 4789; x_wconf 91' lang='lat' dir='ltr'><strong>quod</strong></span> <span class='ocrx_word' id='word_1_759' title='bbox 867 4730 1077 4792; x_wconf 87' lang='lat' dir='ltr'><strong>tempus</strong></span> <span class='ocrx_word' id='word_1_760' title='bbox 1114 4727 1376 4796; x_wconf 84' lang='lat' dir='ltr'><strong>Apostolo</strong></span> <span class='ocrx_word' id='word_1_761' title='bbox 1429 4727 1544 4782; x_wconf 75' lang='lat' dir='ltr'><strong>haec</strong></span> <span class='ocrx_word' id='word_1_762' title='bbox 1582 4729 1838 4782; x_wconf 89' lang='lat' dir='ltr'><strong>scribenti</strong></span> <span class='ocrx_word' id='word_1_763' title='bbox 1870 4729 1952 4780; x_wconf 83' lang='lat' dir='ltr'><strong>lu-</strong></span> <span class='ocrx_word' id='word_1_764' title='bbox 2055 4729 2388 4786; x_wconf 87' lang='lat' dir='ltr'><strong>sinceritatis</strong></span> <span class='ocrx_word' id='word_1_765' title='bbox 2413 4737 2469 4782; x_wconf 89' lang='lat' dir='ltr'><strong>et</strong></span> <span class='ocrx_word' id='word_1_766' title='bbox 2501 4727 2750 4780; x_wconf 90' lang='lat' dir='ltr'><strong>veritatis</strong></span> <span class='ocrx_word' id='word_1_767' title='bbox 2771 4725 2814 4779; x_wconf 85' lang='lat'><strong>&#39;.</strong></span> <span class='ocrx_word' id='word_1_768' title='bbox 2860 4743 2879 4776; x_wconf 80' lang='grc' dir='ltr'><strong>ι</strong></span> <span class='ocrx_word' id='word_1_769' title='bbox 2910 4723 3173 4779; x_wconf 91' lang='lat' dir='ltr'><strong>Similiter</strong></span> <span class='ocrx_word' id='word_1_770' title='bbox 3195 4731 3252 4776; x_wconf 91' lang='lat' dir='ltr'><strong>et</strong></span> <span class='ocrx_word' id='word_1_771' title='bbox 3279 4720 3617 4781; x_wconf 86' lang='lat' dir='ltr'><strong>neomenias.</strong></span> 
     </span>
    </p>
   </div>
   <div class='ocr_carea' id='block_1_51' title="bbox 389 4812 3618 4888">
    <p class='ocr_par' dir='ltr' id='par_1_51' title="bbox 389 4812 3618 4888">
     <span class='ocr_line' id='line_1_51' title="bbox 389 4812 3618 4888; baseline 0.002 -29"><span class='ocrx_word' id='word_1_772' title='bbox 389 4819 562 4862; x_wconf 93' lang='lat' dir='ltr'><strong>turum</strong></span> <span class='ocrx_word' id='word_1_773' title='bbox 589 4826 696 4865; x_wconf 89' lang='lat' dir='ltr'><strong>non</strong></span> <span class='ocrx_word' id='word_1_774' title='bbox 730 4823 868 4878; x_wconf 86' lang='lat' dir='ltr'><strong>erat,</strong></span> <span class='ocrx_word' id='word_1_775' title='bbox 896 4817 987 4870; x_wconf 89' lang='lat' dir='ltr'><strong>sed</strong></span> <span class='ocrx_word' id='word_1_776' title='bbox 1022 4819 1357 4884; x_wconf 64' lang='lat' dir='ltr'><strong>prmteritum</strong></span> <span class='ocrx_word' id='word_1_777' title='bbox 1381 4821 1668 4888; x_wconf 88' lang='lat' dir='ltr'><strong>:quamvis</strong></span> <span class='ocrx_word' id='word_1_778' title='bbox 1695 4829 1751 4874; x_wconf 88' lang='lat' dir='ltr'><strong>et</strong></span> <span class='ocrx_word' id='word_1_779' title='bbox 1779 4820 1831 4873; x_wconf 92' lang='lat' dir='ltr'><strong>in</strong></span> <span class='ocrx_word' id='word_1_780' title='bbox 1848 4819 1953 4873; x_wconf 88' lang='lat' dir='ltr'><strong>alio</strong></span> <span class='ocrx_word' id='word_1_781' title='bbox 2059 4824 2161 4877; x_wconf 87' lang='lat' dir='ltr'><strong>hoc</strong></span> <span class='ocrx_word' id='word_1_782' title='bbox 2186 4830 2269 4876; x_wconf 91' lang='lat' dir='ltr'><strong>est</strong></span> <span class='ocrx_word' id='word_1_783' title='bbox 2303 4834 2475 4874; x_wconf 90' lang='lat' dir='ltr'><strong>novos</strong></span> <span class='ocrx_word' id='word_1_784' title='bbox 2519 4832 2732 4871; x_wconf 83' lang='lat' dir='ltr'><strong>menses</strong></span> <span class='ocrx_word' id='word_1_785' title='bbox 2755 4816 2870 4871; x_wconf 78' lang='lat' dir='ltr'><strong>ﬁeri</strong></span> <span class='ocrx_word' id='word_1_786' title='bbox 2904 4815 3153 4870; x_wconf 82' lang='lat' dir='ltr'><strong>ostendet</strong></span> <span class='ocrx_word' id='word_1_787' title='bbox 3205 4829 3303 4882; x_wconf 90' lang='lat' dir='ltr'><strong>per</strong></span> <span class='ocrx_word' id='word_1_788' title='bbox 3347 4812 3618 4868; x_wconf 84' lang='lat' dir='ltr'><strong>Christum</strong></span> 
     </span>
    </p>
   </div>
   <div class='ocr_carea' id='block_1_52' title="bbox 387 4896 3618 4982">
    <p class='ocr_par' dir='ltr' id='par_1_52' title="bbox 387 4896 3618 4982">
     <span class='ocr_line' id='line_1_52' title="bbox 387 4896 3618 4982; baseline 0 -26"><span class='ocrx_word' id='word_1_789' title='bbox 387 4899 500 4956; x_wconf 86' lang='lat' dir='ltr'><strong>loco</strong></span> <span class='ocrx_word' id='word_1_790' title='bbox 522 4918 644 4958; x_wconf 90' lang='lat' dir='ltr'><strong>cum</strong></span> <span class='ocrx_word' id='word_1_791' title='bbox 678 4906 745 4960; x_wconf 92' lang='lat' dir='ltr'><strong>de</strong></span> <span class='ocrx_word' id='word_1_792' title='bbox 777 4908 944 4961; x_wconf 83' lang='lat' dir='ltr'><strong>Adam</strong></span> <span class='ocrx_word' id='word_1_793' title='bbox 976 4920 1032 4964; x_wconf 89' lang='lat' dir='ltr'><strong>ct</strong></span> <span class='ocrx_word' id='word_1_794' title='bbox 1056 4911 1165 4964; x_wconf 82' lang='lat' dir='ltr'><strong>Eva</strong></span> <span class='ocrx_word' id='word_1_795' title='bbox 1209 4911 1524 4981; x_wconf 86' lang='lat' dir='ltr'><strong>loqueretur</strong></span> <span class='ocrx_word' id='word_1_796' title='bbox 1553 4915 1694 4967; x_wconf 89' lang='lat' dir='ltr'><strong>idem</strong></span> <span class='ocrx_word' id='word_1_797' title='bbox 1723 4911 1953 4980; x_wconf 83' lang='lat' dir='ltr'><strong>Aposto—</strong></span> <span class='ocrx_word' id='word_1_798' title='bbox 2060 4914 2238 4968; x_wconf 87' lang='lat' dir='ltr'><strong>Solem</strong></span> <span class='ocrx_word' id='word_1_799' title='bbox 2260 4912 2487 4982; x_wconf 72' lang='lat' dir='ltr'><strong>iustitia:</strong></span> <span class='ocrx_word' id='word_1_800' title='bbox 2511 4896 2576 4977; x_wconf 79' lang='grc' dir='ltr'><strong>ίο,</strong></span> <span class='ocrx_word' id='word_1_801' title='bbox 2607 4921 2661 4963; x_wconf 91' lang='lat' dir='ltr'><strong>et</strong></span> <span class='ocrx_word' id='word_1_802' title='bbox 2684 4910 2958 4978; x_wconf 89' lang='lat' dir='ltr'><strong>apostolos</strong></span> <span class='ocrx_word' id='word_1_803' title='bbox 2974 4907 3137 4978; x_wconf 65' lang='lat' dir='ltr'><strong>tejus.</strong></span> <span class='ocrx_word' id='word_1_804' title='bbox 3169 4905 3276 4961; x_wconf 89' lang='lat' dir='ltr'><strong>Sed</strong></span> <span class='ocrx_word' id='word_1_805' title='bbox 3307 4914 3365 4960; x_wconf 90' lang='lat' dir='ltr'><strong>et</strong></span> <span class='ocrx_word' id='word_1_806' title='bbox 3382 4905 3618 4960; x_wconf 84' lang='lat' dir='ltr'><strong>Sabbata</strong></span> 
     </span>
    </p>
   </div>
   <div class='ocr_carea' id='block_1_53' title="bbox 387 4991 3621 5075">
    <p class='ocr_par' dir='ltr' id='par_1_53' title="bbox 387 4991 3621 5075">
     <span class='ocr_line' id='line_1_53' title="bbox 387 4991 3621 5075; baseline 0.003 -35"><span class='ocrx_word' id='word_1_807' title='bbox 387 4991 487 5055; x_wconf 88' lang='lat' dir='ltr'><strong>lus,</strong></span> <span class='ocrx_word' id='word_1_808' title='bbox 519 4995 714 5050; x_wconf 80' lang='lat' dir='ltr'><strong>dixerit</strong></span> <span class='ocrx_word' id='word_1_809' title='bbox 741 5016 756 5052; x_wconf 93' lang='lat'><strong>:</strong></span> <span class='ocrx_word' id='word_1_810' title='bbox 788 5016 806 5049; x_wconf 83' lang='grc' dir='ltr'><strong>ι</strong></span> <span class='ocrx_word' id='word_1_811' title='bbox 842 4999 1152 5070; x_wconf 78' lang='lat' dir='ltr'><strong>Il-lysterium</strong></span> <span class='ocrx_word' id='word_1_812' title='bbox 1187 5005 1286 5058; x_wconf 88' lang='lat' dir='ltr'><strong>hoc</strong></span> <span class='ocrx_word' id='word_1_813' title='bbox 1311 5020 1565 5075; x_wconf 84' lang='lat' dir='ltr'><strong>maguum</strong></span> <span class='ocrx_word' id='word_1_814' title='bbox 1587 5013 1670 5058; x_wconf 89' lang='lat' dir='ltr'><strong>est</strong></span> <span class='ocrx_word' id='word_1_815' title='bbox 1696 5021 1710 5059; x_wconf 91' lang='lat'><strong>:</strong></span> <span class='ocrx_word' id='word_1_816' title='bbox 1742 5021 1839 5075; x_wconf 87' lang='lat' dir='ltr'><strong>ego</strong></span> <span class='ocrx_word' id='word_1_817' title='bbox 1860 5019 1956 5059; x_wconf 85' lang='lat' dir='ltr'><strong>au-</strong></span> <span class='ocrx_word' id='word_1_818' title='bbox 2059 5006 2336 5060; x_wconf 88' lang='lat' dir='ltr'><strong>observari</strong></span> <span class='ocrx_word' id='word_1_819' title='bbox 2360 5003 2594 5069; x_wconf 86' lang='lat' dir='ltr'><strong>docebit,</strong></span> <span class='ocrx_word' id='word_1_820' title='bbox 2623 5018 2726 5057; x_wconf 91' lang='lat' dir='ltr'><strong>non</strong></span> <span class='ocrx_word' id='word_1_821' title='bbox 2754 5005 3020 5070; x_wconf 89' lang='lat' dir='ltr'><strong>portando</strong></span> <span class='ocrx_word' id='word_1_822' title='bbox 3044 5013 3214 5056; x_wconf 86' lang='lat' dir='ltr'><strong>onera</strong></span> <span class='ocrx_word' id='word_1_823' title='bbox 3250 4998 3486 5066; x_wconf 86' lang='lat' dir='ltr'><strong>peccati,</strong></span> <span class='ocrx_word' id='word_1_824' title='bbox 3530 4996 3621 5049; x_wconf 85' lang='lat' dir='ltr'><strong>sed</strong></span> 
     </span>
    </p>
   </div>
   <div class='ocr_carea' id='block_1_54' title="bbox 389 5088 3620 5167">
    <p class='ocr_par' dir='ltr' id='par_1_54' title="bbox 389 5088 3620 5167">
     <span class='ocr_line' id='line_1_54' title="bbox 389 5088 3620 5167; baseline 0.001 -30"><span class='ocrx_word' id='word_1_825' title='bbox 389 5094 493 5138; x_wconf 90' lang='lat' dir='ltr'><strong>tctn</strong></span> <span class='ocrx_word' id='word_1_826' title='bbox 525 5088 644 5143; x_wconf 90' lang='lat' dir='ltr'><strong>dico</strong></span> <span class='ocrx_word' id='word_1_827' title='bbox 673 5092 726 5144; x_wconf 88' lang='lat' dir='ltr'><strong>in</strong></span> <span class='ocrx_word' id='word_1_828' title='bbox 764 5091 985 5148; x_wconf 88' lang='lat' dir='ltr'><strong>Christo</strong></span> <span class='ocrx_word' id='word_1_829' title='bbox 1009 5104 1062 5149; x_wconf 90' lang='lat' dir='ltr'><strong>et</strong></span> <span class='ocrx_word' id='word_1_830' title='bbox 1097 5095 1150 5150; x_wconf 87' lang='lat' dir='ltr'><strong>itt</strong></span> <span class='ocrx_word' id='word_1_831' title='bbox 1178 5096 1419 5151; x_wconf 86' lang='lat' dir='ltr'><strong>Ecclesia</strong></span> <span class='ocrx_word' id='word_1_832' title='bbox 1449 5098 1535 5160; x_wconf 69' lang='lat'><strong>9’;</strong></span> <span class='ocrx_word' id='word_1_833' title='bbox 1568 5116 1588 5150; x_wconf 74' lang='grc' dir='ltr'><strong>ι</strong></span> <span class='ocrx_word' id='word_1_834' title='bbox 1627 5099 1678 5152; x_wconf 90' lang='lat' dir='ltr'><strong>in</strong></span> <span class='ocrx_word' id='word_1_835' title='bbox 1729 5112 1838 5167; x_wconf 89' lang='lat' dir='ltr'><strong>quo</strong></span> <span class='ocrx_word' id='word_1_836' title='bbox 1874 5097 1954 5150; x_wconf 84' lang='lat' dir='ltr'><strong>vi-</strong></span> <span class='ocrx_word' id='word_1_837' title='bbox 2059 5100 2251 5153; x_wconf 88' lang='lat' dir='ltr'><strong>stando</strong></span> <span class='ocrx_word' id='word_1_838' title='bbox 2277 5111 2714 5166; x_wconf 88' lang='lat' dir='ltr'><strong>unumquemque</strong></span> <span class='ocrx_word' id='word_1_839' title='bbox 2740 5095 3009 5152; x_wconf 84' lang='lat' dir='ltr'><strong>stabiliter</strong></span> <span class='ocrx_word' id='word_1_840' title='bbox 3037 5096 3089 5146; x_wconf 90' lang='lat' dir='ltr'><strong>in</strong></span> <span class='ocrx_word' id='word_1_841' title='bbox 3116 5094 3236 5147; x_wconf 85' lang='lat' dir='ltr'><strong>loco</strong></span> <span class='ocrx_word' id='word_1_842' title='bbox 3263 5107 3503 5157; x_wconf 82' lang='lat' dir='ltr'><strong>suo,non</strong></span> <span class='ocrx_word' id='word_1_843' title='bbox 3531 5102 3620 5140; x_wconf 85' lang='lat' dir='ltr'><strong>ac-</strong></span> 
     </span>
    </p>
   </div>
   <div class='ocr_carea' id='block_1_55' title="bbox 387 5173 3617 5258">
    <p class='ocr_par' dir='ltr' id='par_1_55' title="bbox 387 5173 3617 5258">
     <span class='ocr_line' id='line_1_55' title="bbox 387 5173 3617 5258; baseline 0 -31"><span class='ocrx_word' id='word_1_844' title='bbox 387 5173 542 5229; x_wconf 84' lang='lat' dir='ltr'><strong>tletur</strong></span> <span class='ocrx_word' id='word_1_845' title='bbox 568 5177 669 5232; x_wconf 91' lang='lat' dir='ltr'><strong>hoc</strong></span> <span class='ocrx_word' id='word_1_846' title='bbox 718 5185 890 5253; x_wconf 89' lang='lat' dir='ltr'><strong>magis</strong></span> <span class='ocrx_word' id='word_1_847' title='bbox 949 5187 1106 5241; x_wconf 89' lang='lat' dir='ltr'><strong>nobis</strong></span> <span class='ocrx_word' id='word_1_848' title='bbox 1139 5187 1204 5240; x_wconf 89' lang='lat' dir='ltr'><strong>ad</strong></span> <span class='ocrx_word' id='word_1_849' title='bbox 1258 5187 1665 5258; x_wconf 87' lang='lat' dir='ltr'><strong>intelligendum</strong></span> <span class='ocrx_word' id='word_1_850' title='bbox 1699 5188 1910 5243; x_wconf 89' lang='lat' dir='ltr'><strong>dedisse</strong></span> <span class='ocrx_word' id='word_1_851' title='bbox 1933 5226 1952 5253; x_wconf 90' lang='lat'><strong>,</strong></span> <span class='ocrx_word' id='word_1_852' title='bbox 2060 5187 2377 5240; x_wconf 87' lang='lat' dir='ltr'><strong>cendentem</strong></span> <span class='ocrx_word' id='word_1_853' title='bbox 2409 5187 2587 5252; x_wconf 84' lang='lat' dir='ltr'><strong>ignem</strong></span> <span class='ocrx_word' id='word_1_854' title='bbox 2617 5183 2681 5248; x_wconf 87' lang='lat'><strong>“,</strong></span> <span class='ocrx_word' id='word_1_855' title='bbox 2712 5185 2780 5236; x_wconf 90' lang='lat' dir='ltr'><strong>de</strong></span> <span class='ocrx_word' id='word_1_856' title='bbox 2811 5197 2919 5250; x_wconf 89' lang='lat' dir='ltr'><strong>quo</strong></span> <span class='ocrx_word' id='word_1_857' title='bbox 2941 5194 3032 5249; x_wconf 88' lang='lat' dir='ltr'><strong>per</strong></span> <span class='ocrx_word' id='word_1_858' title='bbox 3053 5181 3374 5248; x_wconf 84' lang='lat' dir='ltr'><strong>prophetam</strong></span> <span class='ocrx_word' id='word_1_859' title='bbox 3405 5176 3617 5230; x_wconf 90' lang='lat' dir='ltr'><strong>dicitur:</strong></span> 
     </span>
    </p>
   </div>
   <div class='ocr_carea' id='block_1_56' title="bbox 387 5269 3622 5350">
    <p class='ocr_par' dir='ltr' id='par_1_56' title="bbox 387 5269 3622 5350">
     <span class='ocr_line' id='line_1_56' title="bbox 387 5269 3622 5350; baseline 0.001 -35"><span class='ocrx_word' id='word_1_860' title='bbox 387 5269 530 5331; x_wconf 88' lang='lat' dir='ltr'><strong>quod</strong></span> <span class='ocrx_word' id='word_1_861' title='bbox 563 5269 733 5326; x_wconf 78' lang='lat' dir='ltr'><strong>forma</strong></span> <span class='ocrx_word' id='word_1_862' title='bbox 766 5274 930 5331; x_wconf 77' lang='lat' dir='ltr'><strong>futuri</strong></span> <span class='ocrx_word' id='word_1_863' title='bbox 983 5279 1198 5333; x_wconf 87' lang='lat' dir='ltr'><strong>dicatur</strong></span> <span class='ocrx_word' id='word_1_864' title='bbox 1227 5281 1402 5334; x_wconf 84' lang='lat' dir='ltr'><strong>Adam</strong></span> <span class='ocrx_word' id='word_1_865' title='bbox 1432 5283 1484 5334; x_wconf 89' lang='lat' dir='ltr'><strong>in</strong></span> <span class='ocrx_word' id='word_1_866' title='bbox 1515 5295 1581 5335; x_wconf 91' lang='lat' dir='ltr'><strong>eo</strong></span> <span class='ocrx_word' id='word_1_867' title='bbox 1604 5281 1749 5350; x_wconf 91' lang='lat' dir='ltr'><strong>quod</strong></span> <span class='ocrx_word' id='word_1_868' title='bbox 1783 5281 1952 5335; x_wconf 86' lang='lat' dir='ltr'><strong>adve-</strong></span> <span class='ocrx_word' id='word_1_869' title='bbox 2065 5297 2082 5329; x_wconf 78' lang='grc' dir='ltr'><strong>ι</strong></span> <span class='ocrx_word' id='word_1_870' title='bbox 2120 5277 2194 5332; x_wconf 90' lang='lat' dir='ltr'><strong>Ite</strong></span> <span class='ocrx_word' id='word_1_871' title='bbox 2228 5278 2280 5331; x_wconf 75' lang='grc' dir='ltr'><strong>ιιι</strong></span> <span class='ocrx_word' id='word_1_872' title='bbox 2309 5277 2512 5331; x_wconf 89' lang='lat' dir='ltr'><strong>lumine</strong></span> <span class='ocrx_word' id='word_1_873' title='bbox 2559 5276 2700 5346; x_wconf 83' lang='lat' dir='ltr'><strong>ignis</strong></span> <span class='ocrx_word' id='word_1_874' title='bbox 2747 5275 2945 5337; x_wconf 87' lang='lat' dir='ltr'><strong>vestri,</strong></span> <span class='ocrx_word' id='word_1_875' title='bbox 2987 5282 3042 5326; x_wconf 87' lang='lat' dir='ltr'><strong>et</strong></span> <span class='ocrx_word' id='word_1_876' title='bbox 3081 5269 3316 5326; x_wconf 74' lang='lat' dir='ltr'><strong>ﬂamma:</strong></span> <span class='ocrx_word' id='word_1_877' title='bbox 3343 5283 3500 5338; x_wconf 89' lang='lat' dir='ltr'><strong>quam</strong></span> <span class='ocrx_word' id='word_1_878' title='bbox 3532 5280 3622 5319; x_wconf 84' lang='lat' dir='ltr'><strong>ac-</strong></span> 
     </span>
    </p>
   </div>
   <div class='ocr_carea' id='block_1_57' title="bbox 459 5397 1946 5478">
    <p class='ocr_par' dir='ltr' id='par_1_57' title="bbox 459 5406 1874 5478">
     <span class='ocr_line' id='line_1_57' title="bbox 459 5406 1874 5478; baseline 0.007 -20"><span class='ocrx_word' id='word_1_879' title='bbox 459 5407 506 5440; x_wconf 69' lang='lat'><strong>”</strong></span> <span class='ocrx_word' id='word_1_880' title='bbox 532 5406 669 5461; x_wconf 85' lang='lat' dir='ltr'><strong>Osee</strong></span> <span class='ocrx_word' id='word_1_881' title='bbox 702 5425 797 5462; x_wconf 68' lang='grc' dir='ltr'>χιιι</span> <span class='ocrx_word' id='word_1_882' title='bbox 821 5450 836 5474; x_wconf 86' lang='grc'><em>,</em></span> <span class='ocrx_word' id='word_1_883' title='bbox 875 5412 961 5464; x_wconf 74' lang='grc' dir='ltr'><strong>Μ.</strong></span> <span class='ocrx_word' id='word_1_884' title='bbox 1066 5413 1112 5445; x_wconf 80' lang='grc'><strong>³⁸</strong></span> <span class='ocrx_word' id='word_1_885' title='bbox 1159 5413 1346 5468; x_wconf 78' lang='lat' dir='ltr'><strong>Matth.</strong></span> <span class='ocrx_word' id='word_1_886' title='bbox 1380 5431 1529 5469; x_wconf 77' lang='lat' dir='ltr'><strong>xxvu</strong></span> <span class='ocrx_word' id='word_1_887' title='bbox 1557 5457 1570 5478; x_wconf 89' lang='lat'><strong>,</strong></span> <span class='ocrx_word' id='word_1_888' title='bbox 1612 5415 1683 5469; x_wconf 72' lang='lat'><strong>52</strong></span> <span class='ocrx_word' id='word_1_889' title='bbox 1713 5454 1725 5472; x_wconf 91' lang='lat'><strong>.</strong></span> <span class='ocrx_word' id='word_1_890' title='bbox 1786 5415 1874 5469; x_wconf 78' lang='grc'><strong>53.</strong></span> 
     </span>
    </p>
   </div>
   <div class='ocr_carea' id='block_1_58' title="bbox 2131 5397 3618 5478">
    <p class='ocr_par' dir='ltr' id='par_1_58' title="bbox 2135 5397 3618 5478">
     <span class='ocr_line' id='line_1_58' title="bbox 2135 5397 3618 5478; baseline -0.009 -14"><span class='ocrx_word' id='word_1_891' title='bbox 2135 5411 2173 5467; x_wconf 91' lang='lat' dir='ltr'><strong>l.</strong></span> <span class='ocrx_word' id='word_1_892' title='bbox 2209 5425 2381 5471; x_wconf 79' lang='lat' dir='ltr'><strong>van,</strong></span> <span class='ocrx_word' id='word_1_893' title='bbox 2407 5408 2495 5461; x_wconf 75' lang='lat' dir='ltr'><strong>l9.</strong></span> <span class='ocrx_word' id='word_1_894' title='bbox 2571 5408 2614 5441; x_wconf 78' lang='grc'><strong>⁹⁷</strong></span> <span class='ocrx_word' id='word_1_895' title='bbox 2648 5406 2668 5460; x_wconf 88' lang='grc'><strong>1</strong></span> <span class='ocrx_word' id='word_1_896' title='bbox 2701 5406 2827 5478; x_wconf 72' lang='lat' dir='ltr'><strong>Cor.</strong></span> <span class='ocrx_word' id='word_1_897' title='bbox 2862 5403 3066 5478; x_wconf 32' lang='lat' dir='ltr'><strong>xv‘,_2_6.</strong></span> <span class='ocrx_word' id='word_1_898' title='bbox 3138 5401 3186 5433; x_wconf 81' lang='lat'><strong>&quot;</strong></span> <span class='ocrx_word' id='word_1_899' title='bbox 3219 5401 3377 5478; x_wconf 78' lang='lat' dir='ltr'><strong>Rom.</strong></span> <span class='ocrx_word' id='word_1_900' title='bbox 3417 5415 3497 5478; x_wconf 70' lang='lat' dir='ltr'><strong>_vt,_</strong></span> 
     </span>
    </p>
   </div>
   <div class='ocr_carea' id='block_1_59' title="bbox 387 5468 3620 5548">
    <p class='ocr_par' dir='ltr' id='par_1_59' title="bbox 387 5468 3620 5548">
     <span class='ocr_line' id='line_1_59' title="bbox 387 5468 3620 5548; baseline -0.008 -3"><span class='ocrx_word' id='word_1_901' title='bbox 387 5478 435 5510; x_wconf 81' lang='grc'>”</span> <span class='ocrx_word' id='word_1_902' title='bbox 461 5478 653 5544; x_wconf 68' lang='grc' dir='ltr'>Ειιὶιυεο</span> <span class='ocrx_word' id='word_1_903' title='bbox 689 5495 740 5543; x_wconf 79' lang='grc' dir='ltr'><strong>ν,</strong></span> <span class='ocrx_word' id='word_1_904' title='bbox 779 5468 864 5533; x_wconf 62' lang='grc' dir='ltr'><strong>δέ’..</strong></span> <span class='ocrx_word' id='word_1_905' title='bbox 947 5485 961 5514; x_wconf 85' lang='grc'>¹</span> <span class='ocrx_word' id='word_1_906' title='bbox 996 5482 1014 5537; x_wconf 93' lang='lat' dir='ltr'><strong>l</strong></span> <span class='ocrx_word' id='word_1_907' title='bbox 1044 5482 1170 5538; x_wconf 88' lang='lat' dir='ltr'><strong>Cor.</strong></span> <span class='ocrx_word' id='word_1_908' title='bbox 1203 5500 1290 5546; x_wconf 72' lang='lat' dir='ltr'><strong>XV,</strong></span> <span class='ocrx_word' id='word_1_909' title='bbox 1316 5468 1412 5541; x_wconf 57' lang='grc' dir='ltr'>ξιξ</span> <span class='ocrx_word' id='word_1_910' title='bbox 1481 5468 1685 5538; x_wconf 54' lang='grc' dir='ltr'><strong>Ἶίοιὶι.</strong></span> <span class='ocrx_word' id='word_1_911' title='bbox 1717 5468 1772 5548; x_wconf 84' lang='lat' dir='ltr'><strong>v,</strong></span> <span class='ocrx_word' id='word_1_912' title='bbox 1813 5468 1899 5538; x_wconf 15' lang='lat'><strong>179.</strong></span> <span class='ocrx_word' id='word_1_913' title='bbox 1977 5485 1998 5516; x_wconf 84' lang='grc'>³</span> <span class='ocrx_word' id='word_1_914' title='bbox 2031 5483 2159 5536; x_wconf 83' lang='lat' dir='ltr'><strong>ibid.</strong></span> <span class='ocrx_word' id='word_1_915' title='bbox 2212 5481 2292 5534; x_wconf 71' lang='lat' dir='ltr'><strong>l4.</strong></span> <span class='ocrx_word' id='word_1_916' title='bbox 2369 5468 2391 5510; x_wconf 59' lang='grc' dir='ltr'><strong>λ</strong></span> <span class='ocrx_word' id='word_1_917' title='bbox 2414 5478 2623 5533; x_wconf 87' lang='lat' dir='ltr'><strong>Coloss.</strong></span> <span class='ocrx_word' id='word_1_918' title='bbox 2658 5493 2720 5542; x_wconf 89' lang='lat' dir='ltr'><strong>tt,</strong></span> <span class='ocrx_word' id='word_1_919' title='bbox 2756 5474 2844 5548; x_wconf 70' lang='lat' dir='ltr'><strong>l6.</strong></span> <span class='ocrx_word' id='word_1_920' title='bbox 2887 5476 2939 5548; x_wconf 73' lang='lat'><strong>_‘</strong></span> <span class='ocrx_word' id='word_1_921' title='bbox 2965 5473 3206 5548; x_wconf 43' lang='lat' dir='ltr'><strong>Hebri}</strong></span> <span class='ocrx_word' id='word_1_922' title='bbox 3231 5511 3248 5536; x_wconf 89' lang='lat'><strong>,</strong></span> <span class='ocrx_word' id='word_1_923' title='bbox 3287 5473 3340 5524; x_wconf 80' lang='grc'><strong>1.</strong></span> <span class='ocrx_word' id='word_1_924' title='bbox 3414 5468 3620 5548; x_wconf 56' lang='grc' dir='ltr'><strong>ε-ιιειπ.</strong></span> 
     </span>
    </p>
   </div>
   <div class='ocr_carea' id='block_1_60' title="bbox 389 5538 1876 5617">
    <p class='ocr_par' dir='ltr' id='par_1_60' title="bbox 389 5538 1868 5617">
     <span class='ocr_line' id='line_1_60' title="bbox 389 5538 1868 5617; baseline 0.003 -15"><span class='ocrx_word' id='word_1_925' title='bbox 389 5538 522 5613; x_wconf 76' lang='lat' dir='ltr'><strong>vm&#39;,</strong></span> <span class='ocrx_word' id='word_1_926' title='bbox 566 5549 620 5602; x_wconf 79' lang='lat'><strong>5.</strong></span> <span class='ocrx_word' id='word_1_927' title='bbox 696 5538 1108 5615; x_wconf 63' lang='lat' dir='ltr'><strong>7&#39;Act.x,15.</strong></span> <span class='ocrx_word' id='word_1_928' title='bbox 1184 5538 1606 5617; x_wconf 61' lang='lat' dir='ltr'><strong>°t&#39;Coi.v,7.</strong></span> <span class='ocrx_word' id='word_1_929' title='bbox 1681 5538 1868 5610; x_wconf 72' lang='grc' dir='ltr'><strong>θὶίιιᾱ.</strong></span> 
     </span>
    </p>
   </div>
   <div class='ocr_carea' id='block_1_61' title="bbox 1997 5538 3484 5617">
    <p class='ocr_par' dir='ltr' id='par_1_61' title="bbox 2035 5538 3484 5616">
     <span class='ocr_line' id='line_1_61' title="bbox 2035 5538 3484 5616; baseline -0.009 -11"><span class='ocrx_word' id='word_1_930' title='bbox 2035 5555 2077 5586; x_wconf 72' lang='grc' dir='ltr'><strong>³ο</strong></span> <span class='ocrx_word' id='word_1_931' title='bbox 2112 5553 2338 5606; x_wconf 86' lang='lat' dir='ltr'><strong>Malach.</strong></span> <span class='ocrx_word' id='word_1_932' title='bbox 2395 5566 2448 5603; x_wconf 87' lang='lat' dir='ltr'><strong>tv</strong></span> <span class='ocrx_word' id='word_1_933' title='bbox 2474 5589 2490 5616; x_wconf 92' lang='lat'><strong>,</strong></span> <span class='ocrx_word' id='word_1_934' title='bbox 2544 5548 2599 5601; x_wconf 72' lang='lat'><strong>2.</strong></span> <span class='ocrx_word' id='word_1_935' title='bbox 2679 5538 2719 5578; x_wconf 72' lang='grc' dir='ltr'>ιί</span> <span class='ocrx_word' id='word_1_936' title='bbox 2752 5545 2923 5600; x_wconf 82' lang='lat' dir='ltr'><strong>Exod.</strong></span> <span class='ocrx_word' id='word_1_937' title='bbox 2957 5559 3040 5598; x_wconf 83' lang='lat' dir='ltr'><strong>xvi</strong></span> <span class='ocrx_word' id='word_1_938' title='bbox 3065 5585 3081 5610; x_wconf 96' lang='lat'><strong>,</strong></span> <span class='ocrx_word' id='word_1_939' title='bbox 3106 5542 3214 5609; x_wconf 71' lang='lat'><strong>29;</strong></span> <span class='ocrx_word' id='word_1_940' title='bbox 3244 5556 3410 5608; x_wconf 86' lang='lat' dir='ltr'><strong>xxxv,</strong></span> <span class='ocrx_word' id='word_1_941' title='bbox 3433 5538 3484 5595; x_wconf 78' lang='grc'>5.</span> 
     </span>
    </p>
   </div>
   <div class='ocr_carea' id='block_1_62' title="bbox 463 5641 3205 5715">
    <p class='ocr_par' dir='ltr' id='par_1_62' title="bbox 463 5641 3205 5715">
     <span class='ocr_line' id='line_1_62' title="bbox 463 5641 3205 5715; baseline -0 -18"><span class='ocrx_word' id='word_1_942' title='bbox 463 5645 574 5712; x_wconf 78' lang='lat'><strong>(87)</strong></span> <span class='ocrx_word' id='word_1_943' title='bbox 606 5645 744 5698; x_wconf 82' lang='lat' dir='ltr'><strong>Dici.</strong></span> <span class='ocrx_word' id='word_1_944' title='bbox 779 5645 832 5700; x_wconf 88' lang='lat' dir='ltr'><strong>ln</strong></span> <span class='ocrx_word' id='word_1_945' title='bbox 859 5661 1015 5703; x_wconf 90' lang='lat' dir='ltr'><strong>antea</strong></span> <span class='ocrx_word' id='word_1_946' title='bbox 1047 5649 1208 5704; x_wconf 87' lang='lat' dir='ltr'><strong>editis</strong></span> <span class='ocrx_word' id='word_1_947' title='bbox 1229 5652 1520 5704; x_wconf 85' lang='lat' dir='ltr'><strong>omittitur.</strong></span> <span class='ocrx_word' id='word_1_948' title='bbox 2067 5668 2088 5702; x_wconf 72' lang='grc' dir='ltr'><strong>ι</strong></span> <span class='ocrx_word' id='word_1_949' title='bbox 2123 5648 2245 5703; x_wconf 92' lang='lat' dir='ltr'><strong>audi</strong></span> <span class='ocrx_word' id='word_1_950' title='bbox 2275 5647 2492 5715; x_wconf 84' lang='lat' dir='ltr'><strong>quando</strong></span> <span class='ocrx_word' id='word_1_951' title='bbox 2521 5647 2666 5699; x_wconf 85' lang='lat' dir='ltr'><strong>dicat</strong></span> <span class='ocrx_word' id='word_1_952' title='bbox 2697 5641 3010 5715; x_wconf 86' lang='lat' dir='ltr'><strong>Apostolus,</strong></span> <span class='ocrx_word' id='word_1_953' title='bbox 3044 5661 3062 5693; x_wconf 80' lang='grc' dir='ltr'><strong>ι</strong></span> <span class='ocrx_word' id='word_1_954' title='bbox 3097 5651 3205 5696; x_wconf 87' lang='lat' dir='ltr'><strong>etc.</strong></span> 
     </span>
    </p>
   </div>
   <div class='ocr_carea' id='block_1_63' title="bbox 464 5713 2895 5788">
    <p class='ocr_par' dir='ltr' id='par_1_63' title="bbox 464 5713 2895 5788">
     <span class='ocr_line' id='line_1_63' title="bbox 464 5713 2895 5788; baseline -0.001 -21"><span class='ocrx_word' id='word_1_955' title='bbox 464 5716 573 5784; x_wconf 70' lang='lat'><strong>(88)</strong></span> <span class='ocrx_word' id='word_1_956' title='bbox 607 5717 961 5788; x_wconf 63' lang='lat' dir='ltr'><strong>Abstraheret.</strong></span> <span class='ocrx_word' id='word_1_957' title='bbox 995 5717 1086 5772; x_wconf 93' lang='lat' dir='ltr'><strong>Sic</strong></span> <span class='ocrx_word' id='word_1_958' title='bbox 1115 5722 1322 5774; x_wconf 90' lang='lat' dir='ltr'><strong>rectius</strong></span> <span class='ocrx_word' id='word_1_959' title='bbox 1353 5720 1630 5775; x_wconf 75' lang='lat' dir='ltr'><strong>Rabanns.</strong></span> <span class='ocrx_word' id='word_1_960' title='bbox 1662 5720 1802 5774; x_wconf 87' lang='lat' dir='ltr'><strong>Editi</strong></span> <span class='ocrx_word' id='word_1_961' title='bbox 1829 5735 1956 5774; x_wconf 86' lang='lat' dir='ltr'><strong>vero</strong></span> <span class='ocrx_word' id='word_1_962' title='bbox 2137 5718 2248 5788; x_wconf 86' lang='lat' dir='ltr'><strong>(9i)</strong></span> <span class='ocrx_word' id='word_1_963' title='bbox 2281 5713 2417 5788; x_wconf 80' lang='lat' dir='ltr'><strong>Est.</strong></span> <span class='ocrx_word' id='word_1_964' title='bbox 2443 5716 2601 5788; x_wconf 89' lang='lat' dir='ltr'><strong>Deest</strong></span> <span class='ocrx_word' id='word_1_965' title='bbox 2618 5715 2682 5788; x_wconf 78' lang='lat' dir='ltr'><strong>in</strong></span> <span class='ocrx_word' id='word_1_966' title='bbox 2714 5713 2895 5766; x_wconf 90' lang='lat' dir='ltr'><strong>editis.</strong></span> 
     </span>
    </p>
   </div>
   <div class='ocr_carea' id='block_1_64' title="bbox 392 5780 3028 5856">
    <p class='ocr_par' dir='ltr' id='par_1_64' title="bbox 392 5780 3028 5856">
     <span class='ocr_line' id='line_1_64' title="bbox 392 5780 3028 5856; baseline -0.002 -16"><span class='ocrx_word' id='word_1_967' title='bbox 392 5797 447 5840; x_wconf 89' lang='lat' dir='ltr'><strong>ct</strong></span> <span class='ocrx_word' id='word_1_968' title='bbox 473 5780 601 5856; x_wconf 72' lang='lat' dir='ltr'><strong>inss.</strong></span> <span class='ocrx_word' id='word_1_969' title='bbox 641 5787 834 5851; x_wconf 90' lang='lat' dir='ltr'><strong>nostri,</strong></span> <span class='ocrx_word' id='word_1_970' title='bbox 876 5807 894 5838; x_wconf 77' lang='grc' dir='ltr'><strong>ι</strong></span> <span class='ocrx_word' id='word_1_971' title='bbox 931 5788 1254 5844; x_wconf 86' lang='lat' dir='ltr'><strong>absolveret.</strong></span> <span class='ocrx_word' id='word_1_972' title='bbox 1288 5803 1327 5844; x_wconf 74' lang='grc' dir='ltr'><strong>ι</strong></span> <span class='ocrx_word' id='word_1_973' title='bbox 2137 5780 2248 5856; x_wconf 70' lang='lat'><strong>(92&#39;)</strong></span> <span class='ocrx_word' id='word_1_974' title='bbox 2282 5787 2447 5853; x_wconf 85' lang='lat' dir='ltr'><strong>Editi,</strong></span> <span class='ocrx_word' id='word_1_975' title='bbox 2493 5805 2511 5838; x_wconf 78' lang='grc' dir='ltr'><strong>ι</strong></span> <span class='ocrx_word' id='word_1_976' title='bbox 2542 5784 2784 5856; x_wconf 86' lang='lat' dir='ltr'><strong>objecta,</strong></span> <span class='ocrx_word' id='word_1_977' title='bbox 2819 5801 2836 5833; x_wconf 76' lang='grc' dir='ltr'><strong>ι</strong></span> <span class='ocrx_word' id='word_1_978' title='bbox 2873 5780 3028 5838; x_wconf 90' lang='lat' dir='ltr'><strong>male.</strong></span> 
     </span>
    </p>
   </div>
   <div class='ocr_carea' id='block_1_65' title="bbox 466 5854 1953 5932">
    <p class='ocr_par' dir='ltr' id='par_1_65' title="bbox 466 5854 1519 5932">
     <span class='ocr_line' id='line_1_65' title="bbox 466 5854 1519 5932; baseline 0.025 -6"><span class='ocrx_word' id='word_1_979' title='bbox 466 5854 1139 5932; x_wconf 63' lang='grc' dir='ltr'><strong>(εξηιξιιξιξνιαυίεξιοι</strong></span> <span class='ocrx_word' id='word_1_980' title='bbox 1357 5930 1378 5932; x_wconf 21' lang='grc' dir='ltr'>ξ</span> <span class='ocrx_word' id='word_1_981' title='bbox 1436 5930 1443 5932; x_wconf 54' lang='grc' dir='ltr'><strong>ς</strong></span> <span class='ocrx_word' id='word_1_982' title='bbox 1513 5931 1519 5932; x_wconf 40' lang='grc' dir='ltr'><em>κ</em></span> 
     </span>
    </p>
   </div>
   <div class='ocr_carea' id='block_1_66' title="bbox 1413 5854 2900 5932">
    <p class='ocr_par' dir='ltr' id='par_1_66' title="bbox 1436 5854 2900 5932">
     <span class='ocr_line' id='line_1_66' title="bbox 1436 5854 2900 5932; baseline -0.018 0"><span class='ocrx_word' id='word_1_983' title='bbox 1436 5930 1443 5932; x_wconf 78' lang='lat'><strong><em>_</em></strong></span> <span class='ocrx_word' id='word_1_984' title='bbox 1513 5931 1519 5932; x_wconf 57' lang='lat'><strong><em>,</em></strong></span> <span class='ocrx_word' id='word_1_985' title='bbox 2136 5854 2243 5932; x_wconf 78' lang='grc'><strong>(95)</strong></span> <span class='ocrx_word' id='word_1_986' title='bbox 2273 5858 2432 5924; x_wconf 81' lang='lat' dir='ltr'><strong>Editi,</strong></span> <span class='ocrx_word' id='word_1_987' title='bbox 2472 5875 2490 5909; x_wconf 81' lang='grc' dir='ltr'><strong>ι</strong></span> <span class='ocrx_word' id='word_1_988' title='bbox 2529 5855 2846 5927; x_wconf 76' lang='lat' dir='ltr'><strong>disputatio.</strong></span> <span class='ocrx_word' id='word_1_989' title='bbox 2881 5871 2900 5906; x_wconf 77' lang='grc' dir='ltr'><strong>ι</strong></span> 
     </span>
    </p>
   </div>
   <div class='ocr_carea' id='block_1_67' title="bbox 464 5929 1949 5994">
    <p class='ocr_par' dir='ltr' id='par_1_67' title="bbox 464 5929 1949 5994">
     <span class='ocr_line' id='line_1_67' title="bbox 464 5929 1949 5994; baseline 0.004 -14"><span class='ocrx_word' id='word_1_990' title='bbox 464 5929 575 5994; x_wconf 78' lang='lat'><strong>(90)</strong></span> <span class='ocrx_word' id='word_1_991' title='bbox 613 5929 772 5994; x_wconf 85' lang='lat' dir='ltr'><strong>Editi,</strong></span> <span class='ocrx_word' id='word_1_992' title='bbox 812 5947 830 5979; x_wconf 83' lang='grc'><strong><em>‹</em></strong></span> <span class='ocrx_word' id='word_1_993' title='bbox 871 5929 1258 5986; x_wconf 89' lang='lat' dir='ltr'><strong>dissolvuntur.</strong></span> <span class='ocrx_word' id='word_1_994' title='bbox 1301 5949 1319 5983; x_wconf 80' lang='grc' dir='ltr'><strong>ι</strong></span> <span class='ocrx_word' id='word_1_995' title='bbox 1355 5930 1557 5987; x_wconf 85' lang='lat' dir='ltr'><strong>Deinde</strong></span> <span class='ocrx_word' id='word_1_996' title='bbox 1613 5947 1714 5986; x_wconf 88' lang='lat' dir='ltr'><strong>ms.</strong></span> <span class='ocrx_word' id='word_1_997' title='bbox 1763 5947 1900 5986; x_wconf 90' lang='lat' dir='ltr'><strong>unus</strong></span> <span class='ocrx_word' id='word_1_998' title='bbox 1933 5968 1949 5993; x_wconf 92' lang='lat'><strong>.</strong></span> 
     </span>
    </p>
   </div>
  </div>
