3768 6556
445 444 582 500 1025

1877 451 2128 509 ORIGEN
2134 452 2197 509 IS

3524 461 3655 519 1024

445 562 703 629 regnabat
735 563 788 616 in
813 561 1062 618 omnilms
1084 603 1099 626 ,
1130 579 1234 617 non
1263 561 1529 632 receperit
1556 581 1570 618 :
1601 573 1659 620 ut
1685 566 1824 622 sicut
1853 585 1872 619 ι
1913 583 2010 638 per
2036 574 2082 630 Α
2111 569 2321 624 ceteris
2344 583 2506 624 causa
2541 570 2748 624 exstitit
2773 571 2980 637 mortis,
3009 571 3260 630 Christus
3294 579 3568 632 revocavit
3592 583 3652 636 ad

446 649 718 706 hominem
748 667 917 718 mors,
950 653 1022 708 ita
1069 662 1124 710 et
1173 670 1268 724 per
1311 655 1584 710 hominem
1622 676 1642 709 ›
1676 657 1826 713 ﬁeret
1864 679 1883 711 ι
1919 675 2004 715 re-

446 742 714 796 surrectio
749 755 1080 798 mortuorum
1109 745 1153 775 ’⁷
1186 763 1200 800 :
1237 763 1256 797 ι
1305 756 1360 800 et
1383 747 1522 801 sicut
1570 766 1589 800 ι
1623 750 1786 804 unius
1809 749 2004 805 delicto

447 833 603 888 multi
630 837 825 889 mortui
857 845 1006 900 sunt,
1027 835 1194 890 multo
1224 837 1395 906 magis
1418 838 1587 906 gratia
1606 838 1700 894 Dei
1725 850 1780 896 et
1806 841 2002 895 donum

449 925 503 980 in
546 928 722 996 gratia
772 929 930 983 unius
981 929 1217 984 hominis
1267 929 1392 984 Jesu
1436 933 1636 987 Christi
1684 935 1736 989 in
1760 935 1946 1005 plures
1977 954 1996 988 ι

447 1015 746 1072 abundaret
775 1020 840 1072 ³⁸.
883 1019 996 1074 Non
1032 1031 1213 1076 autem
1245 1022 1449 1090 absque
1476 1024 1739 1092 profunda
1786 1029 2000 1097 sapien-

451 1107 545 1171 tia,
571 1123 732 1176 quam
777 1106 970 1163 Paulus
1015 1111 1158 1164 inter
1203 1111 1472 1180 perfectos
1510 1111 1654 1182 loqui
1685 1128 1743 1168 se
1770 1114 1901 1168 dicit
1934 1115 1999 1181 ",

448 1195 502 1250 in
537 1198 637 1252 hoc
670 1198 790 1253 loco
815 1214 1093 1255 sermones
1124 1217 1248 1255 suos
1290 1203 1603 1260 moderatus
1636 1215 1752 1271 est,
1787 1217 1839 1262 et
1867 1222 2003 1276 quos

437 1275 571 1340 alibi
605 1305 624 1338 ι
663 1302 850 1342 omnes
888 1308 907 1340 ι
957 1291 1206 1354 dixerat,
1242 1291 1332 1346 hic
1367 1311 1388 1345 ‹
1422 1295 1619 1351 multos
1645 1314 1665 1348 ι
1707 1297 1787 1353 vel
1835 1315 1856 1349 σ
1886 1275 2002 1367 plu-

444 1391 532 1430 res
589 1395 610 1428 ι
662 1379 992 1447 appellavit,
1055 1382 1143 1436 ubi
1212 1388 1666 1452 comparationem
1720 1389 1898 1445 dill‘usi
1947 1391 2002 1445 in

442 1481 630 1521 omnes
657 1468 903 1523 homines
935 1474 1140 1539 peccati
1169 1485 1222 1527 et
1252 1477 1442 1530 mortis
1470 1479 1537 1532 ab
1561 1478 1732 1532 Adam
1764 1480 1912 1541 facit,
1947 1488 2004 1535 et

436 1556 847 1626 justillcationis
891 1575 955 1614 ac
997 1561 1119 1615 vita:
1145 1579 1173 1616 a
1198 1564 1449 1630 Christo;
1499 1582 1567 1621 ne
1596 1566 1734 1623 forte
1765 1569 1810 1622 si
1840 1571 2002 1627 abso-

438 1649 549 1703 lute
575 1652 950 1720 pronuntiaret
980 1657 1104 1723 quia
1134 1657 1248 1725 pari
1278 1659 1487 1713 ratione
1516 1668 1675 1729 atque
1699 1663 1884 1717 eodem
1914 1681 2002 1719 or-

440 1740 568 1794 dine
596 1755 703 1808 quo
737 1743 806 1796 ab
837 1743 1007 1798 Adam
1044 1746 1096 1798 in
1125 1761 1311 1801 omnes
1347 1751 1593 1804 homines
1635 1767 1780 1807 mors
1812 1752 2001 1810 dilinsa

442 1834 647 1898 peccati
681 1841 783 1897 est,
823 1835 989 1888 etiam
1028 1836 1346 1905 justiﬁeatio
1380 1850 1434 1894 et
1466 1842 1594 1906 vita,
1628 1858 1748 1912 quae
1774 1860 1803 1898 a
1841 1846 2000 1900 Cbri-

2103 665 2270 718 vitam
2317 682 2332 720 :
2376 672 2439 718 ut
2463 677 2648 718 verum
2674 663 2745 718 sit
2771 663 2901 719 illud
2949 667 3092 736 quod
3123 666 3176 720 in
3202 670 3654 736 consequentibus

2102 754 2290 810 scribit
2337 753 2626 824 Apostolus
2657 754 2703 786 ³³
2725 793 2741 817 ,
2775 754 2900 823 quia
2940 772 2958 806 ε
2993 755 3131 811 sicut
3157 771 3254 826 per
3281 758 3444 813 unius
3487 761 3654 814 homi-

2101 846 2188 898 nis
2216 845 2468 898 delictum
2524 845 2578 898 in
2621 844 3126 902 condemnationem
3168 850 3362 905 mortis
3391 851 3444 904 in
3473 866 3653 907 omnes

2103 935 2349 989 homines
2372 973 2389 1001 ,
2425 936 2496 989 ita
2527 944 2580 990 et
2609 949 2704 1002 per
2731 936 2889 990 unius
2921 939 3148 1006 gratiam
3183 938 3235 992 iu
3263 954 3458 996 omnes
3490 943 3654 995 homi-

2102 1040 2198 1080 nes
2230 1025 2746 1094 injustiﬁcationem
2792 1028 2917 1083 vitae
2945 1029 3042 1100 (6).
3079 1047 3098 1080 ›
3139 1029 3314 1085 Homo
3357 1039 3538 1085 autem
3578 1042 3652 1087 est

2101 1119 2260 1188 etiam
2289 1119 2456 1172 Adam
2489 1135 2503 1172 :
2534 1133 2662 1190 ergo
2691 1121 2818 1174 etin
2841 1123 3012 1189 ipsum
3033 1121 3350 1189 iustiﬁcatio
3381 1124 3506 1177 vita:
3533 1139 3649 1194 per-

2100 1211 2303 1264 veniet.
2342 1209 2446 1266 Sed
2482 1211 2626 1266 dices
2655 1210 2929 1266 iortasse:
2966 1213 3022 1266 Si
3059 1229 3168 1268 uno
3206 1226 3475 1282 peccante
3517 1232 3652 1272 mors

2101 1300 2154 1354 in
2180 1315 2367 1355 omnes
2398 1301 2642 1356 homines
2664 1302 3070 1371 pertransiit,et
3097 1319 3287 1359 rursus
3317 1305 3482 1359 unius
3503 1305 3652 1374 justi-

2101 1390 2172 1445 tia
2209 1393 2262 1445 in
2295 1405 2483 1447 omnes
2504 1391 2750 1446 homines
2766 1392 3082 1460 jnstiﬁcatio
3110 1394 3235 1448 vitae
3256 1397 3526 1464 pervenit,
3568 1413 3652 1450 ne-

2099 1496 2205 1552 que
2235 1491 2292 1536 ut
2320 1498 2652 1538 moreremur
2677 1483 2878 1552 aliquid
2907 1483 3059 1537 nobis
3086 1493 3297 1552 gestum
3328 1495 3413 1540 est
3433 1527 3449 1552 ,
3489 1503 3651 1556 neque

2101 1585 2162 1627 ut
2203 1573 2467 1636 vivamus,
2519 1579 2612 1628 sed
2643 1583 2726 1629 est
2754 1573 2944 1628 mortis
2985 1575 3201 1644 quidem
3253 1590 3417 1632 causa
3467 1580 3647 1645 Adam,

2099 1663 2224 1718 vita:
2265 1673 2449 1718 autem
2495 1663 2763 1719 Christus.
2827 1663 3068 1719 Diximus
3113 1664 3332 1733 quidem
3375 1667 3489 1737 jam
3522 1670 3648 1723 etin

2099 1755 2488 1823 superioribus,
2516 1757 2657 1823 quod
2683 1765 2937 1824 parentes
2960 1772 3065 1810 non
3098 1757 3271 1812 solum
3301 1771 3563 1829 generant
3591 1761 3650 1815 ﬁ-

2100 1846 2220 1910 lios,
2259 1847 2352 1900 sed
2381 1855 2436 1900 et
2467 1846 2745 1908 imbuunt;
2775 1856 2828 1901 et
2863 1847 2952 1913 qui
2985 1857 3300 1916 nascuntur,
3349 1865 3461 1906 non
3490 1851 3650 1907 solum

438 1929 524 1974 sto
548 1932 664 1988 est,
700 1923 750 1975 in
781 1938 971 1979 onmes
1019 1927 1266 1982 homines
1299 1929 1656 1997 diﬂ'unditur,
1708 1935 2001 1991 resolveret
2030 1961 2072 2016 Β
2103 1937 2195 1992 lilii
2231 1937 2576 2008 parentibus,
2628 1938 2725 1993 sed
2771 1948 2826 1994 et
2856 1939 3102 2008 discipuli
3129 1940 3299 2004 ﬁunt,
3332 1951 3389 1995 et
3416 1956 3522 1996 non
3551 1951 3651 1998 tan

435 2013 708 2067 auditores
752 2014 864 2084 (5),
916 2025 969 2068 et
1010 2017 1288 2087 segniores
1321 2020 1510 2074 liereut
1540 2039 1666 2091 erga
1707 2026 1998 2079 observan-

437 2105 591 2173 tiam,
623 2106 760 2160 certi
786 2108 853 2162 de
885 2111 1178 2165 securitate
1224 2111 1348 2165 vita:
1371 2129 1490 2182 qua:
1520 2115 1570 2168 in
1601 2131 1788 2172 omnes
1827 2117 2003 2172 homi-

437 2211 534 2250 nes
565 2211 661 2264 per
700 2197 898 2252 Christi
932 2200 1159 2269 gratiam
1192 2204 1513 2259 traderetur.
1577 2207 1642 2261 Et
1679 2207 1800 2262 ideo
1829 2210 1998 2278 repri-

437 2287 534 2340 mit
556 2287 632 2357 (4)
657 2302 983 2354 sermonem,
1013 2301 1068 2344 et
1097 2305 1205 2346 non
1234 2309 1422 2349 omnes
1457 2295 1700 2353 homines
1729 2299 1890 2360 (sicut
1921 2315 2002 2354 so-

437 2379 512 2433 let
559 2381 612 2434 in
661 2383 900 2454 caeteris)
928 2387 1098 2454 ponit,
1132 2388 1225 2441 sed
1255 2387 1472 2453 multos,
1503 2391 1592 2458 qui
1621 2390 1778 2446 unius
1806 2392 2002 2447 delicto

436 2478 749 2538 peccatores
782 2476 1060 2529 constituti
1092 2485 1222 2531 sunt
1252 2495 1266 2531 :
1299 2486 1354 2532 et
1382 2493 1595 2532 rursum
1625 2479 1676 2532 in
1705 2479 1875 2550 gratia
1910 2482 1999 2536 Dei

437 2562 635 2615 donum
683 2577 780 2632 per
825 2580 992 2620 unum
1041 2567 1315 2624 hominem
1341 2569 1525 2626 Jesum
1553 2572 1825 2627 Christum
1849 2613 1865 2639 ,
1895 2590 1999 2629 non

435 2653 491 2707 in
516 2670 730 2721 omnes,
769 2660 864 2713 sed
901 2661 954 2714 in
985 2661 1172 2730 plures
1213 2665 1411 2719 asserit
1440 2665 1716 2721 abundare
1758 2685 1772 2720 :
1808 2683 1914 2738 quo
1946 2680 2001 2722 et

436 2744 857 2814 negligentiores
893 2761 1035 2804 metu
1081 2755 1376 2823 suspendat
1421 2771 1484 2810 ac
1526 2757 1788 2813 sollicitos
1817 2759 1999 2827 faciat,

434 2842 490 2887 et
518 2837 932 2904 perfectioribus
959 2842 1154 2898 divina:
1182 2845 1442 2901 bonitatis
1479 2849 1686 2903 secreta
1717 2866 1822 2905 non
1855 2850 2002 2907 clau—

433 2925 546 2981 dat.
584 2928 728 2985 Bene
755 2945 935 2987 autem
959 2936 1084 3005 quia
1119 2936 1304 3006 plures
1333 2940 1508 3008 posuit
1538 2940 1604 2994 ad
1636 2936 1776 3010 quos
1801 2943 1999 2998 donum

431 3022 619 3088 gratire
643 3027 897 3095 pertinet,
925 3042 1086 3099 quam
1128 3046 1222 3088 eos
1247 3035 1339 3104 qui
1382 3036 1540 3092 unius
1571 3038 1766 3092 delicto
1795 3039 1992 3093 consti-

433 3112 534 3166 tuti
568 3125 692 3170 sunt
742 3130 1080 3187 peccatores.
1145 3123 1201 3177 ln
1237 3141 1344 3194 quo
1378 3127 1616 3183 arbitror
1655 3131 1870 3199 quidem
1902 3131 2000 3185 ali-

434 3202 562 3269 quid
590 3214 643 3259 et
665 3206 882 3264 latentis
913 3227 1032 3266 esse
1068 3216 1312 3283 mysterii
1347 3237 1358 3270 :
1390 3219 1512 3284 quia
1540 3228 1594 3272 et
1623 3219 1754 3274 alibi
1780 3219 1825 3251 '°
1849 3235 1998 3274 mor-

2102 2040 2293 2083 natura
2340 2038 2598 2098 urgentur
2649 2028 2699 2082 in
2747 2040 2973 2084 mortem
3023 2031 3252 2098 peccati,
3305 2046 3470 2102 quam
3503 2034 3654 2087 disci-

2100 2118 2265 2189 plina.
2304 2117 2462 2174 Verbi
2488 2134 2650 2175 causa
2681 2120 2758 2189 (7)
2782 2119 2948 2183 enim,
2980 2121 3023 2174 si
3059 2121 3181 2190 quis
3205 2137 3234 2174 a
3269 2121 3384 2179 Deo
3407 2123 3652 2177 recedens

2101 2212 2239 2266 idola
2277 2213 2450 2279 colat,
2488 2227 2663 2267 nonne
2688 2213 2946 2268 continuo
2973 2213 3136 2267 etiam
3167 2214 3308 2269 lilios
3329 2215 3375 2269 si
3413 2218 3651 2285 genuerit

2101 2305 2316 2360 docebit
2347 2305 2486 2360 idola
2512 2304 2589 2376 (8)
2623 2308 2891 2370 venerari,
2942 2315 2996 2360 et
3040 2305 3309 2361 sacriﬁcia
3340 2305 3535 2361 oﬂ’erre
3557 2310 3654 2360 alae-

2097 2396 2336 2451 moniis?
2381 2395 2493 2451 Hoc
2541 2397 2833 2452 secundum
2865 2398 3033 2452 Adam
3061 2397 3230 2460 facit,
3265 2407 3322 2451 et
3355 2398 3408 2450 in
3441 2397 3544 2452 hoc
3572 2414 3653 2451 re-

2099 2497 2227 2558 gnat
2272 2503 2417 2544 mors
2460 2489 2530 2544 ab
2559 2490 2750 2552 Adam,
2789 2489 2890 2544 boc
2931 2497 3014 2543 est
3077 2504 3107 2542 a
3144 2489 3456 2553 nativitate,
3493 2506 3654 2558 usque

2100 2580 2168 2634 ad
2200 2579 2334 2650 legis
2382 2590 2610 2648 tempus,
2653 2596 2760 2650 quo
2805 2581 2869 2636 ad
2902 2581 3290 2636 discretionem
3320 2583 3457 2636 recti
3488 2583 3655 2651 pravi-

2099 2685 2206 2740 que
2236 2669 2416 2741 Operis
2447 2670 2670 2724 veniens
2693 2710 2709 2735 ,
2740 2685 2907 2738 capax
2939 2670 3138 2726 Christi
3183 2670 3372 2742 gratiae
3402 2671 3536 2725 ellici
3568 2688 3655 2742 po-

2101 2771 2206 2818 test
2239 2781 2252 2816 :
2287 2772 2340 2818 et
2366 2762 2439 2817 ibi
2462 2761 2716 2830 relinquit
2740 2762 2910 2816 Adam
2942 2761 3034 2830 qui
3075 2775 3196 2815 eum
3222 2762 3308 2816 vel
3341 2764 3544 2833 genuit,
3578 2763 3654 2818 vel

2099 2855 2284 2911 docuit
2320 2856 2373 2910 in
2402 2865 2652 2920 mortem,
2687 2863 2743 2908 et
2776 2853 3022 2922 sequitur
3046 2851 3348 2917 Christum,
3401 2855 3496 2922 qui
3537 2869 3652 2908 eum

2098 2957 2153 3001 et
2181 2947 2364 3011 docet,
2413 2955 2464 3000 et
2494 2944 2665 3016 gignit
2696 2944 2760 2998 ad
2792 2945 2980 2997 vitam.
3017 2943 3112 2996 Vis
3143 2953 3327 2997 autem
3363 2944 3508 2997 scire
3533 2944 3651 3012 quia

2100 3053 2205 3092 non
2233 3035 2407 3091 solum
2435 3034 2735 3089 nativitatis
2755 3073 2771 3101 ,
2803 3035 2898 3088 sed
2950 3041 3005 3088 et
3036 3034 3300 3088 doctrinae
3329 3044 3442 3100 est,
3474 3035 3526 3088 in
3555 3049 3654 3102 quo

2100 3143 2244 3184 mors
2276 3128 2522 3196 regnavit
2565 3127 2631 3180 ab
2661 3125 2870 3179 Adam?
2920 3125 3076 3180 Disce
3108 3124 3213 3180 hoc
3242 3140 3313 3180 ex
3344 3126 3650 3180 contrariis.

2100 3220 2311 3275 Etenim
2347 3219 2604 3274 Dominus
2647 3215 2804 3272 Jesus
2851 3215 3100 3272 Christus
3128 3232 3254 3272 cum
3281 3217 3521 3271 venisset
3545 3232 3654 3284 qua:

433 3303 538 3349 tem
566 3297 696 3353 dicit
727 3315 982 3368 regnasse
1015 3306 1082 3358 ab
1113 3305 1284 3359 Adam
1319 3322 1489 3376 usque
1515 3311 1578 3362 ad
1612 3309 1853 3382 Moysen,
1890 3327 1995 3366 non
2024 3317 2066 3374 C
2100 3326 2385 3380 perperam
2412 3318 2562 3380 gesta
2599 3308 2816 3362 fuerant
2856 3305 3181 3371 emendare,
3215 3320 3315 3380 pro
3343 3320 3411 3360 eo
3438 3306 3574 3374 quod
3600 3305 3646 3356 iu

433 3385 487 3440 in
516 3403 728 3456 omnes,
757 3393 850 3446 sed
882 3394 935 3446 in
965 3410 1059 3448 eos
1090 3406 1320 3463 tantmn,
1356 3401 1447 3470 qui
1485 3404 1777 3457 secundum
1805 3404 1996 3458 simili-

434 3480 676 3534 tudinem
715 3487 1181 3552 przevaricationis
1220 3492 1348 3545 Adae
1377 3505 1756 3561 peccaverunt.
1792 3495 1994 3553 Tamen

430 3578 486 3621 et
537 3570 864 3638 simpliciore
898 3577 1173 3634 intellectu
1219 3592 1391 3650 potest
1439 3585 1606 3640 videri
1653 3588 1771 3640 ideo
1817 3588 1996 3657 plures

431 3659 626 3729 dictos,
659 3665 783 3733 quia
815 3670 1060 3736 quamvis
1094 3673 1184 3740 qui
1217 3689 1280 3727 ex
1311 3674 1478 3729 Adam
1523 3687 1836 3746 peccatores
1867 3679 1994 3734 facti

434 3759 558 3804 sunt
593 3753 744 3808 mulli
777 3758 915 3823 sint,
951 3770 1127 3815 tamen
1164 3765 1253 3833 qui
1284 3779 1380 3831 per
1422 3768 1650 3833 gratiam
1684 3769 1884 3825 Christi
1917 3771 1997 3825 vi-

431 3841 722 3899 vificantur
746 3847 866 3902 ideo
895 3849 1072 3917 plures
1097 3854 1226 3907 dicti
1257 3864 1381 3908 sunt
1417 3855 1530 3926 (5),
1557 3859 1681 3927 quia
1707 3860 1870 3914 etiam
1909 3861 1997 3917 ille

432 3931 546 4002 ipse
593 3951 659 3990 ex
708 3953 816 4008 quo
862 3942 916 3994 in
965 3954 1192 3999 cancros
1237 3962 1382 4000 mors
1413 3949 1619 4017 peccati
1665 3949 1857 4005 diliusa
1890 3961 1994 4017 est,

431 4026 649 4082 additur
698 4048 927 4087 numero
976 4050 1208 4103 eorum,
1247 4053 1312 4094 eo
1361 4039 1502 4108 quod
1554 4055 1674 4095 cum
1722 4044 1993 4110 omnibus,

430 4114 566 4186 quos
596 4120 708 4191 ipse
737 4124 939 4179 fecerat
970 4127 1068 4182 sub
1097 4129 1290 4184 delicto
1311 4170 1328 4198 ,
1386 4134 1550 4187 etiam
1588 4134 1701 4202 ipse
1729 4135 1992 4202 salvetur,

431 4209 572 4264 sicut
613 4213 678 4268 de
724 4206 1005 4284 Sapientia
1056 4218 1301 4275 dicitur:
1341 4240 1361 4274 ι
1395 4224 1538 4292 Haec,
1577 4245 1596 4279 ι
1633 4227 1826 4294 inquit,
1867 4245 1886 4278 ι
1926 4227 1994 4280 il-

433 4297 566 4366 lum,
597 4305 688 4372 qui
719 4307 925 4375 primus
956 4307 1128 4364 factus
1155 4321 1260 4377 est,
1282 4323 1491 4380 patrem
1519 4317 1724 4382 mundi,
1759 4331 1878 4370 cum
1909 4332 1998 4371 so-

431 4387 515 4445 lus
565 4404 709 4448 esset
755 4407 998 4465 creatus,
1034 4403 1361 4467 custodivit,
1393 4415 1448 4460 et
1478 4406 1730 4460 liberavit
1774 4422 1896 4461 eum
1930 4407 1997 4462 de

431 4492 657 4548 peccato
683 4500 782 4540 suo
809 4487 873 4542 ³¹.
903 4508 924 4541 ι
958 4489 1085 4556 Quae
1109 4502 1191 4547 est
1221 4505 1402 4549 autem
1427 4497 1543 4551 haec
1571 4497 1846 4566 Sapientia
1877 4513 1996 4566 qua:

433 4573 664 4638 primum
718 4577 988 4635 hominem
1040 4583 1290 4641 liberavit
1335 4587 1404 4643 de
1447 4599 1668 4659 peccatu
1713 4605 1844 4656 suo,
1890 4590 1995 4646 nisi

2101 3413 2327 3458 mortem
2357 3411 2638 3472 generaret
2662 3399 2750 3454 illa
2775 3413 2894 3468 qua:
2922 3412 2989 3451 ex
3012 3397 3184 3452 Adam
3210 3395 3470 3452 veniebat
3490 3396 3651 3465 prima

2098 3496 2390 3556 nativitas,
2432 3491 2733 3548 introduxit
2763 3489 3054 3546 secundam
3087 3488 3428 3543 nativitatem
3454 3527 3470 3551 ,
3503 3504 3650 3556 quam

2097 3604 2203 3641 non
2243 3597 2347 3639 tam
2372 3585 2792 3656 generationem,
2821 3580 2984 3653 555
3003 3595 3164 3650 quam
3199 3579 3648 3650 regenerationem

2097 3677 2381 3746 appellavit
2410 3675 2484 3745 (9)
2512 3715 2528 3740 ,
2579 3689 2675 3745 per
2708 3688 2871 3743 quam
2918 3672 3036 3725 sine
3059 3671 3224 3724 dubio
3258 3670 3448 3724 vitium
3479 3669 3650 3738 prinue

2098 3769 2399 3823 nativitatis
2433 3765 2674 3821 aboleret
2702 3783 2716 3818 :
2749 3773 2804 3818 et
2828 3763 2968 3816 sicut
2999 3759 3335 3829 generationi
3387 3758 3652 3814 substituit

2097 3857 2590 3930 regenerationem,
2609 3858 2679 3910 ita
2715 3863 2768 3909 et
2789 3853 3048 3907 doctrinae
3065 3850 3179 3920 (10)
3197 3850 3476 3904 substituit
3499 3849 3650 3902 aliam

2097 3952 2419 4005 doctrinam.
2484 3948 2696 4002 Ilittens
2735 3946 2933 4002 etenim
2967 3944 3034 3997 ad
3066 3943 3170 3996 hoc
3201 3957 3339 4011 opus
3370 3939 3650 4008 discipulos

2095 4057 2240 4108 suos,
2275 4057 2380 4096 non
2406 4041 2545 4094 dixit
2580 4048 2785 4093 tantum
2820 4055 2834 4090 :
2870 4036 2965 4102 Ite,
2991 4034 3274 4101 baptizate
3310 4048 3498 4087 omnes
3526 4047 3646 4101 gen—

2094 4145 2208 4203 tes;
2243 4137 2335 4190 sed
2365 4135 2440 4189 ait
2468 4123 2480 4188 ὲ
2521 4152 2540 4185 ι
2571 4133 2680 4194 lte,
2709 4133 2896 4185 docete
2925 4143 3114 4185 omnes
3146 4135 3356 4198 gentes,
3387 4129 3651 4195 baptizan-

2097 4239 2176 4283 tes
2203 4242 2298 4283 eos
2326 4227 2377 4280 in
2410 4224 2628 4280 nomine
2658 4222 2873 4285 Patris,
2903 4231 2957 4274 et
2987 4219 3108 4274 Filii
3134 4260 3150 4284 ,
3179 4228 3236 4274 et
3265 4219 3500 4288 Spiritus
3530 4231 3650 4269 san.

2094 4319 2166 4374 cti
2198 4318 2265 4372 ³⁸.
2292 4337 2310 4370 ι
2352 4316 2543 4372 Sciens
2575 4315 2737 4384 igitur
2763 4323 3053 4382 utrumque
3080 4327 3200 4367 esse
3227 4312 3279 4365 in
3314 4310 3493 4379 culpa,
3524 4307 3651 4360 utri-

2093 4426 2198 4482 que
2249 4409 2548 4464 remedium
2597 4407 2744 4462 dedit
2785 4406 2934 4476 (ll),
2993 4415 3050 4456 ut
3092 4402 3372 4470 generatio
3420 4397 3648 4454 mortalis

2093 4505 2509 4574 rcgenerationc
2563 4499 2817 4570 baptismi
2871 4507 3216 4560 mutaretur,
3271 4506 3328 4550 et
3375 4492 3651 4562 impietatis

2095 4594 2400 4651 doctrinam
2447 4592 2691 4648 doctrina
2741 4590 2962 4660 pietatis
3013 4587 3327 4644 excluderet
3358 4585 3489 4656 (l2).
3541 4583 3650 4637 Non

430 4661 696 4734 Christus,
725 4670 814 4738 qui
843 4681 925 4725 est
949 4674 1040 4728 Dei
1072 4678 1244 4732 virtus
1276 4688 1330 4734 et
1357 4681 1450 4735 Dei
1484 4683 1749 4750 sapientia
1779 4681 1870 4736 "‘3
1900 4683 1992 4738 Sic
2023 4674 2066 4729 Ι)
2095 4699 2225 4753 ergo
2254 4683 2387 4738 nihil
2413 4681 2764 4752 peccantibus
2811 4677 2964 4733 nobis
2995 4693 3145 4732 mors
3179 4676 3428 4745 regnavit
3476 4675 3525 4728 in
3557 4689 3652 4727 no—

429 4770 558 4828 ergo
585 4759 767 4828 plures
797 4761 1047 4820 Christus
1079 4768 1285 4822 reducit
1310 4770 1376 4823 ad
1409 4772 1592 4837 vitam,
1626 4788 1786 4842 quam
1816 4774 1986 4827 Adam

429 4849 582 4904 duxit
629 4855 694 4909 ad
745 4866 973 4913 mortem
1025 4876 1040 4913 :
1091 4862 1214 4930 quia
1263 4864 1424 4918 etiam
1478 4865 1649 4935 ipsum
1675 4866 1987 4936 Adam,qui

498 4991 587 5071 ιζ]
615 4993 740 5071 Cor.
762 5012 853 5071 ῃ,
885 4999 977 5054 21.
1046 5001 1092 5034 ’⁸
1119 5001 1276 5056 Rom.
1300 5017 1355 5071 v,
1385 5005 1470 5060 l5.

426 5073 478 5125 ν,
509 5062 595 5118 l8.
687 5065 732 5097 “
764 5066 952 5123 Matth.
989 5087 1181 5137 xxvm,
1211 5073 1298 5126 19.

500 5173 574 5243 (3)
609 5173 771 5242 Editi,
811 5197 830 5230 ‹
870 5182 1270 5238 resolverentur
1297 5185 1590 5240 auditores.
1628 5205 1648 5237 ι

615 5244 780 5320 Erilli,
813 5267 832 5299 ι
869 5249 1152 5320 imprimit.
1188 5271 1207 5305 ι

502 5313 576 5379 (δ)
615 5314 782 5377 Alias,
807 5333 838 5368 -‹
872 5313 1002 5374 dicti
1029 5322 1155 5376 sint.
1199 5343 1218 5376 ι

501 5382 576 5450 (6)
618 5383 709 5437 Sic
760 5396 906 5441 recte
951 5405 1054 5444 ms.
1112 5409 1270 5447 unus.
1333 5393 1474 5447 Editi
1522 5408 1651 5448 vero
1703 5403 1757 5445 et
1813 5393 1991 5446 caueri

431 5467 588 5517 mss.,
629 5471 660 5534 ί¹
681 5454 804 5534 quia
837 5457 1189 5534 primus_[al.,
1231 5482 1250 5513 ι
1283 5479 1377 5529 per
1405 5464 1564 5534 unius
1602 5463 1650 5534 ι]
1675 5465 1900 5534 gratiam
1939 5463 1991 5534 in

432 5537 622 5605 quinas
647 5523 894 5605 homines
930 5523 1318 5605 justilicatlone
1344 5535 1495 5605 vitae;
1535 5531 1568 5605 [ί
1592 5523 1718 5605 ³1ᾎῖ
1752 5534 1801 5586 in
1828 5531 1993 5605 justi-

436 5591 1394 5710 ﬁcqtionemvitaap'alq«iustiﬁcatio
1418 5591 1501 5658 est
1525 5591 1692 5676 vitae],
1731 5622 1750 5656 ι
1783 5591 1998 5657 omissis

434 5676 515 5716 cae
544 5675 674 5713 eris.

467 5800 481 5810 _
513 5730 590 5797 (7)
626 5731 798 5794 Alias,
832 5749 850 5782 ι
885 5749 1042 5801 quam
1072 5738 1414 5810 discipulatu.
1468 5741 1605 5798 Nam
1631 5743 1779 5799 verbi
1811 5757 1994 5808 causa,

438 5811 784 5940 δ”ξεῖῗξὶυιω
816 5868 976 5928 Deest
1004 5873 1056 5928 in
1087 5886 1244 5931 antea
1273 5878 1452 5933 editis.

2095 4776 2178 4830 his
2204 4793 2218 4829 :
2247 4775 2390 4830 sicut
2416 4789 2626 4828 rursum
2659 4787 2763 4826 non
2796 4769 2987 4824 otiosis
3035 4767 3213 4834 nobis,
3253 4778 3304 4821 et
3335 4765 3467 4820 nihil
3497 4779 3652 4833 agent-

2095 4865 2239 4920 tibus
2287 4866 2393 4917 vita
2447 4863 2691 4934 regnabit
2732 4862 2786 4915 in
2833 4859 3008 4914 nobis.
3052 4858 3157 4912 Sed
3205 4856 3414 4910 initium
3445 4855 3648 4924 quidem

1547 5006 1590 5038 "
1616 5007 1636 5061 l
1659 5008 1781 5062 Cor.
1814 5021 1874 5072 ll,
1897 5005 1952 5060 6.

2103 5003 2248 5058 Rom.
2275 5016 2330 5067 v,
2362 4999 2448 5052 Η.
2505 4997 2548 5029 ⁸¹
2576 4995 2703 5065 Sap.
2733 5011 2788 5063 χ,
2819 4999 2868 5051 l.
2945 4993 2990 5026 ³⁸
3011 4995 3028 5048 l
3051 4995 3175 5048 Cor.
3206 5008 3244 5058 ι,
3271 4992 3363 5046 24.
3437 4990 3644 5042 "lium.

2172 5180 2248 5249 (9)
2288 5177 2472 5244 Editi,
2523 5194 2542 5228 ι
2577 5191 2735 5244 quam
2791 5177 3251 5246 regenerationem
3298 5171 3593 5249 appellavit.
3626 5188 3643 5220 ι

2100 5247 2237 5306 Mss.
2264 5249 2501 5317 quidam,
2533 5265 2552 5298 ι
2579 5249 2720 5316 quod
2754 5262 2863 5302 non
2895 5255 3002 5300 tam
3030 5247 3362 5318 regenerari,
3386 5258 3542 5313 quam
3569 5257 3652 5292 re-

2101 5319 2357 5390 generari
2385 5318 2689 5390 appellavit.
2712 5335 2747 5390 _s

2173 5391 2282 5460 (l0)
2322 5382 2498 5460 Ediji,
2529 5406 2554 5460 Δι
2593 5395 2647 5460 et
2680 5387 2820 5460 sicut
2853 5385 3256 5460 generationem
3292 5402 3311 5436 ι
3358 5382 3484 5455 [al.,
3518 5396 3534 5432 r
3562 5394 3651 5449 ge-

2101 5455 2434 5527 nerationii]
2460 5457 2760 5518 substituit,
2793 5458 2861 5508 ita
2891 5464 2945 5509 et
2977 5456 3258 5527 doctrinm,
3289 5465 3444 5527 rete.

2177 5531 2286 5602 (ll)
2325 5525 2492 5602 Alias,
2530 5545 2548 5579 ι
2588 5536 2874 5602 utrumque
2905 5525 3390 5602 remediunndedit.
3422 5541 3442 5574 ι
3469 5588 3502 5602 γ’

2176 5595 2287 5666 (12)
2327 5598 2498 5662 Alias,
2537 5616 2558 5647 ι
2587 5606 2642 5666 et
2683 5595 3013 5666 impietatem
3050 5595 3296 5666 doctrina
3324 5595 3648 5666 pietatisex-

2104 5655 2379 5730 clu'deret;
2436 5685 2454 5717 ι
2485 5655 2670 5720 'male.
2734 5655 2932 5718 Deinde
2974 5655 3388 5730 Cenehrardus,
3448 5679 3465 5714 ι
3503 5655 3646 5709 Tunc

2105 5754 2263 5810 ergo;
2303 5759 2321 5789 ι
2360 5729 2682 5810 Salodi_anus
2731 5744 2785 5787 et
2835 5734 3130 5810 Merlinns,
3172 5750 3191 5782 ι
3230 5729 3383 5810 Nunc
3426 5742 3574 5798 ergo;
3623 5745 3641 5776 ι

2106 5801 2198 5863 sed
2229 5801 2354 5863 mss.
2385 5808 2553 5861 nostri
2598 5819 2820 5870 onmes,
2855 5822 2873 5853 ε
2907 5801 3019 5856 Non
3059 5818 3206 5872 ergo.
3248 5822 3266 5853 ι
3308 5801 3494 5855 Postea
3525 5810 3647 5851 vero

2107 5881 2197 5935 alii
2225 5879 2444 5942 habent,
2486 5896 2504 5928 ί
2543 5873 2801 5946 regnavit,
2837 5892 2856 5925 ι
2887 5874 2998 5940 alii,
3037 5894 3054 5924 ι
3095 5873 3354 5941 regnabit.
3393 5893 3411 5923 ι
