3768 6534
80 366 184 424 1025
977 355 1334 416 COMMENT.
1375 355 1442 410 IN
1477 354 1616 410 EPIS

1750 353 1819 408 ιι)
1857 353 2025 410 ROM.
2064 353 2194 410 LIB.
2235 355 2300 410 V.
3131 353 3272 411 ωεσ

78 492 172 543 vita:
191 485 339 538 datur
375 498 404 536 a
435 481 688 546 Christo,
723 495 827 535 non
857 480 1043 535 invitis
1066 522 1080 544 ,
1114 481 1207 536 sed
1239 479 1606 543 credentibus,
1637 482 1680 539 Α
1711 477 1959 546 putabit?
2015 475 2182 548 Igitur
2210 493 2276 532 ex
2306 491 2414 530 uno
2444 477 2662 545 quidem
2698 477 2866 532 Adam
2900 477 3062 546 coepit
3088 476 3141 531 in
3170 477 3274 532 hoc

78 589 118 633 et
138 572 434 645 pervenitur
482 573 549 626 ad
585 569 966 640 perfectionem
993 570 1118 623 vita:
1141 565 1476 638 perfectione
1500 564 1610 618 virv
1710 568 1911 622 mundo
1960 580 2188 636 regnare
2235 574 2554 634 peccatum,
2588 576 2644 620 et
2688 567 2929 634 regnavit
2963 568 3013 619 in
3060 583 3152 619 eos
3180 565 3274 632 qui

79 678 213 722 tutum
235 698 271 729 ,-
301 664 450 718 sicut
477 673 534 718 et
565 663 617 717 in
648 671 874 717 mortem
901 660 1098 714 dudum
1143 655 1606 730 prmvaricationis
1707 660 1877 714 secuti
1907 667 2032 713 sunt
2063 657 2527 728 praevaricationis
2557 658 2685 711 Adae
2735 657 3139 712 similitudinem
3171 673 3186 710 :
3219 665 3276 711 et

78 756 402 814 similitudine
427 764 484 810 et
508 757 765 810 vitiorum
801 753 1110 822 expletione
1157 759 1476 821 perventum
1501 755 1603 802 est.
1710 750 1831 806 ideo
1869 768 1890 802 ς
1919 750 2181 820 judicium
2207 763 2271 803 ex
2299 763 2408 801 uno
2437 748 2488 801 in
2511 747 3020 804 condemnationem
3050 747 3132 811 ης
3175 765 3193 800 ι
3221 755 3279 802 et

79 854 123 906 Et
145 848 380 918 quamvis
409 857 667 915 tanquam
705 846 938 916 prudens
967 845 1308 914 dispensator
1331 839 1480 894 verbi
1516 840 1606 894 Dei
1711 857 1923 896 rursum
1957 855 2057 910 per
2088 855 2252 894 unum
2298 837 2578 892 Dominmn
2615 849 2857 892 nostrum
2901 837 3082 894 Jesum
3115 837 3276 892 Chri-

63 943 306 1016 apostolus
354 940 562 996 Paulus
602 939 814 994 occulta
848 940 964 992 haec
1004 937 1055 990 in
1087 935 1307 990 Litteris
1345 933 1458 987 suis
1489 945 1609 986 esse
1709 946 1852 989 stum
1889 935 2062 1000 gratia
2109 947 2342 1004 regnare
2385 932 2548 1001 coepit
2594 947 2688 1002 per
2732 931 3034 999 justitiam;
3068 945 3187 1000 quze
3224 939 3282 986 et

60 1029 266 1089 lvoluerit
297 1040 356 1088 et
381 1033 629 1096 obtecta,
668 1029 896 1086 inseruit
926 1039 1125 1090 tamen,
1155 1041 1253 1082 nec
1283 1026 1432 1081 siluit
1468 1026 1521 1078 in
1543 1039 1608 1080 eo
1712 1024 1956 1096 regnabit
1986 1025 2039 1079 in
2068 1024 2321 1078 omnibus
2349 1025 2440 1093 qui
2469 1023 2729 1078 obediunt
2758 1022 2829 1085 ei,
2876 1033 2932 1076 et
2969 1022 3281 1076 custodiunt

77 1127 140 1180 tibi
169 1126 288 1180 dicit
340 1142 354 1178 :
408 1143 426 1176 ι
467 1123 572 1179 Sed
599 1123 841 1194 regnavit
869 1134 1015 1176 mors
1044 1121 1111 1173 ab
1139 1119 1311 1174 Adam
1341 1131 1512 1186 usque
1540 1115 1606 1169 ad
1707 1115 1869 1170 verba
1899 1115 2037 1184 ejus,
2063 1124 2116 1169 et
2148 1129 2243 1183 per
2269 1115 2379 1168 haec
2403 1129 2467 1167 ex
2499 1112 2683 1167 multis
2717 1113 2928 1168 delictis
2963 1111 3280 1167 veniuntad

77 1219 250 1289 iloysen
270 1218 438 1272 ineos
455 1216 548 1286 qui
576 1223 933 1286 peccaverunt
963 1213 1014 1268 in
1038 1210 1448 1268 similitudinem
1473 1224 1609 1278 prte-
1703 1207 2150 1278 justiﬁcationem
2184 1208 2330 1263 vitaz.

75 1307 386 1362 varicationis
413 1308 546 1362 Adae
575 1307 641 1361 ³⁵.
681 1324 702 1358 ι
749 1304 981 1359 Videsne
1008 1312 1119 1356 uta
1147 1311 1374 1372 peccato
1403 1301 1604 1356 nullum
1779 1299 1831 1353 ὃ.
1877 1316 1896 1350 ι
1938 1298 1996 1352 Si
2045 1298 2190 1352 enim
2240 1297 2400 1351 unius
2448 1297 2646 1352 delicto
2693 1311 2840 1352 mors
2890 1295 3137 1364 regnavit
3182 1310 3282 1364 per

74 1401 236 1456 Paulus
264 1400 535 1456 excuset?
591 1399 697 1454 Sed
722 1407 778 1453 et
804 1397 1016 1466 peccati
1056 1411 1222 1466 genus
1247 1396 1509 1465 designat,
1535 1394 1608 1448 si-
1711 1407 1900 1455 unum,
1935 1389 2105 1445 tnulto
2141 1389 2312 1457 magis
2340 1389 2432 1458 qui
2466 1389 2849 1444 abundantiam
2880 1389 3068 1458 gratiae
3092 1395 3145 1443 et
3175 1388 3277 1440 do-

72 1493 398 1548 inilitudinem
424 1490 886 1562 praevaricationis
906 1488 1033 1544 Ada:
1055 1489 1108 1542 in
1132 1501 1455 1557 unoquoque
1478 1500 1610 1540 con-
1716 1501 1845 1540 num
1869 1484 2093 1553 justitiae
2116 1484 2412 1552 accipiunt,
2444 1483 2497 1536 in
2521 1483 2629 1536 vita
2661 1482 2964 1551 reguabunt
2995 1495 3090 1550 per
3111 1495 3279 1534 unum

73 1588 285 1651 stituens,
325 1586 455 1639 licet
499 1584 613 1649 ubi,
662 1583 900 1654 quando,
951 1593 1043 1635 aut
1085 1579 1352 1650 quomodo
1381 1577 1448 1632 ab
1475 1592 1610 1631 uno-
1708 1576 1890 1632 Jesum
1909 1573 2405 1643 Cbristum“(l7).
2446 1591 2465 1624 ›
2492 1572 2546 1627 Si
2579 1580 2721 1626 esset
2749 1571 2891 1626 sicut
2916 1570 3169 1624 delictum
3202 1568 3280 1622 ita

70 1693 250 1747 quoque
285 1677 594 1732 similitudo
627 1677 726 1730 ista
762 1674 1222 1745 prmvaricationis
1249 1672 1485 1726 admissa
1514 1671 1606 1736 sit,
1709 1677 1764 1725 et
1793 1669 1992 1722 donum
2020 1706 2035 1730 ,
2081 1667 2304 1721 dixisset
2355 1665 2539 1734 utique
2589 1663 2881 1734 Apostolus
2903 1705 2918 1727 ,
2967 1661 3093 1730 quia
3137 1661 3280 1716 sicut

72 1783 212 1824 tutum
261 1785 372 1824 non
428 1769 726 1823 crediderit
774 1769 1016 1836 apertius
1063 1765 1333 1835 proloqui.
1377 1763 1484 1818 Sed
1518 1763 1608 1831 qui
1644 1830 1679 1836 _
1711 1760 1869 1814 unius
1913 1759 2112 1813 delicto
2145 1775 2292 1815 mors
2325 1758 2573 1826 regnavit
2607 1771 2701 1827 per
2727 1770 2890 1809 unum
2920 1793 2933 1817 ,
2984 1754 3057 1806 ita
3102 1762 3155 1806 et
3181 1767 3281 1822 per

67 1863 278 1917 eruditus
312 1870 402 1916 est
429 1877 494 1914 ex
530 1860 645 1930 lege
671 1859 906 1925 Domini,
956 1859 1059 1912 scit
1091 1856 1392 1926 intelligere
1415 1830 1612 1910 obscu-
1643 1830 1684 1884 Β
1716 1854 1872 1907 unius
1893 1852 2156 1922 justitiam
2182 1851 2290 1904 vita
2325 1849 2573 1920 regnabit
2606 1863 2700 1916 per
2729 1861 2894 1900 unum
2924 1844 3105 1898 Jesum
3131 1842 3282 1897 Chri-

68 1969 162 2008 rum
190 1967 498 2007 sermonem
528 1953 777 2020 dictaque
805 1950 1129 2020 sapientimn
1153 1960 1207 2004 et
1228 1950 1512 2018 aenigmata
1542 1947 1607 2003 ³⁸.

67 2045 167 2102 ldeo
193 2047 425 2114 denique
452 2047 620 2100 etiam
646 2044 710 2098 de
727 2043 902 2098 salute
927 2057 1047 2111 qua:
1070 2042 1122 2096 in
1141 2041 1355 2097 Christo
1379 2038 1609 2111 est(15),

65 2135 300 2191 occultius
348 2136 625 2204 loquitur;
673 2144 727 2189 et
768 2149 891 2188 cum
925 2134 1193 2188 dixisset:
1234 2151 1252 2184 ι
1285 2134 1438 2186 Sicut
1465 2132 1609 2186 enim

67 2232 106 2283 in
128 2230 288 2282 Adam
320 2243 516 2282 omnes
546 2227 852 2281 moriuntur
882 2224 926 2257 "
947 2265 963 2289 ,
999 2243 1017 2276 ι
1051 2239 1156 2278 non
1188 2223 1358 2288 dixit,
1397 2241 1417 2276 ι
1448 2223 1521 2276 ita
1559 2231 1614 2277 et

67 2325 106 2376 in
126 2323 332 2379 Christo
365 2335 559 2377 omnes
593 2341 610 2373 ι
639 2319 1006 2401 viviﬁcantur,
1041 2321 1135 2374 sed
1157 2359 1171 2382 ,
1207 2337 1226 2368 ι
1262 2317 1612 2372 vivificabun-

68 2424 169 2468 tur:
192 2433 210 2467 ι
244 2425 300 2468 et
340 2427 558 2467 rursum
590 2427 710 2466 cum
738 2410 962 2466 dixisset
993 2425 1010 2465 :
1050 2429 1068 2462 ι
1093 2410 1248 2466 Sicut
1278 2409 1420 2464 enim
1457 2408 1616 2463 unius

66 2518 259 2578 peccato
289 2522 445 2563 mors
490 2507 737 2577 regnavit
766 2521 864 2578 per
893 2521 1082 2571 unum,
1117 2505 1188 2559 ita
1230 2513 1283 2559 et
1325 2518 1422 2572 per
1454 2501 1615 2556 unius

61 2599 482 2671 justiticationem
513 2599 588 2664 ³⁸,
627 2617 646 2651 ι
697 2613 801 2652 non
851 2597 1024 2660 dixit,
1075 2605 1270 2664 regnat
1314 2594 1459 2661 vita,
1496 2595 1611 2658 sed,

74 2694 356 2764 «regnabit
407 2693 522 2747 vita
558 2706 655 2761 per
695 2704 858 2744 unum
899 2687 1082 2743 Jesum
1114 2687 1409 2743 Christum.
1447 2705 1466 2738 ι
1501 2685 1616 2740 Scit

69 2790 188 2841 enim
211 2827 227 2852 ,
259 2797 321 2842 ut
353 2787 494 2849 dixi,
536 2785 796 2854 scriptum
845 2798 966 2839 esse
1013 2781 1136 2850 quia
1173 2799 1192 2833 ι
1225 2779 1395 2834 ﬁdelis
1425 2779 1614 2849 spiritu

63 2881 183 2936 celat
232 2881 455 2950 negotia
490 2880 567 2945 ⁸⁹;
609 2897 628 2932 ι
666 2887 722 2934 et
767 2878 892 2932 item
935 2875 1064 2930 alibi
1111 2893 1124 2930 :
1169 2894 1186 2926 ‹
1226 2871 1396 2940 Quam
1424 2886 1614 2940 magna

64 2972 329 3027 multitudo
353 2969 662 3026 dulcedinis
691 2978 818 3033 tua»,
856 2966 1101 3033 Domine,
1134 2980 1294 3035 quam
1330 2963 1618 3018 abscondi-

63 3064 115 3117 sti
145 3065 466 3119 timentibus
517 3071 570 3116 te
597 3061 664 3115 “.
701 3080 721 3114 ι
761 3061 819 3116 Si
864 3059 1009 3114 enim
1061 3059 1362 3125 interroges
1397 3055 1616 3124 quando

1715 1955 1878 1999 Stum.
1961 1942 2114 1997 Nunc
2161 1951 2337 1996 autem
2390 1941 2521 1994 dicit
2565 1939 2691 2010 quia
2749 1956 2769 1990 ι
2813 1952 2959 1991 mors
2992 1954 3012 1988 ι
3063 1935 3281 2004 quidem

1720 2055 1739 2088 ε
1773 2036 1930 2090 unius
1972 2035 2166 2090 delicto
2214 2033 2459 2102 regnavit
2507 2046 2602 2102 per
2644 2044 2829 2084 unum.
2874 2047 2892 2080 ι
2949 2027 3049 2094 Qui
3099 2035 3280 2079 autem

1714 2127 2097 2182 abundantiam
2136 2123 2492 2194 grat.i:e(18),
2541 2131 2594 2176 et
2646 2122 2842 2174 donum
2886 2119 3107 2188 justitite
3137 2115 3281 2169 acci-

1713 2220 1908 2289 piunt,
1952 2233 2057 2272 non
2107 2216 2282 2270 solum
2335 2213 2474 2268 ultra
2521 2228 2624 2267 non
2673 2219 2864 2280 regnat
2911 2209 2963 2262 iu
3007 2207 3088 2262 eis
3134 2218 3285 2260 mors

1717 2311 1878 2382 (quod
1903 2322 1958 2365 et
1989 2314 2161 2380 ipsum
2191 2309 2376 2378 utique
2409 2322 2512 2360 non
2544 2320 2724 2373 parva:
2754 2316 2835 2357 εει
2860 2299 3068 2372 gratiae)
3104 2297 3198 2354 sed
3229 2306 3288 2352 et

1717 2406 1822 2460 alia
1868 2404 1971 2458 duo
2015 2404 2094 2457 eis
2139 2402 2489 2456 conferuntur
2522 2401 2661 2451 bona
2710 2409 2944 2458 :unum,
2994 2392 3137 2460 quod
3186 2404 3284 2458 pro

1719 2508 1891 2553 morte
1932 2497 2041 2550 vita
2086 2496 2137 2549 in
2181 2495 2261 2550 eis
2306 2502 2495 2563 regnat
2553 2491 2809 2547 Christus
2851 2487 3012 2544 Jesus
3055 2502 3070 2540 :
3115 2483 3288 2550 aliud,

1715 2590 1859 2660 quod
1889 2590 2055 2644 etiam
2107 2587 2206 2658 ipsi
2251 2585 2550 2654 regnabunt
2600 2598 2695 2652 per
2725 2595 2891 2635 unum
2916 2578 3101 2633 Jesum
3131 2575 3289 2652 Chri-

1715 2692 1880 2738 stum.
1943 2680 2074 2735 Cum
2142 2694 2273 2750 ergo
2314 2674 2621 2732 necessaria
2673 2674 2787 2728 haec
2835 2672 2886 2726 in
2931 2684 3026 2723 eos
3067 2667 3290 2723 veniant

1716 2776 1896 2838 bona,
1950 2772 2002 2826 id
2052 2779 2170 2838 est,
2223 2779 2282 2824 ut
2334 2784 2556 2838 regnum
2622 2764 2815 2819 mortis
2878 2760 3175 2831 effugiant,
3231 2768 3290 2812 et

1717 2882 1815 2938 pro
1860 2875 2034 2921 morte
2079 2873 2268 2933 regnet
2309 2863 2362 2916 in
2413 2860 2494 2915 eis
2535 2859 2680 2921 vita,
2733 2856 2842 2910 imo
2877 2863 2933 2908 ut
2963 2862 3019 2906 et
3059 2851 3158 2921 ipsi
3202 2865 3293 2902 re-

1717 2966 1886 3026 gnent
1934 2956 1986 3010 in
2037 2955 2146 3009 vita
2199 2969 2294 3024 per
2342 2966 2509 3006 unutn
2565 2948 2752 3004 Jesum
2787 2943 3088 3005 Christum,
3118 2939 3292 2994 mani-

1719 3051 1912 3105 festum
1983 3057 2070 3104 est
2127 3046 2400 3118 quomodo
2459 3061 2478 3095 ‹
2537 3055 2643 3096 non
2705 3057 2724 3091 ι
2793 3037 2864 3091 sit
2927 3054 2946 3087 ‹
3016 3035 3089 3088 ita
3150 3031 3289 3085 deli-

62 3157 152 3210 vita
185 3155 442 3227 regnabit
468 3170 568 3226 per
593 3153 775 3209 Jesum
805 3151 1104 3216 Christum,
1139 3159 1194 3205 et
1223 3145 1616 3219 quandojusti-
1642 3169 1686 3228 ο
1718 3153 1864 3198 ctum
1921 3142 2060 3198 sicut
2110 3151 2164 3196 et
2189 3141 2385 3195 donum
2430 3138 2476 3171 “
2501 3176 2517 3202 ,
2556 3153 2576 3188 ι
2614 3141 2669 3188 et
2716 3129 2986 3202 quomodo
3032 3125 3244 3181 dicatur
3274 3139 3289 3176 :

62 3247 119 3300 tia
158 3215 274 3315 ejus
328 3248 384 3301 in
429 3215 622 3300 onmes
667 3243 914 3298 homines
941 3215 1620 3307 ‘tnjustillcationemrvita
1647 3215 1686 3228 v
1720 3233 2286 3309 555¢Multomagis
2316 3233 2490 3302 gratia
2538 3225 2633 3281 Dei
2664 3233 2720 3279 et
2773 3223 2971 3277 donum
3015 3218 3069 3272 in
3113 3215 3288 3286 gratia

62 3337 296 3394 efﬁcietur
333 3338 449 3411 (M)
473 3377 490 3403 ,
523 3335 739 3405 quando
764 3334 818 3388 in
839 3347 1029 3388 omnes
1059 3332 1162 3387 ista
1189 3331 1466 3387 beatitudo
1495 3344 1621 3399 per-

61 3433 256 3487 veniet:
295 3431 476 3501 ipsius
501 3427 712 3482 Domini
748 3425 875 3480 Jesu
911 3422 1120 3478 Christi
1159 3421 1505 3479 sermonibus
1532 3419 1618 3475 di-

61 3538 170 3589 sce,
220 3523 429 3594 quibus
480 3519 617 3575 dicit
667 3517 732 3570 ad
783 3514 1119 3584 discipulos:
1159 3531 1180 3565 ι
1212 3513 1457 3568 Audistis
1507 3511 1623 3567 haec

57 3617 263 3670 omnia?
300 3616 509 3671 Dicunt
538 3612 585 3666 ei
617 3630 631 3666 :
670 3612 882 3676 Etiam,
919 3608 1166 3663 Domine.
1205 3607 1293 3662 Ait
1317 3607 1396 3661 eis
1428 3623 1444 3662 :
1471 3605 1620 3660 Beati

60 3709 205 3774 estis,
252 3708 298 3762 si
352 3703 606 3761 feceritis
629 3718 692 3759 ea
719 3702 786 3757 ι’.
823 3722 842 3755 ι
881 3699 1036 3755 Tunc
1079 3715 1208 3770 ergo
1241 3699 1380 3754 beati
1421 3700 1624 3754 erimus

57 3816 162 3854 cum
208 3802 445 3857 verbum
493 3797 589 3852 Dei
624 3810 731 3851 non
782 3793 955 3849 solum
996 3793 1187 3846 audire
1219 3803 1273 3846 et
1302 3791 1621 3862 intelligere,

58 3893 135 3947 sed
169 3905 222 3948 et
250 3893 442 3947 facere
492 3887 796 3958 poterimus
825 3885 962 3956 (l5).
1003 3884 1260 3952 Quamvis
1303 3885 1446 3938 enim
1495 3898 1624 3952 pro-

58 3984 296 4039 mittatur
329 3979 647 4037 exeundum
684 3989 805 4033 esse
833 3975 1162 4045 quandoque
1187 3975 1254 4030 de
1282 3988 1519 4038 carcere,
1549 3983 1626 4026 ta-

58 4091 162 4129 men
210 4075 543 4145 designatur
575 4085 678 4125 non
714 4069 840 4124 inde
886 4067 1024 4123 exiri
1066 4081 1260 4136 posse,
1310 4065 1410 4119 nisi
1443 4065 1628 4118 reddat

57 4169 420 4237 unusquisque
478 4165 644 4219 etiam
715 4160 1073 4214 novissimum
1140 4159 1497 4228 quadrantem
1555 4157 1622 4209 ⁸³.

58 4258 193 4324 Quod
226 4263 275 4314 si
325 4257 494 4313 etiam
533 4254 844 4326 quadrans,
875 4249 1017 4321 quod
1049 4261 1136 4304 est
1164 4249 1372 4303 minimi
1421 4248 1626 4314 peccati

57 4365 223 4419 paena,
279 4367 394 4407 non
442 4349 743 4405 remittitur
771 4345 905 4416 (16),
942 4344 1044 4399 nisi
1089 4345 1143 4398 iu
1195 4357 1417 4398 carcere
1448 4349 1504 4395 et
1536 4354 1631 4409 per

56 4445 308 4516 supplicia
338 4443 549 4506 luatur,
586 4439 861 4508 quomodo
893 4438 1016 4506 quis
1045 4448 1139 4504 spe
1167 4432 1504 4502 impunitatis
1538 4445 1629 4483 re-

1726 3331 1890 3386 unius
1922 3326 2156 3382 hominis
2197 3323 2322 3378 Jesu
2362 3318 2566 3376 Christi
2595 3320 2648 3372 in
2680 3315 2863 3386 plures
2889 3309 3222 3366 abundabit:
3269 3323 3290 3357 ι

1723 3433 1777 3478 et
1801 3421 1933 3477 illud
1972 3438 1986 3474 :
2026 3437 2046 3471 ι
2077 3417 2269 3474 Gratia
2299 3423 2481 3469 autem
2510 3429 2574 3469 ex
2611 3411 2793 3468 multis
2821 3406 3031 3464 delictis
3061 3404 3111 3459 in
3135 3402 3300 3472 justi-

1724 3514 2078 3569 ficationem:
2121 3526 2139 3558 ι
2166 3510 2260 3563 sed
2306 3519 2362 3563 et
2408 3508 2508 3561 hoc
2537 3504 2686 3575 quod
2731 3502 2860 3558 dicit
2907 3501 2958 3553 in
2998 3495 3246 3567 praesenti
3281 3512 3296 3550 :

1729 3623 1748 3658 ι
1776 3605 1944 3658 Multo
1979 3602 2150 3671 magis
2177 3600 2268 3671 qui
2295 3599 2681 3655 abundantiam
2730 3593 2935 3666 gratias,
2988 3600 3043 3645 et
3098 3591 3300 3642 donum

1718 3701 1940 3767 justitim
1971 3698 2263 3768 accipiunt,
2297 3695 2351 3747 in
2384 3693 2489 3746 vita
2529 3691 2831 3762 regnabunt
2860 3685 2973 3756 (l9)
3005 3699 3099 3749 per
3132 3697 3295 3735 unum

1724 3790 1906 3846 Jesum
1929 3788 2202 3844 Christum
2232 3803 2250 3837 ι
2277 3785 2565 3840 Dominum
2597 3790 2842 3835 nostrum
2879 3779 2946 3828 ⁵⁸.
2981 3774 3132 3840 Quod
3167 3786 3298 3839 ergo

1727 3885 1825 3949 ait,
1864 3901 1882 3934 ‹
1911 3879 2080 3936 Unius
2107 3878 2306 3933 delicto
2349 3891 2498 3930 mors
2534 3871 2781 3941 regnavit
2823 3883 2917 3937 per
2959 3881 3123 3919 unum
3162 3862 3232 3928 ⁸⁷,
3264 3881 3284 3914 ι

1725 3973 1962 4028 ostendit
1983 3971 2109 4040 quia
2137 3983 2234 4039 per
2264 3966 2519 4021 delictum
2552 3961 2713 4015 morti
2741 3973 2965 4026 regnum
2991 3959 3169 4019 datur,
3196 3969 3298 4006 uec

1728 4073 1903 4137 potest
1937 4077 2164 4131 regnare
2185 4062 2236 4115 in
2265 4059 2467 4128 aliquo,
2493 4055 2596 4110 nisi
2627 4053 2717 4121 jus
2745 4050 2894 4120 regni
2925 4047 3040 4116 (20)
3065 4045 3300 4137 accipi-it

1729 4136 1797 4212 ex
1825 4155 2041 4210 delicto.
2087 4150 2193 4205 Per
2231 4149 2375 4218 quod
2419 4143 2648 4201 iudicari
2695 4143 2930 4204 videtur,
2987 4136 3130 4207 quod
3174 4149 3300 4188 cum

1731 4247 1900 4301 libera
1934 4261 1961 4298 a
1991 4245 2100 4298 Deo
2131 4251 2317 4297 creata
2350 4240 2422 4294 sit
2471 4237 2652 4292 anima
2678 4273 2693 4298 ,
2724 4234 2840 4300 ipsa
2886 4245 2945 4285 se
2979 4230 3032 4283 in
3064 4227 3302 4284 servitu-

1730 4349 1837 4394 tem
1871 4336 2082 4406 redigat
2106 4349 2203 4406 per
2239 4332 2517 4394 delictum,
2547 4339 2603 4382 et
2635 4326 2782 4381 velut
2806 4320 3168 4390 chirographa
3199 4319 3304 4371 im-

1733 4427 2083 4486 mortalitatis
2125 4441 2238 4482 suze
2263 4464 2280 4490 ,
2333 4438 2454 4493 quae
2504 4438 2533 4474 a
2578 4427 2824 4473 creatore
2866 4427 2964 4468 suo
2996 4416 3304 4477 acceperat,

57 4503 327 4606 solvetur,
384 4545 482 4592 aut
526 4535 729 4590 donum
779 4503 967 4602 gratia:
1013 4528 1272 4600 peccandi
1320 4526 1624 4581 libertatem
1655 4515 1705 4574 D
1735 4523 1896 4576 morti
1926 4522 2123 4576 tradat.
2173 4517 2410 4574 «Anima
2438 4513 2581 4569 enim
2613 4525 2734 4582 qua:
2769 4513 2984 4578 peccat,
3029 4503 3144 4573 ipsa
3190 4514 3307 4552 tuo-

115 4682 157 4714 "
177 4682 346 4737 Rom.
372 4695 429 4743 v,
462 4677 554 4731 14.

56 4753 91 4783 ⁸⁸
118 4735 312 4808 Matth.
351 4735 473 4812 xiii,
514 4747 621 4812 5|;
657 4743 816 4800 Joan.
841 4757 963 4806 xui,
993 4739 1084 4795 l7.
1157 4739 1203 4770 "
1229 4737 1423 4792 Matth.
1462 4753 1511 4800 ν,
1537 4735 1628 4792 26.

58 4824 251 4889 15,17.
338 4820 380 4852 ⁸⁷
421 4818 556 4874 ibid.
606 4814 696 4870 16.

117 4945 228 5013 (15)
267 4945 394 4999 Est.
434 4943 602 5013 Deest
626 4936 892 5013 in_editis.

117 4998 229 5083 illi
267 4998 454 5077 Alias,
491 5029 510 5062 ε
538 5004 1145 5083 justilicationem_vit2e
1169 4998 1451 5083 efficiet.)

121 5073 233 5158 (153
274 5073 452 5158 (thas,
497 5073 859 5158 (possimus;
899 5095 916 5127 ι
957 5073 1055 5158 θιὲ
1085 5091 1104 5123 ‹
1138 5081 1442 5158 possumus.
1475 5083 1504 5158 li

274 5132 785 5229 's'ic"6puﬁi§ms.
836 5132 976 5200 unus
1016 5132 1634 5229 Regiusgnujntntﬁadg

61 5205 396 5292 Ed‘i-tiwvero',
427 5205 814 5293 itquadrantis
829 5256 844 5280 ,
875 5230 994 5284 quas
1029 5205 1130 5293 es?
1176 5209 1397 5292 minima
1427 5205 1632 5274 peccati

57 5281 205 5367 pteua
233 5340 252 5366 ,
279 5281 448 5366 paena
474 5281 582 5347 n'on
618 5281 990 5367 remittitur.)
1024 5281 1216 5338 Czeteri
1250 5291 1379 5332 mss.
1405 5315 1420 5340 ,
1453 5293 1470 5326 ι
1503 5291 1637 5344 qua-

59 5357 297 5432 drantis;
321 5367 470 5434 quod
495 5374 600 5424 est,
637 5379 656 5434 ρ
695 5370 826 5417 etc..
860 5364 918 5434 u_t
946 5357 996 5409 in
1025 5362 1194 5434 textu.
1261 5421 1298 5434 ’ί
1354 5414 1389 5434 ﬁ

123 5421 454 5509 (lif'Al'ias,
488 5451 509 5486 ι
532 5421 928 5509 _niulto_tnagis
969 5424 1060 5505 qui
1097 5421 1635 5509 abundantiam‘g-Ea:

60 5485 233 5562 tisi-et,
253 5485 578 5561 donationis
618 5485 1197 5567 justititevaccipientes
1226 5497 1421 5551 erunt,
1451 5486 1504 5539 in
1530 5485 1638 5537 vita

60 5571 702 5648 regnabuntperlesum
730 5567 1025 5648 Christum.
1062 5582 1091 5648 Ib
1189 5631 1204 5648 ἰ
1286 5627 1322 5648 ⁸.
1367 5641 1414 5648 *Δ
1484 5624 1588 5648 η..

127 5631 252 5719 ῖὶεις
281 5631 460 5719 Αξὶειέἶ
494 5663 514 5719 ς
545 5642 772 5719 Omnes.
794 5647 995 5719 autem
1025 5631 1640 5719 abundantia-ult.

61 5732 110 5773 et
129 5696 575 5782 ‘JJ.’.a"j1Is-1itiae'
604 5710 926 5782 accipiunt,_
947 5716 1000 5758 ut
1030 5719 1135 5757 non
1161 5701 1330 5782 solum
1360 5696 1498 5750 ultra
1534 5710 1638 5746 non

61 5771 244 5860 regiith
272 5771 440 5860 in'eis
460 5797 609 5838 mors
635 5771 799 5860 (quod
829 5777 1091 5860 etnipsum
1112 5771 1444 5860 utique
1463 5779 1641 5860 par-va:

60 5839 476 5920 eget-grauat),
502 5874 522 5907 ι
557 5839 796 5911 eui-AL.
833 5867 850 5898 ε
874 5839 974 5910 Qui
1005 5853 1186 5901 autem
1215 5839 1486 5897 abundant
1515 5847 1640 5898 (ra-

634 4675 682 4708 ³⁸
711 4672 873 4726 Prov.
901 4686 941 4735 ι,
973 4667 1024 4723 6.
1084 4667 1128 4701 ³⁷
1160 4667 1325 4723 lCor.
1352 4682 1440 4730 xv,
1465 4664 1552 4719 Ἡ.

1752 4675 1860 4735 9"."
1889 4675 1943 4727 ν’
1974 4658 2188 4735 Πείδ·
2229 4653 2611 4735 ηδ’..ιῖτρνέ-κδ
2636 4650 2726 4735 λδῒ

2807 4643 2852 4674 ⁸ο
2888 4640 3032 4695 Psal.
3063 4654 3190 4699 xxx,
3211 4635 3305 4691 20.

1731 4707 2187 4793 irritavgiét'
2226 4726 2274 4758 ιι
2305 4707 2437 4778 an.
2470 4723 2557 4778 17.
2595 4707 2677 4752 ἰδ
2713 4716 2844 4774 ibid.
2871 4712 2956 4766 t5.
3069 4707 3112 4739 ια
3139 4707 3272 4760 una.

1743 4920 1813 4972 tia
1850 4927 1904 4974 et
1936 4917 2077 4971 dono
2103 4913 2332 4984 jttstitia:
2361 4950 2376 4975 ,
2408 4907 2679 4984 accipiunt
2732 4913 2788 4984 ut
2835 4915 2940 4954 non
2966 4893 3308 4984 solumAultra

1741 5005 1848 5045 non
1884 4997 2072 5058 regnet
2103 4977 2164 5040 vin
2209 4984 2289 5058 eis
2321 4983 2465 5058 mors
2496 4979 2658 5058 (quod
2685 4984 2739 5028 et
2773 4977 2951 5058 ipsum
2965 4977 3307 5058 utiquehtlou

1742 5035 2363 5129 ESiiaTe'i'siét'gra'nie),
2388 5069 2415 5129 ρ
2450 5035 2557 5129 et‘c'.
2587 5047 2702 5129 Ala
2736 5063 2754 5095 ι
2791 5035 2890 5123 Qui
2929 5035 3312 5129 autem.

1742 5114 1984 5185 dantiam
2034 5114 2223 5197 gratias
2269 5114 2495 5177 etpdoui
2536 5114 3306 5197 justoilicationemaget-piunt3

1741 5174 2221 5254 ὧδ’ὲῖιῖιηῖνυῖίὲνᾷ
2252 5174 2388 5246 non
2416 5174 2610 5258 regn'at
2647 5187 2699 5237 iu
2747 5185 2824 5237 eis
2871 5193 3017 5233 mors
3061 5174 3226 5248 (quod
3254 5184 3311 5228 et

1741 5268 1921 5339 ipsum
1950 5282 2056 5339 non
2089 5279 2266 5334 parvae
2291 5271 2434 5316 esset
2465 5257 2712 5339 gratiae);
2731 5273 2750 5305 ι
2769 5262 2894 5339 etc.

1971 5335 2062 5413 S_i_c
2089 5321 2254 5413 :recte
2295 5347 2397 5412 ms.
2455 5321 2613 5413 Itilius.
2635 5394 2646 5413 ι
2672 5321 3310 5413 Cgeteri‘yeroum‘sls‘;

1744 5387 1930 5475 editi,’
1953 5387 2381 5475 (multomagis
2417 5387 2723 5475 abundabit
2769 5389 2965 5475 gratia,
3016 5397 3088 5475 et‘
3111 5387 3308 5475 don‘ulm

1997 5455 2320 5552 Sicinius,"
2353 5473 2425 5552 _in
2485 5470 2601 5552 _vi_ta
2658 5455 2976 5552 regnabit.)

1753 5531 1968 5605 {Multo
1994 5531 2166 5617 magis
2197 5531 2298 5612 qui
2317 5541 2559 5617 abundat
2579 5531 2776 5617 gratia,
2827 5542 2881 5615 et
2919 5531 3314 5617 donum-

1753 5595 2270 5688 iié'SeEiﬁiiI‘iki‘c,
2309 5595 2396 5668 Al.
2416 5652 2432 5678 ,
2463 5628 2486 5688 ς
2516 5595 2681 5688 Multo
2712 5595 2885 5688 magis
2909 5600 3002 5672 qui
3034 5595 3318 5688 abundan-

1754 5693 1880 5746 tiam
1903 5676 2112 5750 gratia},
2143 5696 2200 5740 et
2229 5676 2426 5738 donum
2455 5680 2680 5748 justitia:
2705 5676 2930 5750 accipit,
2961 5690 2979 5724 υ
3021 5678 3128 5739 etc.
3282 5692 3285 5693 ν

1822 5745 1934 5832 (2οῙ
1965 5745 2135 5824 Alias,
2170 5775 2187 5809 ι
2211 5754 2327 5825 ejus
2351 5745 2630 5824 regnum,»
2664 5745 2823 5804 male.
