3768 6544
463 345 599 404 102⁸1

1897 332 2221 390 ORIGENIS

3548 325 3668 382 Ita-28

458 459 630 514 rietur
657 455 724 510 “.
749 475 768 510 ι
802 454 919 525 ipsa
955 453 1183 523 denique
1217 452 1394 507 anima
1424 450 1624 507 clamat
1659 463 1754 522 per
1783 447 2024 517 Prophe-
2050 455 2098 511 Α
2128 462 2252 502 vero
2278 445 2555 501 Christum
2601 443 2730 499 dicit
2765 441 3054 513 Apostolus
3086 456 3192 496 non
3219 439 3393 496 solum
3429 439 3494 490 ad
3527 456 3648 495 mor.

462 565 611 613 tam.
676 554 863 606 dicens
913 569 926 604 :
980 569 998 601 ι
1041 549 1094 603 In
1157 548 1433 616 pulverem
1499 546 1692 601 mortis
1745 543 2018 598 deduxisti

461 662 547 699 me
569 645 634 699 δ’.
663 663 682 697 ι
716 643 868 710 Quod
902 643 1086 711 utique
1113 642 1158 694 ei
1186 641 1286 694 nisi
1318 655 1384 694 ex
1409 638 1605 692 delicto
1628 653 1732 691 non
1759 637 2017 706 potuisset

462 736 730 789 accidere.
762 733 918 790 Unde
943 735 1220 788 evidenter
1244 737 1471 800 apparet
1491 745 1610 784 eam
1641 745 1737 797 per
1765 730 2020 782 delictum

461 828 824 897 chirographa
880 828 961 880 sui
1015 827 1408 894 conscripsisse
1458 839 1580 877 cum
1636 831 1830 885 morte,
1877 829 1938 875 ut
1968 829 2023 875 et

463 917 716 972 libertate
761 917 1185 971 immortalitatis
1228 917 1451 978 amissa,
1483 915 1668 984 iugum
1701 914 1938 982 peccati,
1969 919 2025 966 et

464 1024 689 1078 regnum
722 1009 912 1063 mortis
950 1009 1247 1077 exciperet.
1293 1005 1494 1062 Volens
1538 1007 1708 1071 igitur
1733 1005 2024 1075 Apostolus

463 1100 752 1154 ostendere
778 1108 986 1169 quanto
1011 1099 1216 1167 majora
1244 1113 1338 1168 per
1365 1098 1642 1153 Christum
1683 1097 1861 1150 anima
1889 1095 2025 1150 reci-

464 1192 564 1258 pit,
604 1206 764 1261 quam
817 1190 1080 1244 amiserat
1128 1205 1225 1257 per
1276 1190 1469 1252 Adam,
1525 1189 1832 1259 frequentat
1894 1188 2026 1242 istos

463 1295 764 1342 sermones,
792 1289 852 1334 ut
880 1281 1026 1335 dicat
1054 1322 1069 1346 ,
1118 1298 1137 1331 ι
1165 1280 1332 1334 ΜυΙιο
1362 1281 1528 1349 magis
1551 1317 1568 1344 ,
1599 1297 1619 1331 ι
1661 1287 1739 1343 et,
1796 1295 1816 1327 ι
1844 1276 2020 1331 abun-

460 1373 698 1426 dantiam
731 1372 920 1441 gratiae
941 1410 957 1436 ,
989 1379 1044 1426 et
1077 1371 1274 1425 donum
1303 1369 1553 1438 iustitia,
1580 1388 1598 1422 ι
1649 1379 1700 1424 et
1721 1412 1736 1434 ,
1785 1386 1805 1420 ‹
1835 1381 2027 1438 regna-

459 1463 596 1518 bunt
629 1463 742 1533 (2i)
784 1479 880 1533 per
905 1479 1069 1517 unum
1095 1461 1288 1517 Jesum
1316 1463 1591 1517 Christum
1615 1463 1683 1516 '°.
1712 1481 1730 1513 ι
1761 1461 1891 1528 θυαε
1911 1476 2025 1514 om-

461 1558 555 1610 nia
592 1557 780 1625 utique
809 1555 1086 1610 declarant
1115 1554 1285 1608 multo
1320 1553 1711 1609 abundantiora
1739 1566 1861 1608 esse
1888 1553 2025 1607 dona

461 1661 623 1713 quam
656 1649 873 1702 damna.
910 1644 1018 1700 Sed
1070 1643 1351 1716 requires,
1385 1643 1476 1699 isti
1507 1658 1646 1716 quos
1676 1643 1814 1698 dicit:
1839 1657 2028 1713 regna-

460 1739 612 1786 turos
653 1731 708 1784 in
736 1732 842 1790 vita
885 1747 978 1800 per
1015 1731 1201 1786 Jesum
1245 1731 1541 1797 Christum,
1572 1746 1733 1801 super
1759 1745 1898 1802 quos
1932 1744 2021 1782 re-

2124 549 2227 594 tem
2261 539 2662 600 destruendam,
2691 535 2785 590 sed
2812 545 2862 589 et
2891 535 2957 589 ad
2991 534 3138 588 illum
3176 534 3376 601 ipsum,
3407 532 3497 603 qui
3518 533 3666 588 babe-

2124 632 2220 684 bat
2249 630 2440 683 mortis
2506 629 2812 698 imperium,
2847 627 2900 681 id
2947 636 3031 679 est
3069 622 3368 692 diabolum,
3404 626 3458 679 in
3513 625 3668 679 medio

2123 722 2228 776 hoc
2248 756 2264 782 ,
2291 717 2343 773 id
2369 717 2480 788 (24)
2503 731 2608 783 est,
2635 728 2925 788 antequam
2959 718 3091 772 illud
3119 717 3211 771 iiat
3250 717 3395 786 quod
3425 718 3664 784 scriptum

2123 823 2207 867 est
2240 830 2255 867 :
2291 830 2310 864 ι
2344 812 2546 867 Deinde
2577 811 2721 875 linis,
2768 825 2892 864 cum
2923 809 3212 864 tradiderit
3245 823 3470 878 regnum
3499 809 3597 862 Deo
3621 819 3668 862 et

2123 905 2271 960 Patri
2300 905 2346 946 ⁸⁸
2378 921 2394 961 :
2428 922 2447 956 ι
2475 904 2496 975 )
2521 903 2643 974 quis
2670 911 2880 972 regnat.
2923 901 2981 957 Si
3020 901 3161 954 enim
3187 901 3438 955 dicamus
3471 900 3521 954 id
3541 903 3664 969 quod

2124 1009 2463 1064 consequens
2545 994 2789 1058 videtur,
2859 993 2985 1064 quia
3057 992 3170 1046 vita
3239 993 3447 1060 lreguat
3519 1001 3669 1044 morte

2125 1086 2402 1140 destructa
2433 1099 2449 1149 ;
2505 1089 2680 1152 potest
2707 1083 2868 1139 nobis
2923 1083 3138 1138 occurri
3172 1098 3185 1134 :
3220 1081 3509 1149 Quomodo
3557 1097 3670 1150 ergo

2124 1176 2424 1246 peccatur?
2469 1175 2538 1229 Et
2569 1173 2915 1230 manifestum
2953 1185 3036 1229 est
3079 1184 3312 1228 mortem
3347 1187 3571 1243 regnare
3590 1187 3671 1242 per

2126 1278 2425 1336 peccatum.
2458 1267 2514 1322 Si
2549 1281 2679 1322 vero
2706 1267 2955 1322 dicamus
2997 1266 3051 1319 in
3102 1265 3430 1335 quibusdam
3467 1280 3671 1336 regnare

2125 1359 2418 1428 Christum,
2447 1360 2550 1415 hoc
2598 1369 2681 1414 est
2709 1361 2897 1426 vitam,
2927 1368 2981 1416 et
3009 1360 3060 1414 in
3079 1358 3405 1429 quibusdam
3431 1368 3670 1412 mortem:

2126 1466 2284 1521 quos,
2325 1461 2419 1506 aut
2440 1451 2530 1506 ubi
2560 1451 2919 1516 inveniemus,
2956 1451 3008 1505 in
3038 1452 3236 1520 quibus
3262 1451 3336 1504 ita
3371 1463 3589 1521 regnum
3613 1449 3671 1504 sit

2126 1544 2274 1608 vitae,
2304 1552 2365 1598 ut
2393 1557 2616 1612 regnum
2641 1543 2835 1598 mortis
2867 1543 2920 1597 in
2956 1543 3036 1598 eis
3085 1557 3192 1598 non
3221 1543 3429 1596 habeat
3451 1551 3673 1612 potesta-

2128 1645 2259 1702 tem,
2319 1635 2426 1691 hoc
2471 1643 2576 1700 est,
2625 1635 2720 1704 qui
2757 1636 2973 1704 penitus
3027 1634 3232 1704 absque
3281 1643 3505 1704 peccato
3547 1631 3674 1688 sint?

2127 1723 2258 1790 Quae
2308 1727 2439 1781 mihi
2487 1728 2739 1783 videntur
2789 1730 2958 1800 magis
3009 1730 3076 1783 ad
3129 1729 3374 1784 futurum
3426 1730 3675 1800 pertinere

457 1823 714 1893 gnabunt.
739 1823 966 1878 Videtur
989 1825 1118 1880 mihi
1143 1827 1288 1896 quod
1313 1827 1452 1882 sicut
1480 1826 1669 1880 mortis
1701 1837 1927 1896 regnum
1967 1819 2020 1873 iu
2055 1805 2097 1859 Β
2131 1832 2390 1887 regnum,
2431 1827 2484 1872 et
2523 1818 2593 1872 ibi
2633 1818 2749 1874 haec
2787 1835 2906 1874 esse
2941 1820 3291 1890 complenda,
3333 1821 3425 1874 ubi
3465 1821 3568 1886 (25)
3606 1821 3675 1874 di-

456 1928 551 1968 eos
575 1913 810 1974 ostendit
829 1913 996 1968 fuisse
1014 1932 1151 1985 quos
1171 1918 1268 1971 sibi
1297 1917 1568 1986 peccando
1591 1916 1716 1971 fecit
1738 1912 2021 1973 obnoxios,

462 1991 535 2044 ita
579 2005 636 2046 et
671 2006 860 2050 eorum
895 1993 987 2064 qui
1034 1994 1418 2049 abundantiam
1454 1995 1664 2066 gratiae.
1725 2004 1780 2048 et
1828 1996 2024 2050 donum

457 2079 682 2150 iustitia:
722 2085 1017 2155 accipiunt,
1076 2095 1130 2138 et
1173 2099 1266 2152 per
1321 2102 1486 2140 unum
1523 2085 1708 2140 Jesum
1751 2087 2025 2142 Christum

463 2175 738 2240 regnaturi
771 2176 1040 2240 dicuntur,
1073 2193 1300 2247 regnum
1331 2177 1582 2234 ostendat
1609 2178 1847 2232 futurum
1869 2195 2030 2250 super

462 2263 587 2318 illos
613 2264 706 2334 qui
750 2267 830 2321 eis
866 2267 918 2321 in
955 2268 1264 2324 eruditione
1311 2269 1464 2340 regni
1496 2269 1590 2324 Dei
1626 2269 1825 2324 subditi
1873 2271 2026 2335 iiunt,

461 2365 537 2420 et,
573 2366 632 2408 ut
662 2357 735 2409 ita
762 2357 960 2422 dicam,
993 2359 1082 2428 qui
1113 2359 1417 2429 sapientiae,
1453 2369 1506 2414 et
1540 2358 1786 2427 iustitiae,
1823 2375 1886 2413 ac
1912 2362 2030 2413 vita:

461 2461 585 2517 qua:
610 2449 664 2502 in
695 2449 774 2504 eis
810 2458 916 2512 est,
948 2459 1003 2505 et
1031 2466 1128 2520 per
1163 2467 1324 2521 quam
1365 2462 1628 2522 regnant,
1657 2468 1887 2523 capaces
1915 2453 2031 2507 fue-

466 2536 575 2591 rint
596 2537 820 2593 inventi.
847 2537 998 2594 Unde
1013 2550 1068 2594 et
1095 2555 1197 2594 non
1226 2543 1398 2596 otiose
1420 2543 1631 2599 videtur
1654 2543 1783 2598 mihi
1811 2543 2034 2614 Aposto-

465 2626 570 2692 lus,
606 2628 694 2698 qui
743 2629 794 2683 in
832 2631 1041 2686 caeteris
1101 2631 1233 2688 locis
1277 2633 1508 2699 dixerat,
1538 2635 1664 2705 quia
1711 2635 1808 2690 «in
1843 2649 2032 2690 omnes

466 2720 714 2776 homines
763 2737 910 2776 mors
955 2725 1272 2793 pertransiit
1303 2742 1320 2792 ;
1356 2743 1376 2777 ι
1411 2734 1464 2781 et
1520 2726 1758 2782 iterum:
1797 2743 1818 2779 ι
1846 2725 2032 2782 Gratia

467 2811 558 2866 Dei
595 2812 706 2884 (22)
743 2814 793 2866 in
828 2814 1008 2883 plures
1042 2815 1339 2870 abundavit
1370 2833 1386 2882 ;
1429 2834 1449 2869 ι
1494 2826 1548 2870 et
1575 2817 1768 2871 iterum
1805 2835 1818 2871 :
1855 2835 1873 2868 ‹
1897 2815 2035 2872 Gra-

468 2906 542 2958 tia
571 2921 634 2958 ex
669 2906 852 2961 multis
885 2905 1098 2961 delictis
1136 2906 1188 2961 in
1212 2907 1662 2978 justiﬁeationem
1685 2911 1753 2975 δι,
1780 2929 1798 2961 ι
1837 2911 1938 2964 hoc
1978 2909 2032 2963 in

467 2998 586 3052 loco
641 3014 815 3070 neque
867 3014 1078 3065 omnes,
1131 3015 1306 3069 neque
1356 3001 1587 3069 multos,
1629 3017 1805 3072 neque
1853 3001 2034 3072 plures

469 3091 752 3159 posuisse;
799 3092 975 3146 sciens
1004 3094 1069 3146 ad
1117 3107 1318 3161 paucos
1352 3092 1628 3162 pertinere
1665 3093 1823 3148 istius
1861 3093 2036 3150 beati-

468 3180 673 3236 tudinis
742 3198 1050 3246 summam,
1092 3199 1111 3233 ι
1139 3183 1228 3251 qui
1263 3182 1650 3237 abundantiam
1711 3185 1938 3252 gratiae,
1985 3194 2039 3239 et

467 3271 664 3325 donum
691 3273 917 3342 justitia:
949 3272 1284 3342 accipientes
1307 3314 1322 3340 ,
1354 3273 1406 3327 in
1444 3273 1552 3327 vita
1595 3275 1895 3344 regnabunt
1944 3290 2039 3344 per

2128 1907 2270 1961 citur
2298 1908 2440 1977 quod
2476 1929 2495 1960 ι
2531 1908 2600 1963 sit
2623 1909 2766 1964 Deus
2788 1910 2967 1965 omnia
2994 1910 3045 1965 in
3072 1911 3325 1966 omnibus
3349 1913 3414 1966 ⁸⁷.
3447 1930 3466 1962 ι
3496 1912 3674 1965 idcirco

2133 1995 2276 2050 enim
2329 2007 2385 2050 et
2440 1997 2493 2050 in
2535 1997 2781 2052 oratione
2845 1998 3118 2051 Dominica
3176 1998 3363 2051 dicere
3419 1997 3676 2055 ducentur,

2139 2107 2157 2140 ι
2183 2089 2446 2144 Adveniat
2474 2105 2697 2160 regnum
2741 2099 2888 2142 tuum
2941 2089 3011 2155 ⁸⁸,
3040 2108 3058 2143 ι
3109 2089 3261 2158 quasi
3292 2087 3439 2157 quod
3467 2086 3675 2140 nondum

2134 2184 2414 2240 advenerit
2441 2203 2455 2240 :
2487 2195 2544 2241 et
2570 2186 2688 2255 ipse
2720 2185 2978 2241 Dominus
3005 2185 3058 2239 in
3097 2185 3256 2239 iuitio
3291 2183 3677 2254 praedicationis

2135 2292 2246 2332 sua:
2271 2294 2375 2332 non
2404 2278 2540 2333 dicit
2569 2295 2584 2332 :
2613 2278 2775 2334 Venit
2808 2292 3031 2348 regnum
3061 2277 3320 2330 cozlorum
3348 2276 3503 2339 ;sed,
3543 2293 3561 2325 (
3584 2273 3678 2341 Ap-

2135 2367 2519 2436 propinquavit
2546 2383 2772 2438 regnum
2801 2369 3065 2424 cmlorum
3106 2367 3172 2420 ”.
3204 2386 3222 2418 ι
3274 2367 3522 2421 Ρηιεεεηε
3569 2380 3676 2420 vero

2140 2467 2350 2526 tempus
2381 2472 2491 2512 non
2528 2467 2636 2512 tam
2673 2457 2820 2528 regni
2853 2457 3082 2513 dixerim
3121 2457 3292 2510 videri
3327 2470 3492 2525 quam
3524 2454 3634 2509 belli
3662 2473 3676 2509 :

2137 2561 2234 2617 per
2305 2549 2448 2617 quod
2519 2548 2718 2604 bellum
2782 2549 3022 2603 futurum
3085 2563 3312 2618 regnum
3375 2557 3676 2618 queratur,

2139 2638 2388 2706 quamvis
2417 2641 2519 2692 hoc
2545 2638 2662 2709 ipso
2692 2639 2812 2693 belli
2847 2648 3112 2709 tempore,
3139 2638 3266 2709 quia
3289 2638 3402 2707 jam
3433 2653 3495 2690 ex
3525 2635 3675 2705 aliqua

2137 2741 2295 2799 parte
2363 2745 2584 2801 regnum
2648 2731 2838 2785 mortis
2905 2729 3259 2799 infringitur,
3318 2739 3377 2783 et
3440 2727 3675 2798 paulatim

2139 2823 2457 2887 destruitur,
2512 2824 2656 2892 quod
2703 2825 2854 2892 prius
2896 2825 2948 2878 in
3005 2837 3194 2878 omnes
3233 2822 3485 2877 homines
3527 2821 3679 2874 fuerat

2142 2916 2450 2979 dilatatum,
2475 2916 2723 2972 Christus
2749 2931 2975 2986 regnare
2993 2913 3225 2978 dicatur,
3245 2913 3540 2969 secundum
3571 2911 3679 2964 illud

2139 3008 2282 3077 quod
2315 3007 2574 3076 scriptum
2609 3016 2734 3061 est:
2771 3025 2788 3057 ι
2817 3004 3043 3076 Oportet
3086 3005 3232 3059 enim
3286 3019 3411 3058 eum
3456 3017 3676 3072 regnare,

2141 3098 2312 3152 donec
2380 3105 2544 3168 ponat
2606 3111 2796 3150 omnes
2853 3095 3108 3150 inimicos
3161 3094 3280 3162 ejus
3333 3095 3436 3149 sub
3486 3094 3682 3163 pedibus

2139 3189 2256 3262 ejus
2277 3190 2357 3258 ⁶⁰;
2383 3207 2401 3240 ι
2435 3198 2488 3242 et
2522 3188 2646 3242 item
2676 3187 2802 3241 alibi
2834 3187 2965 3241 dicit
2995 3205 3008 3240 :
3045 3203 3062 3237 ι
3094 3184 3250 3240 Nunc
3275 3195 3459 3239 autem
3483 3186 3679 3239 necdum

2140 3283 2385 3336 videmus
2408 3281 2652 3348 subjecta
2681 3294 2800 3335 esse
2832 3279 2878 3333 ei
2909 3275 3019 3348 (26)
3049 3276 3232 3331 omnia
3265 3275 3333 3330 σί.
3360 3294 3381 3327 ι
3435 3273 3580 3329 Unde
3605 3289 3680 3342 ap-

468 3377 635 3415 unum
684 3364 865 3420 .lesum
910 3364 1186 3421 Christum
1230 3368 1295 3422 ".
1326 3387 1346 3421 ι
1392 3368 1564 3437 Ipsius
1619 3379 1798 3424 autem
1851 3371 2040 3425 mortis

468 3453 561 3508 hic
615 3456 941 3513 describitur
989 3476 1237 3530 regnum,
1277 3477 1403 3530 qua:
1435 3462 1571 3515 alias
1607 3462 1653 3494 ⁵³
1691 3461 1889 3516 dicitur
1925 3461 2038 3534 (25)

471 3545 728 3602 inimicus
790 3564 910 3604 esse
950 3550 1154 3607 Christi
1201 3553 1422 3607 ultimus
1470 3552 1556 3607 vel
1592 3553 1916 3610 novissimus
1947 3557 2041 3610 de-

469 3645 790 3696 struendus.
849 3641 1175 3698 Destruetur
1209 3656 1388 3700 autem
1421 3645 1475 3700 in
1518 3660 1604 3712 eo,
1663 3657 1718 3700 ut
1743 3646 1883 3700 ultra
1931 3661 2039 3701 non

469 3741 678 3798 regnet.
724 3734 876 3800 Quod
924 3735 970 3790 si
1021 3751 1124 3791 non
1162 3747 1373 3808 regnat,
1424 3747 1631 3793 certum
1682 3748 1764 3792 est
1796 3739 1906 3809 jam
1943 3754 2042 3794 nec

468 3822 724 3878 delictum
784 3827 1021 3882 futurum
1072 3843 1230 3894 esse,
1285 3831 1339 3884 in
1389 3845 1500 3901 quo
1559 3831 1675 3886 solo
1735 3831 1922 3884 mortis
1959 3840 2043 3886 est

471 3927 716 3982 regnum,
761 3929 886 3973 tunc
945 3920 1064 3976 sine
1110 3922 1274 3976 dubio
1325 3939 1448 3977 cum
1499 3924 1565 3978 ad
1619 3939 1738 3979 eam
1783 3924 2036 3978 dicetur:

474 4004 1130 4071 iUbiest,mors,aculeus
1159 4022 1282 4067 tuus
1313 4014 1396 4068 5‘?
1419 4033 1437 4066 ι
1493 4016 1755 4084 quoniam
1796 4015 2040 4082 quidem,

467 4108 528 4151 ut
562 4099 674 4169 ipse
697 4103 990 4171 Apostolus
1019 4105 1174 4170 dicit,
1220 4123 1239 4158 ι
1265 4107 1488 4163 aculeus
1531 4108 1725 4163 mortis
1761 4118 2039 4178 peccatum

465 4200 570 4256 est,
607 4194 780 4249 virtus
804 4207 983 4250 autem
1015 4198 1223 4265 peccati
1259 4202 1342 4253 lex
1370 4201 1439 4254 ".
1469 4219 1488 4252 ι
1533 4199 1723 4255 Restat
1749 4215 1878 4271 ergo
1913 4211 2043 4257 tunc

467 4298 644 4351 neque
699 4285 870 4355 legem
921 4289 1197 4354 futuram,
1257 4290 1303 4344 si
1354 4291 1571 4359 quidem
1606 4293 1814 4360 peccati
1871 4293 2043 4348 virtus

469 4375 586 4445 ipsa
632 4377 863 4439 dicatur.
920 4393 978 4435 ut
1029 4384 1234 4452 peccati
1276 4385 1477 4439 virtute
1535 4385 1784 4450 sublata,
1845 4387 2041 4442 merito

465 4469 637 4538 possit
663 4480 715 4524 et
747 4486 969 4542 regnum
998 4475 1189 4530 mortis
1217 4476 1442 4532 aboleri.
1489 4473 1594 4531 Sed
1621 4477 1732 4532 haec
1763 4477 1817 4532 in
1847 4494 2039 4533 exces-

466 4577 529 4615 su
571 4577 712 4618 nunc
744 4565 884 4619 dicta
914 4565 1025 4619 sint
1056 4585 1070 4619 :
1110 4568 1222 4622 suis
1245 4569 1390 4621 enim
1428 4567 1481 4621 in
1515 4567 1651 4623 locis
1680 4573 2039 4639 opportunius

466 4653 840 4722 requirentur.
914 4652 1085 4709 Velim
1139 4664 1318 4710 tamen
1378 4657 1687 4724 percontari
1749 4657 2038 4729 (quoniam

466 4744 685 4810 quidem
747 4755 974 4801 mortem
1043 4763 1268 4817 regnum
1339 4761 1510 4817 usque
1560 4747 1627 4801 ad
1693 4752 2039 4819 praesentiam

465 4833 690 4901 Christi,
725 4838 818 4906 qui
871 4847 956 4894 est
1007 4839 1140 4905 vita,
1197 4841 1434 4896 diximus
1498 4843 1772 4908 tenuisse;
1831 4846 2044 4901 venisse

2137 3385 2292 3446 paret
2344 3373 2470 3444 quia
2525 3373 2626 3427 hoc
2661 3371 2803 3443 quod
2845 3371 2999 3433 dicit,
3067 3366 3344 3438 «Oportet
3389 3367 3531 3422 enim
3576 3380 3675 3418 eum

2140 3480 2384 3536 regnare,
2413 3484 2432 3517 ι
2471 3462 2636 3536 556
2665 3477 2760 3532 pro
2786 3477 3010 3533 regnum
3043 3475 3262 3531 parare,
3293 3458 3554 3528 posuerit.
3573 3455 3678 3510 Cera

2141 3567 2254 3613 tum
2282 3565 2364 3611 est
2393 3557 2537 3610 enim
2565 3557 2690 3624 quia
2715 3554 2865 3624 prius
2908 3549 3020 3623 (27)
3067 3552 3419 3622 pugnandum
3472 3557 3582 3610 est,
3631 3555 3676 3598 et

2141 3647 2444 3718 alligandos
2493 3657 2575 3703 est
2617 3647 2792 3708 fortis.
2852 3654 2908 3700 et
2959 3645 3038 3699 sic
3073 3659 3200 3698 vasa
3243 3643 3363 3712 ejus
3411 3639 3678 3709 diripienda

2141 3751 2266 3793 sunt
2291 3739 2358 3791 ⁸⁸.
2417 3738 2487 3792 Ει
2534 3738 2656 3792 ideo
2701 3737 2867 3792 etiam
2901 3737 3018 3804 ipse
3046 3733 3304 3787 Salvator
3331 3733 3465 3786 dicit
3494 3750 3506 3785 :
3541 3749 3558 3781 ι
3584 3726 3675 3781 Non

2140 3832 2261 3886 veni
2295 3845 2481 3900 pacem
2508 3830 2748 3893 mittere,
2777 3829 2871 3883 sed
2912 3826 3152 3898 gladium
3189 3824 3257 3879 “.
3291 3843 3310 3876 ›
3345 3823 3547 3878 Tandiu
3576 3833 3679 3872 vero

2141 3925 2483 3993 pugnandum
2531 3933 2614 3978 est
2659 3923 2726 3975 ab
2760 3922 2842 3975 his
2875 3921 2969 3990 qui
3015 3933 3247 3988 regnare
3281 3915 3470 3970 volunt
3513 3914 3560 3967 in
3592 3911 3677 3963 vita

2141 4032 2237 4086 per
2259 4014 2443 4070 Jesum
2479 4014 2774 4081 Christum,
2799 4012 2978 4066 donec
3006 4029 3025 4062 ι
3051 4009 3387 4066 novissimus
3417 4005 3673 4060 inimicus:

2141 4110 2452 4162 destruatur
2479 4125 2497 4159 ι
2527 4120 2674 4160 mors
2708 4105 2775 4159 “.
2806 4124 2824 4157 ι
2863 4104 2969 4160 Sed
3012 4113 3068 4159 et
3108 4105 3176 4161 de
3211 4097 3543 4154 abundantia
3579 4108 3680 4162 gra-

2141 4199 2251 4265 tiae,
2299 4208 2356 4255 et
2405 4199 2544 4254 dono
2589 4197 2812 4267 iustitia:
2863 4195 3144 4250 sciendum
3174 4191 3418 4261 estquia
3460 4188 3523 4242 ad
3568 4182 3677 4239 illud

2151 4307 2401 4360 regnum,
2434 4292 2576 4360 quod
2607 4291 2841 4345 diximus
2865 4286 3159 4359 przeparari
3207 4298 3305 4354 per
3342 4280 3557 4340 bellum,
3587 4289 3674 4328 non

2141 4385 2290 4438 venit
2332 4385 2526 4454 aliquis
2556 4383 2650 4452 qui
2702 4398 2860 4436 unam
2897 4381 3124 4450 gratiam
3170 4375 3348 4431 solum
3389 4375 3677 4454 consecutus

2144 4483 2246 4535 est,
2275 4474 2378 4527 hoc
2404 4453 2509 4534 est,
2544 4473 2634 4542 qui
2665 4472 2717 4526 in
2748 4485 2853 4525 uno
2873 4470 3052 4538 aliquo
3082 4481 3246 4535 opere
3278 4461 3568 4533 placuerit;
3601 4453 3676 4507 sed

2143 4565 2472 4619 abundantia
2507 4565 2692 4633 gratia:
2714 4565 2782 4618 ab
2811 4577 2876 4617 eo
2904 4560 3220 4631 requiritur,
3249 4555 3542 4610 secundum
3576 4559 3674 4600 eum

2143 4657 2234 4726 qui
2289 4657 2467 4710 dicit:
2507 4674 2526 4707 ι
2568 4653 2949 4709 Abundantius
2995 4661 3173 4705 autem
3218 4662 3386 4718 quant
3415 4655 3588 4698 omnes
3617 4633 3674 4688 illi

2144 4747 2409 4814 laboravi,
2434 4763 2539 4802 non
2570 4757 2749 4803 autem
2780 4761 2900 4816 ego,
2934 4743 3025 4799 sed
3054 4741 3229 4812 gratia
3255 4739 3353 4792 Dei
3384 4729 3673 4790 mecum'h

2147 4841 2358 4897 Similia
2389 4857 2620 4912 quaaque
2650 4840 2762 4911 (28)
2787 4841 2948 4894 etiam
2999 4837 3086 4891 his
3129 4848 3271 4904 quos
3305 4834 3494 4888 imbuit
3520 4836 3677 4900 precn-

538 4969 584 5001 ‘°
607 4971 804 5026 Ezech.
831 4988 985 5037 xvtu,
1007 4975 1062 5030 4.
1140 4975 1184 5007 ⁸⁸
1204 4974 1343 5030 Psal.
1375 4989 1489 5035 xxi,
1519 4973 1604 5028 16.
1680 4975 1728 5006 ⁸“¹
1756 4976 1913 5031 Rom.
1944 4993 1995 5040 ν,

2192 4978 2234 5008 ⁸¹
2275 4977 2403 5031 ibid.
2432 4973 2636 5037 12.15,
2671 4971 2756 5026 16.
2832 4972 2879 5004 ³¹
2913 4969 3040 5024 ibid.
3082 4967 3170 5041 17.
3214 4958 3674 5041 Ιβῡικκνηξβ.

467 5038 514 5070 ιι
541 5041 669 5098 ibid.
697 5044 788 5096 55.
863 5044 910 5076 ιδ
938 5031 1068 5098 uim.
1100 5045 1188 5100 56.
1265 5031 1597 5099 "ibid.'24.
1674 5046 1880 5100 "ibid.
1913 5031 2003 5102 23'.

2138 5050 2142 5077 ¹
2172 5049 2447 5110 Matthm,
2476 5031 2562 5098 ti).
2623 5031 2695 5074 ’⁸⁸
2735 5041 2926 5095 Matth.
2967 5055 3047 5101 ut.
3075 5039 3128 5091 2.
3209 5037 3257 5068 '°
3290 5035 3309 5089 1
3341 5035 3465 5090 Cor.
3501 5031 3673 5094 “.25.

470 5110 510 5142 “
540 5110 700 5166 Hebr.
733 5128 793 5174 ll,
832 5114 886 5169 8.
963 5116 1007 5145 “
1050 5114 1240 5170 Matth.
1263 5131 1362 5180 xtl,
1395 5115 1485 5169 29.
1562 5113 1814 5171 “Matth.
1849 5133 1902 5181 x,
1928 5117 2016 5170 54.

2138 5137 2140 5144 '
2171 5119 2186 5172 Ι
2221 5118 2350 5173 Cor.
2373 5133 2463 5183 xv,
2493 5115 2580 5169 26.
2661 5114 2705 5144 “
2734 5113 2902 5166 lCor.
2933 5125 3024 5175 xv,
3049 5110 3136 5162 10.

543 5227 652 5301 (2i)
689 5228 780 5283 Sic
823 5245 924 5301 ms.
969 5247 1110 5285 unus
1161 5231 1383 5301 Regius.
1423 5228 1580 5301 Editig
1614 5244 1762 5297 vero,
1816 5249 1846 5301 _«
1873 5230 2037 5285 Multo

469 5300 646 5369 magis
681 5309 744 5369 et
793 5299 1123 5354 abundantia
1169 5299 1377 5368 gratiae,
1446 5310 1502 5354 et
1553 5299 1750 5354 donqu
1805 5299 2038 5369 iustitia:

470 5368 745 5439 regnabit,
769 5388 788 5421 ι
827 5381 930 5422 etc.
965 5371 1116 5424 Alter
1153 5386 1255 5424 ms.
1301 5389 1320 5421 α
1347 5370 1514 5424 multo
1554 5371 1724 5439 magis
1769 5368 1823 5424 et
1868 5372 2040 5425 abun-

471 5437 710 5511 dantiam
740 5441 946 5511 gratim.
977 5451 1030 5494 et
1054 5442 1204 5503 doni,
1226 5440 1551 5511 etjustitias,
1588 5437 1987 5511 et'reguahunt,
2011 5459 2030 5491 ι

470 5514 577 5558 etc.
621 5505 776 5562 Alius
805 5510 1002 5572 Regius
1055 5527 1207 5564 num.
1245 5505 1382 5564 1659
1436 5511 1597 5563 habet
1630 5505 2025 5574 tantummodo,

477 5592 497 5624 ι
525 5580 821 5656 regnabunt
851 5595 946 5646 per
985 5596 1148 5634 unum
1187 5578 1368 5634 Jesum
1410 5579 1709 5645 Christum,
1737 5599 1756 5631 ι
1812 5581 2030 5634 οιιιίεείε

469 5656 706 5699 caneris.

544 5713 654 5776 (2'2)
719 5715 909 5770 Gratia
957 5715 1088 5780 Dei,
1154 5729 1209 5774 et
1247 5719 1442 5773 iterum
1489 5718 1645 5787 paulo
1685 5727 1835 5786 post,
1900 5730 2026 5786 gra-

475 5788 581 5851 tiu,
627 5787 818 5842 desunt
844 5789 896 5842 in
925 5790 1107 5848 editis.
1143 5799 1196 5844 et
1225 5790 1279 5843 in
1310 5789 1579 5848 blerismte
1613 5805 1740 5845 mss.

2211 5233 2324 5303 (25)
2357 5233 2558 5293 Alias,t
2591 5231 2694 5286 hoc
2724 5227 3056 5284 describitur
3080 5238 3329 5292 regnum,
3360 5235 3478 5290 qua:
3503 5223 3550 5272 in
3578 5217 3674 5268 aliis

2137 5303 2354 5365 dicitur,
2382 5323 2400 5354 ι
2432 5314 2543 5355 etc.

2210 5356 2415 5442 (ὶιηη
2448 5370 2614 5442 medio
2638 5369 2756 5442 hoc,
2787 5367 2861 5421 id.
2891 5365 3014 5442 Haec
3046 5365 3243 5442 desunt
3279 5364 3332 5442 in
3376 5360 3545 5415 editis.
3578 5356 3661 5410 Ms.

2133 5436 2275 5497 unus
2306 5436 2400 5511 pro
2437 5461 2454 5492 ι
2480 5440 2541 5511 itt_
2569 5440 2744 5511 medio
2768 5458 2788 5488 ι
2823 5441 2987 5511 habet
3025 5455 3042 5486 ι
3075 5436 3378 5489 moriendo.
3416 5453 3434 5484 ι

2207 5509 2320 5580 (‘25)
2375 5511 2496 5566 Ubi.
2528 5509 2583 5562 In
2618 5510 2776 5562 editis
2801 5509 3090 5580 omittitur.

2210 5577 2323 5652 (:16)
2357 5583 2444 5652 Εἰ.
2472 5581 2819 5652 Desidet-ator
2845 5579 2896 5652 in
2928 5577 3109 5652 editis.

2233 5647 2322 5723 2:7)
2354 5651 2534 5704 Prius.
2563 5647 2833 5723 Nusquam
2865 5649 2914 5699 itt
2951 5647 3110 5700 editis
3131 5654 3434 5716 comparet.

2233 5654 2322 5723 2:7)
2354 5653 2534 5704 Prius.
2563 5653 2833 5717 Nusquam
2865 5653 2914 5699 itt
2951 5653 3104 5700 editis

2208 5653 2320 5794 (28)
2348 5723 2522 5788 Alias,
2555 5741 2573 5772 ι
2598 5720 2795 5774 similia
2825 5731 3057 5788 quoque.
3081 5735 3104 5770 ι
