3768 6538
113 333 234 390 1029

1047 333 1404 391 COMMENT.
1441 334 1510 388 IN
1547 333 1766 392 EPIST.
1803 334 1892 389 AD
1925 337 2092 398 ROM.
2124 339 2252 397 LIB.
2287 342 2353 398 ν.

3205 359 3338 416 1050

113 465 207 513 tur,
247 466 374 506 cum
409 451 542 505 dicit
573 470 587 508 :
620 469 637 502 α
663 451 847 507 Gratia
897 450 1054 506 vobis
1095 461 1149 507 et
1198 469 1300 524 pax
1349 454 1672 524 multiplice-
1698 458 1744 513 A
1775 465 2090 522 peccatores
2119 458 2400 512 constituti
2433 469 2558 516 sunt
2615 465 2792 528 multi,
2837 466 2911 522 ita
2944 481 2999 524 ct
3033 487 3131 540 per
3177 479 3336 533 unius

112 557 183 600 tor
212 546 278 598 “.
308 565 329 596 ι
361 544 757 615 Multiplicatur
782 558 915 616 ergo
948 545 1121 613 gratia
1155 558 1211 600 et
1231 546 1507 609 abundat,
1536 547 1580 600 si
1611 557 1665 601 et

111 652 274 691 sermo
310 646 503 691 noster
526 651 744 707 semper
776 635 828 690 in
859 637 1034 707 gratia
1063 637 1177 692 sale
1207 639 1276 691 sit
1306 638 1577 704 conditus,
1611 648 1666 694 et

110 743 228 798 opus
255 737 507 806 nostrum
533 744 656 784 cum
680 730 854 801 gratia
878 730 1201 784 humilitatis
1222 741 1276 785 et
1303 731 1666 800 simplicitatis

111 821 206 886 flat,
230 830 282 876 et
313 821 505 875 omnia
533 836 654 890 qua:
685 821 894 891 agimus
939 821 1006 874 ad
1032 819 1256 890 gloriam
1297 822 1389 876 Dei
1419 838 1664 894 agamus.

110 913 355 969 Similiter
381 913 550 966 etiam
582 915 649 969 de
683 913 826 967 dono
861 912 1086 984 iustitiae
1137 914 1509 982 accipiendum
1559 927 1662 972 est.

110 1006 234 1060 Nihil
261 1008 411 1062 enim
438 1007 788 1076 siuejustitia
824 1022 987 1079 agere
1024 1008 1181 1063 debet
1219 1012 1308 1079 qui
1333 1011 1665 1079 justiﬁcatur

109 1098 414 1167 aChristo,
451 1102 746 1156 secundum
796 1116 917 1154 eum
970 1102 1062 1170 qui
1109 1103 1240 1156 dicit
1275 1123 1286 1158 :
1329 1103 1524 1158 «Beati
1570 1105 1661 1175 qui

107 1193 409 1248 custodiunt
436 1194 696 1263 judicium
720 1234 736 1258 ,
790 1204 844 1249 et
886 1193 1092 1248 faciunt
1139 1195 1404 1264 justitiam
1433 1197 1485 1250 in
1517 1198 1663 1252 omni

108 1293 334 1354 tempore
361 1284 446 1350 ⁶⁷;
476 1303 496 1335 ι
526 1295 582 1338 et
619 1285 914 1339 secundum
947 1286 1087 1356 quod
1122 1284 1397 1355 Sapientia
1423 1303 1667 1358 pronun~

109 1375 190 1430 tiat
217 1376 431 1442 dicens,
488 1376 616 1444 quia
646 1393 665 1427 ι
696 1384 750 1429 et
781 1376 826 1430 si
871 1376 1143 1444 perfectus
1174 1377 1247 1432 sit
1273 1380 1394 1447 quis
1442 1381 1494 1434 in
1539 1379 1663 1437 [iliis

109 1468 401 1531 hominum,
438 1467 614 1522 si-nnn
647 1467 1091 1536 adsiteijustitia
1124 1485 1152 1522 a
1188 1469 1325 1533 Deo,
1350 1470 1404 1524 in
1435 1471 1663 1526 nihilum

108 1561 439 1631 reputabitur
461 1561 548 1625 ⁶⁸;
584 1579 604 1613 ι
643 1570 697 1616 et
725 1561 827 1616 hoc
852 1561 1014 1617 modo
1061 1562 1152 1632 qui
1182 1561 1469 1617 habuerint
1491 1563 1663 1617 abun-

107 1654 334 1708 dantiam
363 1653 558 1724 gratiae
580 1663 635 1708 et
654 1654 848 1708 donum
871 1653 1120 1724 jnstitim,
1147 1656 1200 1710 in
1225 1657 1331 1715 vita
1364 1659 1663 1729 regnabunt

103 1757 188 1811 per
214 1757 384 1796 unum
416 1741 603 1798 Jesum
626 1743 906 1799 Christum
931 1745 1000 1799 ⁸³.

161 1835 212 1890 4.
265 1836 499 1907 «Itaque
545 1838 691 1894 sicut
734 1853 832 1908 per
874 1841 1033 1894 unius
1065 1839 1320 1896 delictum
1368 1841 1422 1897 in
1474 1857 1662 1899 omnes

101 1926 336 1982 homines
369 1927 424 1980 in
450 1929 982 1993 condemnationem,
1013 1931 1083 1984 ita
1108 1941 1161 1985 et
1192 1947 1289 2002 per
1315 1933 1473 1988 unius
1501 1933 1663 2002 justi-

105 2018 220 2070 tiam
253 2017 307 2071 in
346 2033 540 2073 omnes
569 2019 817 2075 homines
844 2020 896 2075 in
921 2020 1362 2091 justiﬁeationem
1394 2025 1516 2079 vita:
1543 2025 1609 2077 ⁷⁸.
1634 2043 1654 2078 ι

101 2106 205 2162 Jam
234 2116 288 2162 et
314 2109 572 2178 superius
598 2109 833 2166 diximus
884 2112 1028 2181 quod
1074 2127 1172 2182 per
1221 2113 1476 2170 delictum
1531 2115 1661 2170 Adze

102 2200 237 2256 velut
269 2201 453 2257 aditus
487 2203 708 2272 quidam
742 2204 903 2259 datus
927 2214 1030 2270 est,
1058 2221 1166 2275 quo
1201 2205 1255 2261 in
1277 2221 1466 2262 omnes
1487 2208 1663 2264 homio

101 2307 187 2347 nes
214 2293 303 2348 vel
322 2305 635 2363 peccatum,
661 2295 744 2350 vel
770 2311 919 2352 mors
940 2298 1153 2366 peccati
1182 2339 1198 2364 ,
1225 2299 1308 2355 vel
1335 2301 1662 2358 condemna-

101 2385 166 2439 tio
209 2386 547 2456 pervenirct.
613 2387 932 2444 Ecoutrario
966 2405 1096 2460 ergo
1144 2391 1394 2449 Christus
1453 2395 1659 2450 aditum

97 2475 500 2546 iustiﬁcationis
553 2479 791 2549 aperuit,
824 2495 920 2550 per
949 2497 1108 2552 quem
1134 2483 1240 2538 vita
1285 2485 1663 2556 ingrederetur

100 2568 158 2623 ad
189 2569 468 2636 homines,
532 2581 588 2627 et
637 2572 756 2630 ideo
790 2575 1007 2630 dicebat
1037 2575 1104 2631 de
1135 2579 1465 2646 semetipso:
1500 2597 1518 2631 ι
1551 2579 1660 2651 Ego

99 2676 203 2715 sum
241 2663 466 2717 ostium.
499 2663 605 2719 Per
633 2681 719 2720 me
740 2667 783 2720 si
814 2665 935 2736 quis
962 2667 1242 2738 ingressus
1266 2668 1450 2738 fuerit,
1484 2671 1661 2726 salva-

99 2752 238 2808 bitur
261 2755 331 2807 ".
365 2773 384 2808 ι
423 2755 530 2810 Sed
557 2756 621 2810 de
650 2757 735 2811 his
761 2757 873 2826 jam
923 2759 976 2813 in
1021 2760 1388 2829 superioribus
1419 2766 1553 2818 satis
1578 2773 1662 2819 est

98 2845 313 2900 dictum.
360 2845 498 2902 Illud
533 2857 710 2902 tamen
761 2851 1156 2904 observandmn
1203 2861 1308 2916 est,
1358 2857 1502 2925 quod
1551 2871 1660 2912 non

100 2937 228 2993 dixit
259 2957 274 2994 :
317 2959 337 2991 ι
367 2939 532 2995 Sicut
571 2939 626 2995 in
661 2957 848 2997 omnes
891 2942 1137 3000 homines
1168 2944 1222 2998 in
1253 2947 1660 3003 condemnatio.-

99 3043 211 3082 nem
241 3047 261 3081 ›
297 3030 522 3091 mortis.
571 3031 665 3086 sed
717 3032 1109 3098 tantummodo,
1177 3034 1275 3089 «in
1327 3037 1658 3093 condemna-

99 3121 313 3187 tionem,
348 3142 368 3176 ο
426 3138 537 3193 quo
567 3123 777 3202 scilicet
830 3125 885 3180 in
953 3126 1205 3182 omnibus
1250 3129 1445 3197 probet
1493 3131 1660 3186 multo

96 3213 458 3272 abundantius
495 3216 696 3271 donum
724 3233 847 3274 esse
879 3233 1039 3289 quam
1065 3219 1344 3276 delictum.
1384 3222 1662 3290 Quomodo

96 3322 239 3375 sane,
271 3309 355 3363 vel
379 3324 505 3379 quae
529 3310 910 3365 condemnatio
939 3311 989 3364 in
1015 3327 1202 3380 omnes
1225 3311 1472 3370 homines
1501 3331 1663 3372 vene-

98 3399 161 3452 rit
189 3399 485 3454 videndum
511 3409 614 3454 est.
651 3399 718 3454 Et
747 3399 992 3457 sulIicere
1018 3401 1242 3458 forsitan
1274 3414 1450 3475 potest
1469 3422 1663 3462 secun-

95 3489 213 3545 dum
242 3491 553 3562 simplicem
585 3493 1002 3561 expositionem,
1033 3503 1090 3548 ut
1129 3495 1373 3552 dicamus
1402 3499 1660 3555 condem-

96 3583 367 3639 nationem
420 3597 545 3638 esse
587 3582 769 3638 delicti
824 3598 1163 3641 communem
1212 3587 1353 3642 hanc
1410 3600 1660 3657 mortem,

94 3689 207 3741 qua:
236 3675 501 3730 omnibus
526 3676 695 3741 venit,
724 3684 778 3729 et
807 3675 1006 3738 veniet.
1039 3678 1203 3732 etiam
1225 3678 1417 3748 sijusti
1447 3679 1664 3736 videan-

96 3776 199 3822 tur.
225 3767 385 3835 Quod
422 3767 468 3820 si
502 3766 646 3822 forle
670 3767 866 3838 aliquis
907 3767 1132 3837 objiciat
1157 3771 1223 3824 de
1249 3771 1434 3827 Enoch
1460 3783 1515 3826 et
1543 3773 1660 3828 Elia

92 3858 179 3926 qui
229 3857 492 3912 translati
545 3848 681 3913 sunt
722 3873 791 3912 ne
846 3857 1096 3913 viderent
1149 3868 1378 3916 mortem
1416 3863 1508 3918 ’ἐ
1557 3863 1662 3920 hoc

94 3950 248 4005 modo
281 3951 403 4005 haec
428 3965 596 4006 causa
626 3950 865 4006 salvatur
896 3952 1034 4024 (29),
1072 3953 1213 4022 quod
1259 3969 1365 4009 non
1406 3956 1662 4010 continuo

90 4039 220 4096 falsa
270 4045 569 4098 videantur
620 4057 681 4097 ea
723 4060 844 4114 qua:
871 4049 937 4101 de
981 4046 1236 4102 omnibus
1283 4048 1555 4112 dicuntur,
1613 4049 1659 4105 si

93 4131 267 4202 aliqua
300 4133 642 4204 dispensatio
666 4133 760 4188 Dei
787 4136 840 4189 in
875 4151 982 4190 uno
1011 4136 1096 4190 vel
1120 4137 1327 4192 duobus
1356 4139 1663 4196 hominibus

90 4224 227 4280 facta
259 4238 369 4282 est.
428 4225 539 4282 Sed
582 4235 639 4280 et
686 4227 814 4284 illud
845 4229 968 4299 quis
998 4238 1394 4300 competenter,
1428 4238 1488 4284 ut
1515 4232 1663 4287 arbi-

90 4325 221 4386 tror,
259 4322 509 4391 proferet
540 4323 593 4376 in
635 4322 774 4386 loco,
803 4322 929 4392 quia
968 4337 1090 4377 cum
1115 4321 1433 4393 deliquisset
1463 4325 1660 4389 Adam,

88 4410 353 4481 scriptum
380 4421 468 4468 est
497 4413 546 4446 ⁷³
570 4415 712 4484 quod
740 4414 901 4482 eiecit
946 4429 1070 4469 eum
1113 4413 1374 4470 Dominus
1424 4415 1565 4470 Deus
1598 4418 1662 4470 de

1769 553 2136 607 obedientiam
2176 553 2306 621 justi
2344 558 2740 613 constituentur
2790 563 2943 617 multi
2985 565 3052 621 ".
3079 585 3100 618 ι
3155 568 3335 626 Potest

1773 644 1990 712 quidem
2030 644 2144 698 ﬁeri
2173 655 2230 699 ut
2272 648 2567 702 secundum
2602 664 2666 704 ea
2703 667 2822 719 quae
2874 653 2924 707 in
2969 660 3332 727 superioribus

1770 737 2202 801 observavimus,
2227 737 2460 803 Paulus,
2511 740 2701 797 volens
2741 747 3002 814 mysteria
3046 753 3332 807 secretiora

1767 837 2082 898 contegere,
2111 844 2245 898 quos
2268 830 2394 884 alibi
2427 849 2446 881 ς
2479 847 2672 888 omnes
2696 854 2715 887 ι
2761 836 3010 903 dixerat,
3039 840 3163 896 alibi
3202 844 3333 896 Inul-

1769 929 1852 971 tos
1884 929 2084 988 ponat,
2119 935 2184 974 ne
2213 921 2357 975 forte
2398 922 2441 975 si
2486 924 2714 978 dixisset
2773 944 2791 976 σ
2816 942 2910 995 per
2943 931 3101 986 unius
3149 932 3334 988 inobe-

1767 1011 2026 1064 dientiam
2060 1022 2382 1080 peccatores
2404 1032 2422 1063 ι
2462 1011 2636 1069 factos
2666 1033 2788 1074 esse
2825 1035 3035 1086 omnes,
3075 1033 3128 1078 et
3155 1041 3334 1082 neces-

1766 1102 1913 1156 sario
1946 1103 2343 1171 subjunxisset,
2381 1124 2400 1157 ι
2436 1106 2505 1160 ita
2549 1123 2603 1162 et
2639 1126 2733 1179 per
2781 1111 2942 1167 unius
2975 1115 3334 1172 obedientiam

1760 1191 1889 1258 justi
1917 1196 2327 1248 constituentur
2351 1214 2369 1246 ι
2397 1212 2606 1263 omnes,
2631 1201 2909 1255 videretur
2937 1218 3002 1258 ex
3029 1204 3333 1274 hujusmodi

1765 1285 2146 1351 promissionis
2194 1287 2496 1343 securitate
2544 1289 2817 1345 resolvere
2877 1293 3088 1349 animos
3146 1311 3333 1351 eorum

1765 1375 1958 1443 quibus
1983 1377 2197 1446 expedit
2227 1393 2349 1432 esse
2383 1379 2482 1433 sub
2509 1391 2675 1436 metu.
2705 1382 2768 1435 Et
2793 1381 2912 1439 ideo
2939 1401 3036 1440 nos
3064 1386 3236 1441 ﬁdelis
3277 1397 3332 1442 et

1765 1469 2043 1537 prudentis
2108 1470 2160 1523 in
2201 1471 2369 1526 verbo
2423 1470 2516 1527 Dei
2591 1475 2986 1542 dispensatoris
3045 1478 3332 1534 consilium

1763 1571 2065 1627 servantes,
2093 1576 2195 1630 pro
2225 1577 2288 1617 eo
2329 1563 2500 1633 magis
2551 1565 2871 1622 satisfacere
2897 1567 3152 1624 debemus
3191 1585 3332 1640 quo—

1761 1653 1926 1709 modo
1972 1670 2067 1724 per
2111 1657 2270 1711 unius
2329 1658 2759 1714 inohedientiam
2817 1678 2921 1718 non
2980 1679 3187 1728 omnes,
3234 1665 3330 1719 sed

1764 1748 1916 1802 multi
1971 1758 2096 1805 sunt
2133 1760 2448 1819 peccatores
2488 1753 2637 1810 facti.
2693 1754 2826 1809 Nam
2879 1771 2974 1824 per
3013 1758 3172 1810 unius
3200 1759 3331 1812 obe-

1763 1840 2019 1895 dientiam
2056 1843 2328 1912 quomodo
2368 1860 2474 1898 non
2529 1861 2741 1911 omnes,
2789 1847 2883 1902 sed
2916 1847 3068 1900 multi
3125 1849 3330 1903 consti-

1763 1938 2007 1997 tuantur,
2056 1932 2425 1988 diliicultatem
2504 1951 2608 1989 non
2665 1935 2886 1991 habebit
2937 1936 3327 2007 intelligentiae,

1761 2022 2056 2076 secundum
2087 2023 2216 2077 illud
2241 2026 2384 2091 quod
2415 2026 2674 2081 Dominus
2700 2027 2831 2081 dicit
2859 2029 2908 2079 in
2943 2028 3233 2097 Evangelia
3257 2028 3324 2084 ⁷⁵ε

1765 2130 1786 2164 ι
1825 2111 1972 2167 Multi
2006 2114 2150 2170 enim
2183 2117 2402 2170 venient
2450 2116 2519 2171 ab
2546 2117 2768 2173 Oriente
2814 2127 2868 2172 et
2911 2116 3221 2183 Occidente,
3274 2130 3331 2172 et

1761 2207 2221 2262 recumbentcum
2251 2207 2559 2273 Abraham,
2601 2219 2654 2263 et
2705 2209 2875 2270 Isaac.
2935 2217 2989 2264 et
3052 2207 3218 2266 Jacob
3271 2210 3326 2264 in

1761 2310 1930 2364 regno
1959 2298 2076 2362 Dei,
2107 2317 2126 2351 ι
2170 2309 2224 2353 et
2253 2315 2358 2353 non
2387 2299 2548 2365 dixit,
2576 2303 2777 2357 Omnes
2803 2301 3044 2356 venient.
3075 2300 3328 2356 Peccato-

1761 2403 1853 2443 res
1876 2398 2054 2444 autem
2085 2390 2355 2459 quomodo
2388 2389 2545 2443 multi
2577 2399 2631 2443 et
2656 2405 2760 2442 non
2802 2405 2990 2443 onmes
3021 2389 3326 2456 videantur,

1762 2496 1884 2537 cum
1919 2481 2059 2535 idem
2085 2479 2384 2549 Apostolus
2413 2479 2557 2534 dicat
2597 2480 2740 2549 quod
2795 2497 2813 2531 r
2842 2495 3031 2536 omnes
3073 2495 3331 2549 peccave-

1761 2581 1907 2636 runt,
1935 2589 1953 2623 ›
1995 2571 2250 2625 debemus
2293 2570 2603 2626 ostendere.
2661 2569 2820 2624 Aliud
2855 2578 2937 2624 est
2993 2583 3219 2637 peccare
3251 2568 3326 2632 ⁷⁸,

1761 2664 1904 2718 aliud
1968 2671 2304 2733 peccatorem
2356 2677 2498 2716 esse.
2577 2660 2837 2716 Peccator
2886 2661 3084 2717 dicitur
3130 2662 3174 2716 is
3232 2661 3326 2730 qui

1761 2755 1924 2810 multa
1970 2752 2332 2824 delinquendo
2363 2797 2377 2821 ,
2411 2755 2464 2808 in
2501 2754 2948 2809 consuetudinem
2974 2795 2988 2820 ,
3026 2761 3099 2818 et,
3151 2761 3208 2806 ut
3250 2753 3325 2806 ita

1761 2846 1980 2913 dicam,
2044 2847 2096 2901 in
2166 2846 2406 2900 studium
2451 2844 2712 2914 peccandi
2765 2843 2878 2916 jam
2936 2845 3122 2910 venit;
3181 2845 3328 2899 sicut

1760 2935 2067 2993 econtrario
2100 2937 2282 3007 justus
2326 2951 2433 2990 non
2469 2935 2670 2989 dicitur
2710 2936 2755 2990 is
2791 2935 2883 3005 qui
2919 2933 3086 2990 semel
3112 2942 3208 2987 aut
3242 2933 3327 2986 bis

1762 3029 1965 3102 aliquid
2021 3029 2251 3100 justitiae
2309 3028 2549 3096 fecerit,
2636 3027 2730 3081 sed
2793 3027 2881 3082 ille
2940 3027 3031 3098 qui
3105 3041 3326 3093 semper

1688 3123 1904 3218 Cjuste
1955 3123 2176 3196 agendo,
2221 3122 2275 3176 in
2327 3135 2426 3176 usu
2485 3129 2540 3174 et
2603 3120 2999 3174 consuetudine
3053 3117 3324 3187 justitiam

1768 3214 1928 3286 557
1960 3214 2139 3268 habet.
2182 3208 2313 3264 Nam
2349 3209 2393 3265 si
2421 3211 2542 3280 quis
2575 3209 2629 3263 in
2663 3211 2876 3265 caeteris
2917 3207 3029 3266 fere
3064 3211 3316 3265 omnibus

1763 3300 2010 3377 injustus'
2026 3303 2117 3366 sit,
2148 3303 2315 3359 semel
2335 3316 2512 3358 autem
2545 3303 2627 3358 vel
2651 3303 2734 3359 his
2761 3301 2962 3372 aliquid
2981 3300 3112 3372 justi
3144 3307 3328 3373 operis

1761 3380 1954 3469 egerit,
1986 3397 2088 3452 iste
2137 3397 2356 3467 quidem
2400 3394 2455 3449 in
2493 3410 2559 3450 eo
2593 3409 2758 3464 opere
2803 3393 2856 3449 in
2908 3410 3016 3465 quo
3059 3394 3326 3465 justitiam

1764 3489 1954 3553 teauit,
1968 3487 2115 3558 juste
2141 3489 2318 3557 egisse
2335 3487 2570 3553 dicetur,
2602 3502 2707 3541 non
2735 3497 2913 3541 tamen
2939 3502 3001 3541 ex
3027 3485 3129 3542 hoc
3145 3485 3328 3554 justus

1762 3579 2143 3651 appellabitur.
2183 3579 2258 3634 Ita
2298 3590 2352 3634 et
2396 3579 2575 3648 justus
2625 3593 2875 3648 peccasse
2926 3579 3148 3648 quidem
3185 3579 3330 3633 dice-

1764 3679 1856 3727 tur
1881 3672 1992 3744 (30)
2026 3673 2072 3728 si
2105 3671 2307 3740 aliquid
2335 3672 2671 3725 commiserit
2727 3670 3019 3740 aliquando
3051 3671 3191 3738 quod
3219 3684 3326 3723 non

1763 3767 1910 3830 licet,
1946 3780 2053 3820 non
2084 3774 2269 3819 tamen
2298 3777 2362 3818 ex
2414 3763 2515 3817 hoc
2544 3771 2797 3830 peccator
2837 3760 3210 3831 appellabitur,
3236 3760 3326 3829 qui

1763 3859 2021 3931 peccandi
2055 3873 2210 3912 usum
2259 3866 2314 3910 et
2342 3853 2788 3910 consuetudinem
2827 3869 2932 3906 non
2968 3853 3112 3907 ten’et
3143 3866 3157 3906 :
3190 3851 3330 3906 sicut

1762 3958 1817 4002 et
1850 3947 2095 4002 medicus
2128 3945 2219 4000 ille
2258 3959 2362 3998 non
2394 3943 2598 3998 dicitur
2647 3943 2741 4012 qui
2795 3951 2889 3995 aut
2925 3939 3116 3996 leviter
3156 3951 3329 4009 ruptae

1764 4039 1957 4109 capitis
1986 4037 2094 4092 cuti
2121 4039 2224 4093 scit
2258 4037 2536 4106 imponere
2568 4048 2846 4096 araneam,
2892 4042 2986 4087 aut
3014 4033 3108 4103 qui
3144 4041 3326 4087 tumo-

1761 4146 1876 4186 rem
1910 4129 2151 4184 vulneris
2204 4143 2344 4198 aqua
2393 4126 2566 4182 calida
2629 4124 2842 4189 foverit,
2892 4123 3140 4194 quamvis
3163 4125 3329 4179 etiam

1764 4223 1868 4277 hoc.
1899 4221 2182 4277 medicina:
2208 4235 2328 4276 esse
2364 4221 2615 4274 videatur
2648 4236 2662 4273 :
2695 4219 2790 4273 sed
2817 4217 2910 4272 ille
2941 4218 3139 4272 dicitur
3163 4218 3334 4271 medi-

1763 4329 1858 4369 cus
1899 4313 1991 4384 qui
2029 4329 2208 4378 usum,
2258 4328 2323 4368 ac
2361 4311 2597 4367 studium
2621 4352 2637 4376 ,
2680 4320 2735 4364 et
2786 4308 3129 4377 disciplinam
3163 4308 3334 4362 habet

1763 4408 2031 4464 medendi.
2057 4407 2132 4462 Ex
2153 4406 2353 4477 quibus
2377 4406 2628 4460 omnibus
2658 4415 2785 4474 puto
2808 4401 3136 4458 sullicienter
3152 4411 3336 4455 osten-

87 4507 366 4571 paradiso,
408 4516 465 4560 et
497 4506 782 4561 constituit
829 4521 954 4561 eum
1011 4507 1062 4561 in
1114 4514 1258 4562 terra
1321 4507 1424 4562 hac
1469 4519 1658 4562 contra
1691 4497 1737 4554 Ι)
1767 4501 1816 4554 di
1853 4499 1997 4570 quod
2047 4499 2194 4554 aliud
2243 4498 2315 4552 sit
2348 4512 2595 4568 peccare,
2633 4496 2780 4550 aliud
2813 4503 3150 4564 peccatorem
3186 4499 3331 4546 esse.

87 4598 402 4662 paradisum
432 4597 787 4664 deliciarum;
816 4608 870 4652 et
894 4599 1008 4654 haec
1040 4599 1143 4654 fuit
1168 4600 1346 4654 delicti
1383 4600 1501 4669 ejus
1525 4615 1658 4655 con-

87 4686 389 4754 demnatio,
426 4705 548 4759 qua:
587 4691 641 4744 in
673 4705 864 4746 onmes
891 4691 1143 4746 homines
1172 4692 1290 4746 sine
1320 4693 1486 4748 dubio
1533 4709 1660 4764 per—

86 4781 255 4836 venit.
283 4781 490 4836 Omnes
520 4781 667 4836 enim
715 4783 769 4836 in
807 4781 926 4838 loco
970 4782 1074 4837 hoc
1102 4784 1494 4840 humiliationis
1523 4796 1575 4840 et
1607 4787 1659 4841 in

85 4872 340 4927 convalle
372 4871 536 4926 ﬂetus
575 4871 754 4926 eii'ecti
810 4881 978 4939 sunt;
1014 4872 1128 4927 sive
1171 4874 1316 4942 quod
1368 4874 1420 4926 in
1469 4874 1665 4930 lumbis

83 4959 211 5016 Adae
236 4962 468 5016 fuerunt
494 4976 688 5016 omnes
737 4962 832 5033 qui
868 4977 933 5016 ex
977 4977 1042 5018 eo
1087 4974 1405 5027 nascuntur,
1441 4973 1495 5018 et
1538 4979 1660 5018 cum

87 5051 198 5116 ipso
228 5054 448 5120 pariter
473 5053 630 5120 ejecti
657 5063 786 5108 sunt
807 5070 822 5108 :
841 5055 958 5109 sive
985 5054 1091 5109 alio
1119 5055 1360 5126 quolibet
1383 5056 1668 5110 inenarra-

85 5145 175 5198 bili
209 5147 379 5200 modo
397 5155 455 5201 et
481 5145 582 5200 soli
617 5145 726 5201 Deo
757 5148 972 5217 cognito
1003 5147 1373 5216 unusquisque
1399 5149 1466 5201 de
1502 5159 1666 5214 para-

83 5236 201 5292 diso
228 5246 418 5294 trusus
447 5239 684 5302 videtur,
720 5249 776 5295 et
810 5242 1092 5311 excepisse
1133 5241 1660 5298 condemnationem.

151 5329 210 5385 5.
248 5350 271 5384 r
303 5331 458 5388 Sicut
487 5333 631 5388 enim
657 5348 756 5404 per
782 5334 1204 5390 inobedientiam
1231 5332 1390 5388 unius
1421 5330 1662 5386 hominis

151 5484 245 5538 “l
277 5483 432 5540 Petr.
456 5502 499 5548 ι.
521 5486 581 5541 2.
654 5485 699 5517 ⁸⁷
729 5470 870 5541 Psal.
903 5502 989 5549 cv,
1020 5487 1076 5540 '5.
1152 5487 1196 5517 ⁶⁸
1226 5485 1354 5553 Sap.
1390 5500 1467 5548 ix,
1495 5483 1548 5537 6.
1627 5485 1662 5515 “

1769 5497 1955 5553 nm.7v,
2153 5475 2354 5553 "ibid.
2387 5472 2475 5527 l8.

81 5571 133 5618 v,
181 5555 298 5620 24;
331 5555 392 5627 ιγ
419 5538 577 5627 Regii
605 5573 668 5622 ιι,
700 5538 1074 5612 1-1ξ-ίήπγϐῗθῖι.
1097 5538 1409 5624 ιιι,25,’24.
1455 5538 1530 5586 ’⁷³
1560 5553 1662 5609 Ro:

1769 5570 1812 5617 ν’,
1841 5538 1952 5606 19(
2005 5551 2052 5580 ’⁵
2085 5547 2272 5601 Matth.
2312 5559 2432 5607 vni,
2469 5541 2560 5596 ll.
2632 5539 2855 5594 “Rom.
2889 5553 2944 5604 ν,
2973 5538 3059 5594 12.

84 5640 198 5693 HV,
235 5627 300 5693 4,
335 5626 398 5679 5.-

156 5746 279 5819 (29)
315 5747 483 5813 Alias,
525 5765 546 5798 ι
583 5747 636 5801 id
679 5745 1011 5819 quod_modo
1049 5743 1188 5819 [_a_l.,
1221 5758 1240 5792 ς
1295 5754 1348 5819 πρ
1377 5740 1484 5819 hoc
1514 5752 1667 5819 mun-

85 5807 176 5887 do,
205 5838 225 5871 ι
256 5807 384 5885 ἐι,
421 5835 442 5870 ι
469 5807 573 5874 hoc
603 5807 762 5873 modo
791 5811 853 5891 ι]
882 5807 1277 5871 excusabitur.»
1311 5807 1417 5864 Sed
1457 5809 1657 5864 rectius

1765 4589 1965 4648 Omnes
2011 4591 2154 4646 enim
2210 4598 2388 4659 potest
2434 4589 2548 4642 ﬁeri
2579 4597 2639 4642 ut
2691 4588 3059 4656 peccaverint,
3111 4583 3330 4638 etiamsi

1767 4684 1938 4739 sancti
1973 4682 2196 4745 fuerint,
2234 4681 2361 4751 quia
2393 4697 2412 4730 ι
2455 4694 2614 4732 nemo
2642 4679 2872 4732 mundus
2904 4692 2933 4730 a
2956 4676 3134 4738 sorde,
3164 4687 3260 4726 nec
3285 4673 3332 4726 si

1768 4776 1928 4830 unius
1955 4773 2062 4828 diei
2097 4773 2261 4827 fuerit
2291 4772 2400 4826 vita
2441 4771 2559 4840 ejus
2586 4771 2652 4825 ⁷⁷.
2683 4789 2702 4821 ›
2736 4767 2866 4835 Quis
2916 4768 3058 4822 enim
3108 4773 3190 4818 est
3235 4762 3332 4832 qui

1771 4881 1879 4920 non
1911 4873 2005 4918 aut
2039 4863 2092 4917 in
2124 4862 2287 4928 facto,
2315 4870 2407 4915 aut
2439 4861 2492 4915 in
2527 4860 2720 4922 verbo,
2749 4866 2843 4910 aut
2873 4856 2960 4926 qui
2987 4851 3332 4908 cautissimus

1774 4963 1923 5011 certe
1957 4963 2064 5020 est,
2092 4953 2175 5006 vel
2214 4953 2265 5005 in
2291 4951 2614 5021 cogitatione
2642 4942 2988 5017 peccaverit?
3014 4939 3081 4994 Et
3103 4940 3245 5004 ideo,
3275 4948 3336 4992 ut

1775 5049 1909 5114 dixi,
1938 5060 2191 5117 peccasse
2212 5043 2430 5115 quidem
2457 5054 2646 5096 omnes
2694 5037 2883 5091 merito
2913 5034 3178 5096 dicentur,
3209 5045 3336 5098 pec-

1775 5151 1994 5196 catores
2018 5149 2200 5192 autem
2246 5132 2373 5188 lacti
2409 5146 2516 5186 non
2549 5143 2769 5190 omnes;
2825 5127 2915 5178 sed
2947 5121 3122 5177 multi.
3157 5117 3333 5174 Simili

1773 5246 1988 5302 quoque
2010 5229 2180 5284 l'orma
2203 5235 2258 5281 et
2275 5225 2406 5293 justi
2425 5223 2576 5277 multi
2596 5219 2958 5281 habebuntur,
2983 5229 3093 5270 non
3121 5225 3333 5274 onmes,

1773 5323 1990 5380 etiamsi
2021 5333 2208 5376 omnes
2235 5315 2366 5387 justi
2412 5313 2616 5383 aliquid
2639 5313 2816 5381 operis
2846 5317 3030 5380 agant.
3060 5306 3204 5360 Bene
3234 5318 3335 5356 au-

3103 5464 3150 5497 η
3194 5460 3336 5517 Gen.

3153 5531 3198 5566 ⁷⁷
3235 5529 3338 5586 Job

2570 5472 2615 5503 '“
2660 5468 2816 5523 Joan.
2862 5483 2920 5528 ι.
2955 5467 3010 5522 9.

1775 5751 1879 5790 ms.
1905 5747 2044 5786 unus
2081 5738 2138 5783 ιιι
2169 5745 2222 5783 tn
2257 5735 2443 5780 nostro
2475 5735 2644 5783 textu.

1838 5804 1947 5874 (50)
1985 5801 2151 5868 Alias,
2191 5817 2208 5852 ι
2239 5799 2460 5854 dicitur.
2494 5817 2517 5853 ι
