3766 6554
451 316 581 372 Ιυ51

1809 354 1814 360 .
1873 313 2189 368 οιιιϐιςμιε

3527 317 3550 370 1
3559 318 3655 374 052

449 444 556 486 tem
590 430 658 484 ab
687 429 944 498 Apostolo
965 431 1129 485 etiam
1161 440 1466 500 temporum
1500 430 1636 485 ratio
1669 429 1994 484 custoditur.
2025 433 2070 488 A
2099 426 2274 482 stituti
2311 435 2438 482 sunt
2492 427 2666 482 multi.
2704 446 2723 481 ι
2755 425 2858 483 Ubi
2893 443 3024 485 vero
3068 448 3088 481 ι
3124 432 3488 487 obedientiam
3529 453 3548 485 ι
3580 453 3661 503 pe-

446 523 581 577 Nam
632 538 752 575 cum
787 523 986 576 multos
1031 523 1362 577 constitutos
1417 535 1538 577 esse
1579 531 1896 591 peccatores
1936 522 2004 576 ad

445 614 775 684 przeteritum
829 614 1170 678 retulerit",
1200 613 1377 680 justos
1431 614 1841 668 constituendos
1887 628 2010 668 esse

449 704 648 756 multos
676 705 740 756 ad
777 701 1013 755 futurum
1052 705 1326 758 transtulit
1374 713 1607 772 tempus,
1661 705 1837 758 sciens
1889 705 2007 760 sine

445 794 607 846 dubio
632 793 768 859 quod
796 810 1045 863 processu
1069 796 1467 865 praedicationis
1489 797 1808 864 evangelica:
1824 797 2007 865 justo-

445 901 560 938 rum
585 887 870 940 multitudo
906 889 1074 956 major
1111 898 1470 944 accresceret.
1496 889 1648 956 Quod
1674 902 1851 945 autem
1873 891 2005 958 justi

445 977 596 1030 multi
632 977 828 1032 fuerint
852 980 1014 1032 etiam
1047 990 1169 1033 ante
1197 981 1499 1036 Salvatoris
1526 984 1818 1036 adventum
1863 984 2002 1038 idem

447 1067 704 1123 Dominus
728 1079 958 1123 testatur
983 1071 1032 1124 in
1060 1071 1387 1142 Evangeliis,
1415 1089 1538 1128 eum
1561 1075 1691 1128 dicit
1709 1076 1753 1107 ⁷⁸
1777 1093 1789 1129 :
1813 1095 1830 1126 ι
1854 1075 2004 1130 Multi

443 1159 712 1226 propheta
760 1170 813 1214 et
841 1162 970 1230 justi
1004 1165 1290 1231 cupierunt
1332 1166 1516 1217 videre
1568 1181 1686 1234 qua:
1716 1167 1930 1221 videtis.
1976 1187 1996 1220 ι

444 1248 548 1301 Sed
579 1250 734 1303 aliter
759 1251 848 1305 hic
885 1254 1079 1308 mn-ltos
1102 1255 1502 1309 dicitSalvator
1528 1258 1727 1325 justos,
1753 1269 1806 1312 et
1839 1260 2002 1316 aliter

441 1341 731 1407 Apostolus
770 1344 948 1410 posuit
985 1345 1117 1414 (51).
1170 1345 1300 1398 Nam
1335 1345 1585 1402 Salvator
1633 1351 1999 1417 apostolorum

442 1447 726 1484 nmncrutn
779 1434 1103 1502 respiciens,
1139 1439 1204 1489 ad
1242 1437 1479 1505 ipsorum
1535 1440 1998 1508 comparationem

439 1521 638 1573 nmltos
676 1522 812 1575 dixit
850 1519 1024 1592 jus'tos
1067 1535 1119 1576 et
1145 1525 1436 1593 prophetas
1465 1542 1479 1578 :
1511 1526 1563 1578 iu
1593 1528 1845 1595 praesenti
1875 1544 2002 1584 vero

438 1609 556 1663 loco
583 1611 866 1679 Apostolus
893 1617 1090 1668 multos
1116 1615 1179 1667 ad
1207 1615 1442 1668 omnium
1474 1618 1561 1684 qu'i
1596 1617 1647 1670 in
1675 1619 1776 1672 hoc
1801 1621 2002 1674 mundo

435 1701 548 1753 nati
585 1710 710 1755 sunt
731 1713 787 1758 et
815 1714 1106 1758 nascentur
1137 1707 1597 1773 comparationem
1619 1707 1998 1780 intelligendus

2115 519 2196 573 nit
2225 539 2243 570 ε
2278 519 2456 582 unius,
2493 538 2513 572 ι
2553 535 2657 574 non
2682 520 2853 585 addit,
2883 520 3143 587 hominis,
3169 543 3188 575 ‹
3224 540 3321 593 per
3352 540 3517 595 quem
3541 527 3660 594 justi

2113 612 2506 665 constituentur
2539 612 2695 665 multi
2731 613 2870 682 (55).
2889 633 2907 664 ι
2940 614 3039 668 Hic
3067 616 3210 669 enim
3235 631 3328 685 per
3357 633 3524 686 quem
3542 619 3658 686 justi

2113 701 2270 765 fiunt,
2329 703 2449 754 sine
2495 702 2657 755 dubio
2713 702 2828 770 ipsa
2866 703 3074 768 justitia
3119 715 3225 768 est,
3279 706 3418 760 sicut
3446 719 3504 761 et
3535 710 3657 762 idem

2109 789 2396 858 Apostolus
2424 793 2552 846 dicit
2585 793 2652 847 de
2686 792 2905 847 Christo
2940 811 2954 847 :
2993 814 3012 846 ι
3054 794 3155 862 Qui
3192 795 3369 852 faetus
3395 809 3487 852 est
3516 803 3658 855 nobis
3752 789 3753 862 ξ

2106 880 2313 948 justitia
2344 896 2372 935 a
2407 881 2514 935 Deo
2535 882 2606 932 ⁸⁸.
2637 901 2655 933 ι
2705 883 2862 940 Dedit
2915 900 3043 954 ergo
3089 887 3260 940 Adam
3291 892 3657 956 peccatoribus

2113 970 2338 1022 formam
2378 986 2471 1038 per
2502 971 2955 1039 inobedientiam;
2983 974 3229 1030 Christus
3261 993 3388 1032 vero
3419 995 3658 1034 econtra-

2111 1065 2191 1118 rio
2221 1065 2384 1134 justis
2407 1066 2632 1121 formam
2666 1084 2760 1137 per
2791 1069 3156 1126 obedientiam
3199 1077 3406 1141 posuit,
3436 1079 3579 1131 sicut
3613 1094 3658 1134 et
3752 1069 3753 1104 ³

2110 1156 2235 1211 alibi
2288 1160 2548 1228 scriptum
2580 1170 2664 1214 est
2687 1161 2779 1213 ’δε
2830 1179 2848 1212 ι
2881 1162 3154 1218 Obedistis
3187 1178 3367 1221 autem
3400 1183 3472 1223 ex
3511 1173 3657 1226 corde
3752 1193 3753 1220 l

2108 1250 2162 1304 in
2199 1265 2316 1304 eam
2349 1251 2580 1306 formam
2620 1253 2903 1318 doctrinae,
2936 1255 2988 1309 in
3025 1271 3187 1326 quam
3235 1263 3422 1315 traditi
3456 1267 3602 1319 estis.
3634 1284 3651 1317 ι
3752 1283 3753 1328 1

2107 1338 2397 1410 Propterea
2425 1343 2569 1397 enim
2600 1351 2654 1398 et
2692 1345 2807 1414 ipse
2841 1366 2858 1398 ι
2899 1346 3154 1403 obediens
3188 1349 3365 1406 factus
3391 1364 3478 1408 est
3505 1371 3656 1424 usque
3752 1361 3753 1370 ‘

2109 1433 2174 1484 ad
2217 1443 2438 1487 mortem
2464 1435 2534 1498 ⁸⁷,
2575 1454 2594 1486 ι
2647 1447 2704 1490 ut
2735 1439 2824 1506 qui
2854 1441 3178 1496 obedientiae
3204 1443 3327 1513 ejus
3365 1459 3654 1513 sequuntur

2103 1526 2433 1594 exemplum,
2451 1527 2584 1593 justi
2611 1533 3012 1588 constituantur
3037 1534 3105 1588 ab
3131 1537 3243 1605 ipsa
3273 1536 3512 1604 justitia,
3529 1542 3654 1594 sicut

2109 1615 2179 1667 illi
2227 1617 2603 1676 inobedientire
2636 1620 2866 1677 formam
2911 1637 3198 1695 sequentes
3224 1630 3514 1685 constituti
3543 1646 3656 1688 sunt

2106 1716 2432 1770 peccatores.

435 1801 522 1846 est
545 1807 849 1849 revocasse.
877 1794 1047 1864 lgitur
1071 1814 1090 1847 ‹
1129 1812 1224 1866 per
1248 1798 1407 1852 unius
1432 1798 1848 1854 inobedientiam
1879 1818 2002 1870 pec-
2033 1788 2074 1842 Β
2175 1791 2230 1845 6ο
2266 1811 2284 1844 ι
2336 1793 2445 1847 Lex
2506 1805 2686 1850 autem
2726 1799 2836 1869 (56)
2869 1803 3216 1870 subintravit,
3251 1815 3308 1861 ut
3363 1808 3652 1866 abundaret

436 1892 653 1937 calores
685 1885 965 1939 constituti
986 1885 1369 1953 summum”,
1393 1891 1720 1942 »εεειιηιιυηι
1754 1906 1870 1944 eam
1901 1893 2002 1946 ob~

437 1974 770 2028 servantiam
801 1975 952 2028 multi
981 1984 1299 2043 peccatores
1330 1978 1686 2048 intelligendi,
1718 1995 1877 2049 quam
1914 1999 2004 2038 su-

433 2077 530 2131 pra
572 2064 640 2118 de
696 2075 954 2132 peccante
997 2075 1051 2119 et
1077 2075 1362 2134 peccatore
1388 2069 1732 2138 protulimus.
1774 2071 1924 2139 Quod
1957 2077 2000 2130 si

434 2155 555 2222 quis
582 2155 733 2209 nobis
752 2156 974 2224 ohjiciat
1008 2157 1136 2214 illud
1168 2161 1312 2228 quod
1355 2160 1422 2215 de
1451 2176 1510 2215 se
1543 2163 1658 2232 ipso
1698 2163 1827 2217 dicit
1866 2166 2004 2234 Apo-

435 2243 607 2297 stolus
641 2262 655 2296 :
696 2263 715 2296 ‹
763 2245 899 2310 Quia
926 2247 1178 2304 Christus
1208 2248 1366 2304 Jesus
1396 2251 1543 2304 venit
1578 2253 1630 2304 in
1658 2252 1800 2307 hunc
1848 2270 2004 2307 mun-

435 2337 559 2389 dmn
585 2335 698 2406 (32)
730 2349 1045 2405 peccatores
1077 2341 1256 2395 salvos
1281 2341 1487 2410 facere,
1524 2358 1752 2412 quorum
1794 2347 2000 2414 primus

432 2442 530 2494 ego
552 2442 668 2481 sum
685 2427 788 2492 3‘,»
810 2432 962 2498 quasi
981 2433 1142 2485 etiam
1169 2448 1226 2488 se
1253 2442 1593 2504 peccatorem
1625 2435 1804 2490 dicere
1825 2438 2003 2491 videa-

435 2529 541 2581 tur,
571 2518 813 2574 dicemus
855 2522 1000 2590 quod
1030 2523 1172 2578 aliud
1204 2535 1287 2579 est
1316 2539 1383 2579 ex
1418 2540 1650 2594 persona
1682 2526 1997 2596 Scripturae,

430 2613 513 2666 vel
538 2614 831 2683 prophetae.
855 2615 938 2670 vel
972 2617 1180 2672 Domini
1227 2617 1459 2688 aliquem
1498 2629 1832 2689 peccatorem
1862 2621 2002 2676 desi-

429 2710 604 2774 gnari,
636 2707 778 2762 aliud
798 2709 1108 2778 estjustum
1140 2711 1313 2780 ipsum
1350 2711 1430 2765 sui
1456 2711 1573 2764 fieri
1607 2721 1997 2778 accusatorem,

427 2808 482 2850 et
511 2797 800 2854 humiliare
831 2802 1181 2872 semetipsum
1209 2813 1266 2855 ut
1287 2801 1560 2856 exaltetur
1583 2816 1613 2856 a
1637 2801 1779 2867 Deo;
1806 2817 2000 2872 quam-

427 2887 509 2942 vis
543 2897 596 2942 et
622 2886 821 2944 Paulus
854 2891 904 2945 in
941 2906 1005 2946 co
1052 2893 1196 2964 quod
1245 2893 1379 2948 dicit
1411 2903 1756 2963 persecutum
1789 2909 1848 2949 se
1879 2909 1999 2950 esse

425 2978 722 3043 Ecclesiam
751 2981 869 3047 Dei,
893 2992 949 3036 et
974 2997 1316 3054 expugnasse
1342 3001 1484 3052 eam,
1518 2995 1572 3040 et
1598 2985 1830 3042 traxisse
1852 2985 1998 3041 viros

426 3087 490 3126 ac
516 3075 789 3136 mulieres,
819 3086 871 3130 et
897 3077 950 3130 in
977 3077 1192 3131 vincula
1226 3076 1550 3145 conjecisse,
1585 3079 1714 3134 licet
1737 3079 1995 3150 ignoran-

616 3127 621 3128 κ
660 3127 675 3129 ν
826 3127 867 3130 -τ
1016 3127 1192 3131 mw“
1233 3127 1550 3145 νυτη-ςη.
1585 3127 1961 3150 --ην-υ--ν--η

427 3163 499 3216 tia
531 3166 644 3220 haec
675 3165 890 3232 fecerit,
925 3178 981 3222 et
1018 3169 1457 3224 misericordiam
1483 3179 1804 3226 consecutus
1827 3169 1899 3225 sit
1925 3169 1993 3236 ⁸³,
2023 3127 2068 3189 c

428 3265 606 3310 tamen
636 3273 756 3313 cum
780 3259 897 3314 haec
924 3261 1128 3314 faceret
1150 3277 1255 3316 non
1285 3262 1561 3316 immerito
1589 3262 1836 3317 fortassis
1864 3276 1994 3333 pec-

425 3358 667 3402 ratorem
697 3364 755 3402 se
787 3350 894 3405 dici
922 3351 1178 3405 debuisse
1205 3351 1456 3406 fateatur.
1492 3351 1561 3407 Ut
1590 3362 1772 3407 autem
1806 3351 1994 3406 distin-

425 3439 626 3493 ctionis
679 3439 838 3507 hujus
874 3457 1036 3511 quam
1087 3443 1337 3497 dedimus
1389 3444 1535 3498 inter
1583 3455 1899 3514 peccantem
1939 3454 1993 3499 et

425 3539 764 3596 peccatoretn
802 3545 943 3597 esse,
982 3533 1286 3587 evidentior
1315 3535 1487 3588 adhuc
1513 3532 1625 3606 (55)
1658 3534 1798 3589 ratio
1819 3533 1993 3589 clare-

425 3631 562 3684 scat,
603 3622 723 3676 vide
756 3622 908 3688 Cain,
938 3625 1029 3695 qui
1086 3640 1206 3679 cum
1268 3624 1555 3682 manifeste
1591 3637 1848 3696 peccator
1887 3631 1981 3693 sit,

426 3713 556 3767 fecit
591 3723 771 3768 tamen
795 3713 996 3784 aliquid
1026 3725 1232 3770 rectum
1271 3735 1284 3770 :
1316 3728 1538 3788 propter
1557 3720 1700 3788 quod
1737 3719 1992 3774 Dominus

425 3807 491 3859 ad
545 3808 852 3875 eum,dixit
884 3825 897 3860 :
935 3827 954 3860 ι
985 3808 1041 3863 Si
1087 3819 1234 3866 recte
1287 3809 1487 3866 offeras
1504 3811 1573 3867 ⁸³.
1611 3830 1631 3864 ι
1658 3812 1726 3865 Ει
1776 3810 1988 3866 Pharao

423 3912 544 3950 cum
571 3898 704 3952 dicit
735 3913 748 3950 :
792 3917 810 3950 ι
847 3899 1342 3970 Dominusjustus;
1385 3911 1492 3972 'ego
1526 3913 1708 3956 autem
1739 3912 1793 3957 et
1819 3918 1983 3973 popu-

423 3987 506 4042 lus
540 4003 691 4041 meus
728 3989 876 4059 impii
903 3989 951 4022 ⁸⁸
985 4008 998 4043 :
1031 4009 1050 4042 ›
1075 3988 1281 4059 justum
1331 3991 1533 4060 aliquid
1565 3991 1714 4056 fecit,
1752 3995 1847 4046 sed
1881 4008 1986 4046 non

423 4095 487 4132 ex
522 4081 622 4134 hoc
646 4081 823 4150 justus
844 4083 1068 4140 dicitur.
1104 4083 1167 4137 Et
1211 4083 1379 4138 multa
1408 4083 1719 4154 hujusmodi
1754 4086 1805 4140 in
1841 4085 1988 4139 Scri-

425 4173 598 4238 pluris
633 4171 828 4227 divinis
885 4171 1151 4237 invenies,
1185 4189 1250 4228 ex
1298 4175 1494 4244 quibus
1534 4185 1589 4229 et
1622 4175 1829 4244 justum
1861 4190 1987 4244 pec-

421 4276 577 4315 casse
611 4261 831 4330 aliquid,
884 4271 938 4318 et
987 4274 1330 4334 peccatorem
1382 4267 1512 4336 justi
1565 4268 1766 4338 aliquid
1811 4267 1985 4336 egisse

422 4352 794 4421 deprehendas
831 4373 846 4408 :
879 4370 978 4410 nec
1008 4365 1186 4411 tamen
1215 4366 1309 4410 aut
1345 4356 1549 4425 justum
1596 4359 1730 4430 (54),
1760 4361 1904 4428 quod
1933 4361 1983 4411 in

421 4443 602 4511 aliquo
631 4446 962 4513 peccaverit,
1001 4458 1344 4516 peccatorem
1377 4449 1615 4516 dictum;
1650 4458 1742 4503 aut
1787 4464 1981 4517 pecca-
2015 4480 2058 4535 ι)

358 4574 368 4585 .
425 4545 621 4599 torem,
668 4539 810 4606 quod
851 4539 1053 4608 aliquid
1078 4541 1212 4610 justi
1263 4542 1460 4610 egerit,
1503 4541 1710 4609 justum
1741 4542 1985 4596 invenies

422 4628 768 4697 appellatum.
801 4630 996 4686 Verum
1024 4647 1091 4685 ne
1131 4631 1259 4686 illud
1299 4632 1515 4702 quidem
1547 4634 1813 4689 intentum
1843 4649 1984 4703 prze-

421 4726 592 4771 tereat
620 4720 943 4787 auditorem,
977 4721 1119 4790 quod
1150 4722 1242 4776 ubi
1286 4740 1306 4773 ‹
1346 4722 1762 4777 inobedientiam
1792 4723 1977 4777 unius:

419 4806 572 4870 dicit,
602 4808 751 4862 addit
783 4818 837 4865 et
858 4829 876 4861 ‹
901 4809 1158 4875 hominis,
1182 4826 1281 4878 per
1314 4827 1476 4879 quem
1506 4822 1821 4882 peccatores
1856 4828 1985 4867 con-

2106 1883 2384 1938 delictum.
2422 1886 2522 1942 Ubi
2556 1897 2734 1944 autem
2772 1891 3396 1965 abundavitpeccatum,
3444 1916 3653 1971 supera-

2102 1971 2362 2027 bundavit
2393 1977 2598 2046 gratia,
2656 1987 2714 2032 ut
2765 1981 2905 2035 sicut
2970 1987 3220 2054 regnavit
3271 1999 3558 2054 peccatum
3606 1991 3649 2043 in

2105 2071 2351 2127 mortem,
2381 2063 2454 2118 ita
2487 2075 2541 2120 et
2563 2068 2736 2137 gratia
2771 2081 2962 2140 regnet
2990 2075 3373 2144 perjustitiam
3410 2079 3467 2131 in
3503 2081 3650 2134 vitam

2101 2160 2382 2217 aeternam,
2411 2169 2506 2222 per
2522 2155 2702 2211 Jesum
2718 2156 2990 2214 Christum
3003 2162 3291 2218 Dominum
3302 2169 3615 2221 nostrum”.
3628 2186 3644 2217 ι

2103 2238 2158 2294 Si
2190 2243 2401 2310 quidem
2439 2255 2723 2315 antequam
2754 2249 2836 2304 lex
2869 2267 2963 2322 per
2983 2251 3198 2323 Moysen
3225 2263 3455 2309 daretur
3505 2271 3650 2311 nemo

2103 2343 2405 2400 peccasset,
2433 2335 2679 2392 volentes
2703 2355 2960 2395 accusare
2985 2341 3152 2411 legem
3185 2359 3251 2397 ex
3293 2345 3379 2400 his
3421 2345 3650 2416 Apostoli

2099 2422 2278 2476 verbis
2310 2423 2547 2479 Marcion
2581 2437 2637 2482 et
2665 2431 2846 2484 caeteri
2893 2432 3132 2486 haaretici
3177 2437 3528 2491 occasionem
3568 2455 3651 2492 ea-

2099 2525 2227 2580 pere
2255 2515 2591 2582 viderentur,
2647 2527 2907 2590 tanquam
2938 2521 3103 2593 558
3141 2525 3254 2579 haec
3301 2526 3474 2581 fuerit
3502 2545 3652 2582 causa

2098 2604 2236 2659 datae
2253 2604 2403 2676 legis,
2431 2618 2488 2662 ut
2509 2621 2808 2678 peccatum,
2829 2617 2968 2682 quod
2994 2627 3117 2670 ante
3144 2616 3314 2686 legem
3334 2635 3446 2674 non
3469 2620 3650 2686 fuerat,

2098 2696 2416 2752 abundaret.
2447 2699 2552 2755 Sed
2596 2703 2782 2756 nescio
2822 2706 2966 2773 quod
3009 2716 3222 2778 tempus
3255 2711 3542 2765 inveniant
3569 2727 3652 2765 va-

2098 2801 2255 2842 cuum
2285 2793 2519 2858 peccatis
2540 2803 2665 2846 ante
2689 2796 2880 2864 legem.
2905 2797 3129 2863 Quando
3149 2801 3520 2858 interficiebat
3535 2804 3654 2861 Cain

2096 2875 2251 2943 Abel,
2279 2889 2335 2934 et
2366 2889 2564 2936 terram
2599 2882 2840 2939 fraterno
2862 2890 3121 2958 sanguine
3156 2891 3458 2960 polluebat,
3495 2897 3564 2948 ita
3607 2904 3654 2950 tt"

2097 2967 2366 3026 diceretur
2389 2973 2456 3028 ad
2478 2988 2622 3043 eum,
2643 2993 2662 3027 ε
2687 2976 2964 3033 Maledicta
2985 2989 3124 3035 terra
3151 2983 3203 3036 in
3228 2999 3395 3053 Opere
3418 2997 3512 3040 tuo
3530 2986 3652 3057 (57),

2097 3073 2216 3128 quae
2245 3063 2460 3130 aperuit
2489 3079 2550 3120 os
2571 3081 2727 3120 suum
2760 3077 2819 3123 ut
2839 3073 3136 3140 susciperet
3183 3077 3515 3141 sanguinem
3554 3077 3654 3131 fra-

2105 3150 2202 3205 tris
2233 3153 2307 3206 tui
2338 3152 2406 3220 ",
2445 3172 2466 3207 ι
2503 3171 2607 3210 non
2639 3159 2946 3213 abundabat
2987 3171 3262 3230 peccatum
3284 3165 3309 3218 ?
3335 3168 3654 3223 Abundabat

2100 3239 2276 3309 plane.
2319 3243 2456 3310 Quid
2481 3247 2623 3302 enim
2653 3263 2772 3302 cum
2815 3249 2926 3319 (58)
2956 3261 3010 3306 et
3044 3254 3293 3310 homines
3321 3257 3656 3312 abundarent

2101 3332 2182 3384 vel
2217 3341 2347 3388 tunc
2396 3349 2518 3390 cum
2550 3338 2765 3393 dicebat
2797 3339 3070 3400 Lamech:
3102 3363 3122 3396 ς
3158 3344 3342 3400 Virum
3392 3351 3570 3404 occidi
3607 3351 3652 3404 in

2097 3424 2320 3481 vulnere
2347 3442 2483 3492 meo,
2519 3439 2574 3484 et
2590 3429 2840 3500 juvenem
2874 3434 2926 3487 in
2961 3435 3128 3490 livore
3156 3453 3275 3492 meo
3297 3439 3321 3493 ?
3343 3439 3416 3494 Et
3447 3442 3514 3495 de
3534 3441 3651 3496 Cain

2099 3517 2312 3584 quidem
2363 3519 2690 3576 vindicatum
2742 3536 2823 3579 est
2863 3529 3082 3596 septies,
3124 3530 3191 3584 de
3236 3529 3484 3588 Lamech
3538 3548 3653 3588 vero

2098 3609 2400 3679 septuagies
2429 3614 2628 3681 septies
2649 3615 2715 3668 9°.
2742 3635 2761 3667 ›
2794 3616 2902 3671 Noe
2937 3632 3066 3672 vero
3101 3623 3440 3691 temporibus
3467 3625 3520 3677 in
3548 3636 3654 3677 tan-

2099 3707 2209 3752 tmn
2235 3702 2530 3758 abundavit
2558 3705 2829 3772 delictum,
2861 3718 2918 3762 ut
2951 3729 2969 3761 ι
3002 3712 3211 3773 videns,
3241 3713 3445 3781 inquit,
3485 3716 3654 3769 Domi-

2097 3806 2199 3845 nus
2225 3795 2347 3861 quia
2379 3796 2744 3866 multiplicata:
2775 3811 2901 3856 sunt
2931 3802 3148 3858 malitia:
3189 3804 3478 3860 hominum
3505 3822 3654 3877 super

2095 3888 2318 3948 terram,
2342 3894 2394 3939 et
2423 3889 2598 3943 omnis
2633 3890 2794 3946 homo
2831 3910 2925 3948 cor
2961 3911 3114 3950 suum
3156 3897 3452 3968 diligenter
3491 3915 3649 3969 appoo

2095 3972 2200 4024 suit
2236 3973 2286 4026 in
2312 3975 2512 4030 malitia
2543 3981 2792 4036 omnibus
2813 3983 2999 4038 diebus
3030 3985 3151 4040 vita
3169 4000 3302 4050 sua,
3335 3990 3650 4059 recogitavit

2095 4061 2350 4119 Dominus
2383 4067 2509 4135 quia
2547 4069 2751 4126 fecerat
2804 4074 3075 4130 hominem
3133 4091 3299 4146 super
3339 4088 3566 4140 terram.
3603 4089 3653 4132 et

2093 4156 2341 4222 pinuituit
2385 4157 2439 4213 in
2477 4163 2640 4218 corde
2666 4178 2786 4232 suo,
2831 4176 2888 4220 et
2933 4167 3114 4223 dixit:
3147 4169 3348 4225 Delebo
3375 4171 3645 4226 hominem

2093 4260 2248 4312 quem
2273 4247 2373 4304 feci
2405 4265 2435 4305 a
2461 4250 2597 4308 facie
2626 4263 2807 4321 terrae,
2831 4259 2898 4313 ab
2921 4259 3140 4317 homine
3167 4277 3341 4332 usque
3374 4265 3446 4317 ad
3469 4279 3646 4334 pecus,

2091 4345 2144 4388 et
2167 4353 2194 4388 a
2225 4339 2503 4408 reptilibus
2526 4359 2695 4413 usque
2720 4348 2786 4402 ad
2815 4362 2940 4403 aves
2970 4350 3120 4416 cmli,
3151 4351 3406 4420 quoniam
3429 4350 3650 4421 paenitet

2093 4445 2179 4483 me
2215 4433 2352 4500 quod
2379 4432 2599 4489 fecerim
2617 4450 2711 4490 eos
2732 4438 2801 4491 οι.
2835 4455 2856 4491 ι
2880 4439 2945 4493 Et
2985 4441 3204 4506 iterum,
3235 4457 3359 4496 cum
3396 4445 3600 4497 dicitur
3628 4456 3642 4492 :

2097 4539 2114 4570 ‹
2149 4520 2410 4593 Corrupta
2441 4535 2525 4580 est
2570 4535 2714 4582 terra
2746 4528 2798 4582 in
2851 4542 3144 4600 conspectu
3175 4531 3420 4599 Domini,
3465 4543 3522 4589 et
3569 4549 3646 4588 re-

2091 4613 2230 4681 pleta
2259 4625 2342 4670 est
2374 4625 2516 4670 terra
2544 4617 2940 4688 iniquitatibus.
2971 4623 3034 4676 Et
3068 4624 3199 4677 vidit
3245 4623 3388 4679 Deus
3423 4635 3642 4687 terram,

2086 4718 2139 4760 et
2162 4718 2276 4762 erat
2303 4722 2558 4783 corrupta
2598 4715 2774 4782 valde,
2807 4718 2932 4785 quia
2965 4730 3283 4789 corruperat
3312 4723 3499 4776 omnis
3528 4737 3646 4776 caro

2087 4804 2228 4856 viam
2259 4818 2410 4857 suam
2437 4820 2601 4875 super
2631 4816 2833 4863 terram
2856 4811 2922 4864 θ’.
2949 4829 2967 4862 ι
3001 4813 3134 4878 Quis
3163 4829 3290 4884 ergo
3322 4825 3407 4870 est
3440 4818 3515 4871 ita
3540 4828 3644 4870 stos

487 4943 782 5014 (altorum,
802 4945 891 5001 19.
953 4946 998 4978 τ’
1021 4946 1208 5002 Matth.
1229 4962 1350 5012 xm,
1369 4948 1470 5009 i7;
1508 4948 1639 5002 Luc.
1667 4949 1830 5012 κει.
1904 4949 1949 4981 ⁸ο
1969 4949 2020 5004 Β(

2102 4986 2124 5000 ι.
2155 4893 2324 5008 ν,.19.
2387 4943 2470 5014 “il
2494 4943 2632 4998 Tim.
2658 4945 2802 5008 t,15.
2877 4947 3112 5002 "Galat.
3135 4965 3176 5013 ι,
3204 4950 3306 5014 t3;
3334 4951 3463 5005 Act.
3493 4969 3566 5013 Ix,
3591 4953 3643 5006 9..

418 5010 462 5042 ⁸³
488 5013 623 5068 Gen.
655 5031 727 5080 tv,
758 5016 810 5070 7.

418 5086 735 5149 ιν,11,12.

489 5202 601 5268 (51)
641 5205 808 5270 Alias,
845 5223 862 5257 ι
900 5206 1049 5260 dicit.
1090 5224 1108 5256 ι

489 5273 597 5343 (52)
642 5273 805 5338 Edi-ti,
836 5293 854 5326 ι
898 5277 948 5327 in
987 5279 1085 5328 hoc
1114 5275 1332 5339 mundo,
1372 5293 1390 5325 ι
1429 5273 1590 5331 male.

489 5342 600 5409 (55⁷)
645 5343 804 5408 Editi,
835 5363 854 5395 ι
893 5346 1172 5400 evidenter
1195 5347 1393 5399 adhuc.
1435 5361 1454 5395 ι

488 5411 600 5478 (54)
629 5414 734 5489 _Sic
793 5430 922 5467 mss.
960 5413 1100 5467 Editi
1156 5430 1306 5480 vero,
1345 5430 1365 5464 ι
1406 5413 1812 5489 deprehendes;
1871 5428 1974 5468 nec

420 5489 596 5531 tamen
622 5481 850 5548 justum,
899 5502 917 5535 ι
952 5495 1060 5536 etc.

487 5548 596 5621 (55)
637 5549 734 5601 Ubi
759 5567 876 5603 vero
904 5553 1246 5608 obedientiam
1275 5554 1422 5621 ponit
1445 5555 1622 5615 unius,
1666 5571 1772 5608 non
1801 5553 1969 5614 addit,

418 5620 662 5703 hominis,
689 5621 1109 5703 perﬂuentjusti
1138 5620 1676 5703 constituenturlal"
1704 5623 1971 5703 constituti

415 5686 561 5754 sunt}
593 5686 761 5744 multi.
794 5686 918 5744 ΙΙωο
937 5686 1310 5749 desiderantur
1338 5695 1389 5747 in
1420 5686 1576 5748 libris
1599 5686 1754 5748 antea
1785 5693 1970 5747 editis.

887 5016 932 5048 ⁸³
965 5017 1132 5072 Exod.
1165 5034 1238 5077 ιχ.
1260 5017 1350 5074 27.
1412 5017 1458 5048 ⁸⁸
1487 5019 1653 5073 lCor.
1685 5035 1723 5084 ι,
1747 5019 1834 5073 50.
1909 5019 1954 5050 ⁸⁸
1991 5019 2142 5072 Rom.
2172 5031 2242 5075 VI,
2270 5014 2358 5067 17.

812 5087 856 5118 ⁹⁰
881 5088 1011 5143 ibid.
1050 5088 1141 5154 25,
1170 5087 1259 5141 24.
1317 5088 1360 5120 ⁹¹
1389 5086 1523 5142 Gen.
1554 5103 1628 5155 Vl,
1659 5089 1714 5154 5,
1746 5092 1799 5148 9.
1868 5089 1913 5120 ⁹¹
1943 5090 2071 5144 ibid.
2105 5087 2191 5147 11,
2221 5084 2305 5138 12.

2433 5013 2476 5044 ⁸⁷
2502 5015 2695 5084 Philip.
2717 5032 2775 5082 tt,
2807 5016 2860 5070 8.
2935 5017 2979 5049 ⁸⁸
3001 5018 3157 5073 Rom.
3188 5035 3240 5086 γ,
3271 5020 3363 5074 20.
3441 5023 3490 5053 ⁸⁹
3511 5023 3642 5078 Gen.

2153 5200 2264 5270 (56)
2300 5200 2397 5277 _S_ic
2425 5215 2612 5277 omnes
2640 5203 2985 5277 mss._nostri.
3006 5204 3143 5260 Editi
3171 5221 3318 5273 vero,
3338 5222 3640 5277 perperam,

2089 5288 2108 5321 ε
2139 5281 2197 5323 ιιι
2225 5270 2313 5338 qui
2345 5270 2739 5343 inohedientim
2769 5271 2991 5326 fortnam
3029 5270 3317 5343 sequentes
3338 5270 3638 5332 'consntuti

2077 5350 2203 5393 sunt
2235 5351 2566 5408 peccatores,
2588 5341 2950 5396 obedientiam
2974 5341 3174 5400 Christi
3199 5347 3480 5401 imitantes
3503 5349 3634 5401 Salvi

2077 5412 2225 5462 fiant.
2253 5409 2361 5462 Lex
2391 5418 2594 5467 autem.
2636 5427 2655 5460 ι
2690 5421 2796 5465 etc.

2151 5478 2260 5549 (57)
2303 5478 2368 5533 In
2393 5494 2542 5545 opere
2570 5488 2680 5532 tuo.
2715 5481 2838 5536 [huc
2859 5481 3053 5537 desunt
3085 5483 3140 5537 in
3166 5483 3347 5549 editis,
3375 5495 3428 5539 et
3456 5483 3514 5539 in
3534 5482 3638 5557 ple-

2077 5564 2261 5604 risuue
2294 5565 2422 5604 lliSS.

2294 5565 2610 5675 lSlisizsi-ectius
2643 5634 2746 5676 ms.
2771 5637 2925 5678 unus.
2955 5621 3058 5677 Alii
3089 5637 3238 5692 vero,
3275 5642 3294 5677 ι
3333 5635 3390 5682 et
3418 5627 3634 5697 quidem

2075 5703 2218 5754 cum,
2254 5707 2272 5740 ι
2306 5698 2408 5744 etc.
