3766 6530
31 490 40 542 l
50 485 127 541 37.7

963 477 1322 532 COMMENT.
1360 478 1423 530 IN
1454 475 1673 530 I‘JPlS'l'.
1708 477 1798 529 Al)
1828 477 1993 531 liOM.
2025 478 2152 530 LlB.
2193 479 2260 529 ν.

3009 432 3018 443 ’
3103 481 3240 540 me

30 607 118 657 .lum
148 601 206 654 ".
238 598 300 654 Et
323 611 508 654 revera
538 596 583 652 si
607 596 796 652 eadem
841 596 1120 652 :eternitas
1161 597 1352 651 mortis
1390 611 1556 668 pona-
1585 601 1631 658 Α
1667 612 1686 647 α
1721 595 1800 649 Αη
1851 595 2115 664 ignoratis
2142 595 2269 666 quia
2303 595 2615 665 quicunque
2661 596 2921 667 baptizati
2953 613 3142 656 sumus
3180 605 3236 658 in

29 709 87 748 Lur
113 707 236 751 esse.
268 706 385 760 quae
412 690 536 743 vita:
568 698 674 755 est,
701 687 813 756 jam
851 703 958 741 non
987 689 1092 742 erit
1111 704 1256 742 mors
1278 689 1398 744 vitm
1425 705 1555 744 con-

29 787 174 849 traria,
202 784 290 838 sed
322 783 568 852 aequalis.
611 781 894 838 Eternum
925 797 1158 854 namque
1189 793 1390 837 :rterno
1424 798 1554 838 con-

30 879 202 931 .rariutn
251 892 354 929 non
405 875 530 939 erit,
579 876 672 930 sed
712 875 872 930 idem.
921 873 1078 927 Nunc
1121 883 1299 929 autem
1341 886 1552 931 certum

30 981 81 1023 ?st
109 978 314 1022 mortem
361 969 483 1023 vitae
518 983 639 1023 esse
663 967 990 1022 contrariam
1019 983 1034 1033 ;
1065 977 1274 1023 certum
1310 978 1391 1023 est
1424 983 1553 1038 ergo

30 1067 128 1132 ium!
157 1063 195 1116 si
219 1063 321 1116 vita
359 1073 562 1118 aeterna
597 1073 680 1118 est
714 1063 851 1132 (6t),
891 1078 1040 1118 mors
1069 1077 1191 1118 esse
1237 1078 1342 1117 non
1382 1065 1553 1135 possit

28 1167 178 1207 t-terna
196 1169 208 1204 :
226 1154 363 1207 unde
382 1165 435 1207 et
463 1154 830 1212 necessarium
853 1154 1028 1210 locum
1053 1163 1201 1210 tenet
1224 1157 1551 1211 resurrectio

28 1256 334 1300 .nortuorum.
369 1244 502 1299 Cum
567 1245 714 1303 enim
747 1261 893 1301 mors
922 1247 1137 1311 animm,
1181 1263 1300 1316 quae
1329 1257 1412 1303 est
1451 1265 1548 1304 no-

27 1337 227 1390 tissimus
249 1336 523 1402 inimicus,
549 1334 713 1390 luerit
744 1337 1225 1430 destr‘uetamtiam
1260 1340 1374 1395 haec
1400 1355 1552 1418 com-

28 1428 157 1482 tmnis
181 1444 340 1491 mors,
378 1443 536 1496 quam
588 1427 736 1483 illius
771 1427 924 1483 venri
954 1433 1200 1484 umbram
1245 1447 1368 1488 esse
1405 1434 1547 1488 dixi-

33 1535 136 1583 :-.us,
179 1520 482 1575 necessario
520 1519 865 1588 abolelﬂur;
897 1532 953 1578 et
995 1533 1121 1579 tunc
1153 1535 1550 1595 consequenter

28 1611 350 1667 'esurreclioni
387 1623 721 1667 mortuorum
755 1615 972 1669 dabitur
997 1613 1169 1680 locus,
1203 1616 1290 1671 ubi
1317 1631 1546 1687 regnum

26 1706 166 1757 nnrtis
192 1705 394 1772 pariter
423 1721 543 1759 cum
586 1716 759 1762 morte
789 1707 1121 1763 destructum
1154 1711 1278 1765 erit.
1309 1709 1414 1765 Sed
1451 1725 1549 1766 nos

26 1812 91 1848 mn
124 1806 494 1866 exspectemus
537 1800 753 1867 quando
794 1801 896 1855 istc
928 1802 1259 1858 novissimus
1295 1802 1546 1859 inimicus

26 1887 296 1952 lestrnalur,
333 1906 352 1940 ι
388 1889 478 1958 qui
509 1889 679 1944 semel
723 1889 1012 1946 illuminati
1050 1912 1068 1945 ι
1100 1908 1309 1960 sumus,
1345 1905 1398 1950 et
1440 1912 1542 1964 gu-

26 1978 226 2035 iltit'ilnus
253 1999 271 2030 ι
309 1981 506 2034 donmn
543 1983 786 2049 caeleste,
821 1999 883 2039 ac
912 1986 1203 2056 participes
1227 1986 1352 2042 facti
1389 2007 1408 2042 ι
1449 2003 1543 2043 su-

26 2087 100 2124 mis
127 2089 143 2122 ι
173 2070 403 2141 Spiritus
431 2077 627 2142 sancti,
660 2086 712 2132 et
743 2078 944 2133 bonttm
980 2097 998 2129 ι
1031 2079 1366 2150 gustavimus
1401 2098 1418 2131 ι
1453 2079 1544 2135 Dei

23 2165 189 2216 terbum
216 2204 230 2227 ,
263 2167 496 2222 virtutes
541 2184 758 2238 quoquc
798 2170 978 2225 szeculi
1021 2173 1235 2226 venturi
1266 2172 1349 2235 ‘7;
1383 2191 1401 2224 ι
1451 2173 1544 2227 sed

25 2270 375 2311 wrmaneamus
399 2259 450 2312 in
491 2261 697 2329 gratia,
724 2278 824 2318 nec
851 2271 1228 2332 exspectemus
1261 2273 1320 2318 ut
1350 2263 1544 2319 iterum

25 2357 100 2398 test
127 2348 322 2416 lapsum
367 2365 694 2408 renoventur
739 2372 757 2406 ι
792 2356 858 2409 ad
902 2355 1298 2423 pcenitentiam,
1329 2372 1544 2410 rursum

24 2437 342 2506 rrucitigentes
374 2457 392 2489 ι
425 2439 580 2495 nobis
631 2440 763 2510 ipsis
805 2459 824 2493 ‹
863 2441 1057 2496 Filium
1084 2443 1202 2505 Dei,
1234 2451 1287 2496 et
1309 2443 1542 2497 ostentui

24 2527 248 2591 tabentes,
287 2549 306 2581 ι
347 2529 443 2586 sed
493 2547 718 2602 regnum
758 2533 984 2601 justitim
1022 2532 1075 2586 in
1123 2533 1276 2587 nobis
1319 2532 1411 2586 tiat
1455 2549 1542 2587 re-

24 2633 130 2670 :mnn
157 2630 412 2675 mternnm
441 2640 455 2690 ;
481 2640 578 2678 nec
617 2625 809 2678 iterum
835 2624 1209 2695 confugiamus
1232 2624 1284 2678 in
1319 2641 1540 2694 regnum

25 2710 154 2761 uorti:
178 2709 307 2783 (62),
337 2727 406 2766 ex
439 2729 544 2782 quo
576 2713 791 2769 liberati
824 2717 891 2769 ad
915 2730 1138 2783 regnum
1171 2715 1294 2768 vitae
1323 2724 1544 2770 :eternzn

22 2801 319 2865 iert’ettimtts,
365 2813 424 2858 ut
457 2822 474 2855 ι
524 2805 699 2874 gratia
741 2820 837 2876 per
875 2805 1148 2874 justitiam
1197 2817 1389 2876 regnet
1427 2826 1447 2859 ι
1488 2808 1542 2862 in

22 2893 123 2945 tubis
156 2912 171 2944 ι
211 2893 260 2946 in
290 2895 401 2948 vita
443 2905 644 2949 :eterna
683 2911 779 2966 per
807 2895 991 2952 Jesum
1024 2895 1300 2952 Christum
1358 2897 1544 2952 Domi-

22 2997 99 3034 ium
125 2994 362 3040 nostrum
387 2987 482 3043 ιδ.)
519 2986 671 3055 Quod
703 3003 834 3060 ergo
859 2989 997 3043 dixit
1027 3005 1039 3041 :
1072 3007 1090 3040 ι
1128 2989 1324 3044 Μοτιυί
1353 3005 1542 3045 sumus

22 3086 202 3141 teccato,
242 3096 260 3128 ι
303 3080 404 3133 hoc
451 3089 534 3133 est
595 3081 736 3149 quod
777 3081 903 3136 alibi
957 3083 1052 3148 ait,
1082 3082 1394 3138 conformes
1437 3097 1535 3139 nos

22 3162 153 3220 thristi
183 3169 345 3222 morti
379 3167 634 3237 effectos,
665 3172 756 3242 qui
801 3191 819 3224 ι
850 3174 1014 3228 semel
1043 3186 1265 3242 peccato
1295 3183 1542 3230 mortuus

1657 688 1873 744 Christo
1890 687 2043 753 Jesu,
2063 689 2119 742 in
2147 697 2324 743 morte
2353 688 2526 759 ipsius
2553 689 2816 760 baptizati
2845 707 3033 747 sumus
3054 694 3240 750 lCon-

1657 780 1850 848 sepulti
1874 781 2016 835 enim
2049 779 2293 834 sumusei
2318 795 2414 849 per
2432 781 2759 850 baptismum
2780 783 2834 838 in
2856 794 3088 840 mortem
3101 787 3150 820 "
3172 801 3189 842 :
3210 805 3232 841 ι

1654 869 1857 925 docens
1878 885 1976 940 per
2013 871 2125 926 haec
2145 871 2275 941 quia
2311 871 2356 926 si
2389 873 2511 941 quis
2543 873 2694 940 prius
2727 883 2978 930 mortuus
2999 885 3086 932 est
3112 891 3240 946 pec-

1654 971 1806 1026 cato,
1863 962 1908 1016 is
1966 963 2276 1018 necessario
2323 963 2374 1017 in
2432 962 2701 1034 baptismo
2755 972 3108 1042 consepultts
3153 983 3238 1030 est

1653 1053 1874 1109 Christo
1895 1074 1910 1122 ;
1934 1057 1976 1110 si
2013 1070 2143 1111 vero
2175 1072 2279 1110 non
2304 1069 2430 1116 ante
2459 1061 2582 1132 quis
2612 1063 2841 1117 moritur
2861 1075 3105 1134 peccato,
3125 1081 3233 1122 non

1653 1155 1829 1214 potest
1855 1147 2069 1217 sepeliri
2119 1165 2242 1205 cum
2277 1151 2520 1209 Christo.
2569 1153 2742 1210 Nemo
2771 1157 2915 1212 enim
2951 1157 3237 1214 vivusali-

1652 1237 1869 1304 quando
1893 1239 2175 1307 sepelitur.
2203 1241 2355 1308 Quod
2381 1246 2425 1301 si
2455 1259 2560 1300 non
2592 1247 2961 1317 consepelitur
2987 1247 3232 1316 Christo,

1653 1343 1755 1382 nec
1806 1328 2046 1400 legitime
2080 1332 2415 1402 baptizatur.
2467 1338 2668 1394 Verum
2703 1339 2772 1396 de
2817 1343 3028 1398 ratione
3059 1344 3234 1413 bapti-

1651 1421 1862 1484 smatis,
1917 1439 2040 1477 cum
2101 1441 2500 1496 exponercmus
2533 1432 2887 1504 Evangelium
2934 1424 3232 1492 secundum

1649 1508 1913 1566 Joannem
1947 1553 1962 1578 ,
1997 1515 2085 1568 ubi
2143 1528 2361 1573 ventum
2415 1531 2501 1576 est
2535 1525 2601 1577 ad
2655 1521 2779 1578 eum
2827 1525 3002 1580 locum
3038 1527 3090 1580 in
3123 1541 3234 1584 quo

1649 1602 1782 1659 dicit
1831 1603 2071 1662 Joannes
2103 1609 2170 1664 de
2220 1609 2347 1666 Jesn
2377 1611 2524 1685 (65)
2562 1627 2579 1668 :
2615 1633 2634 1666 ι
2687 1615 2806 1686 Ipse
2849 1631 2946 1673 vos
2992 1617 3234 1690 baptiza-

1648 1693 1725 1748 bit
1751 1695 1801 1749 in
1827 1697 2033 1766 Spiritu
2061 1707 2252 1757 sancto
2271 1700 2350 1766 “;
2382 1719 2402 1753 ι
2434 1711 2490 1758 et
2525 1703 2650 1758 item
2683 1705 2776 1761 ubi
2814 1705 2928 1776 ipse
2979 1706 3233 1764 Salvator

1647 1786 1780 1841 dicit
1813 1805 1827 1842 :
1863 1808 1882 1841 ι
1912 1789 2028 1846 Nisi
2053 1792 2178 1862 quis
2220 1803 2441 1850 renatus
2476 1795 2641 1852 fuerit
2670 1797 2850 1854 denuo
2885 1811 2949 1854 ex
2999 1815 3137 1869 aqua
3175 1807 3234 1859 et

1647 1879 1804 1952 56].
1825 1880 2052 1953 Spiritu,
2073 1899 2176 1941 non
2195 1894 2373 1956 potest
2389 1888 2614 1943 introire
2645 1888 2696 1942 in
2719 1904 2942 1959 regnum
2967 1893 3059 1948 Dei
3075 1893 3182 1960 η’,
3205 1911 3225 1946 ι

1650 1993 1747 2048 pro
1795 1977 2004 2034 viribus
2038 1978 2240 2034 nostris
2269 1992 2391 2048 quas
2430 1993 2726 2036 occurrere
2762 1991 3091 2052 potuerunt,
3121 1983 3230 2040 imo

1649 2085 1769 2139 quae
1796 2070 2015 2125 donavit
2048 2070 2311 2126 Dominus
2340 2071 2610 2138 diximus,
2651 2073 2741 2128 ubi
2775 2083 2830 2129 et
2857 2077 3124 2132 sermonis
3148 2077 3231 2149 ip-

1647 2160 1761 2215 sius
1778 2159 1887 2214 vim
1915 2175 2020 2230 quo
2051 2159 2257 2214 dicitur
2289 2160 2402 2233 (61)
2433 2179 2447 2215 :
2490 2179 2510 2213 ι
2545 2161 2660 2218 Nisi
2695 2163 2818 2232 quis
2855 2174 3077 2221 renatus
3106 2165 3224 2222 lue-

1650 2253 1722 2306 rit
1762 2253 1961 2318 denuo,
2002 2271 2021 2305 ι
2066 2251 2227 2307 altius
2256 2255 2471 2323 aperire
2502 2256 2848 2311 tentavimus.
2878 2257 3035 2324 Quod
3069 2259 3219 2315 enim

1662 2359 1760 2398 nos
1809 2342 1986 2398 Latini
2034 2342 2301 2400 habemus
2345 2362 2366 2397 ι
2401 2345 2607 2411 denuo,
2645 2363 2664 2396 ι
2699 2343 2875 2402 Graeci
2915 2346 3122 2402 ἄνωθεν
3147 2348 3231 2404 di-

1647 2444 1797 2496 cunt,
1829 2435 1920 2505 qui
1948 2450 2129 2490 sermo
2163 2445 2455 2506 utrumque
2493 2436 2785 2506 signiﬁcat,
2822 2445 2879 2493 et
2911 2455 2929 2489 ‹
2973 2438 3170 2505 denuo,
3202 2457 3222 2490 ο

1646 2536 1698 2580 et
1727 2544 1745 2576 ι
1775 2527 1840 2580 de
1859 2525 2250 2596 superioribus.
2282 2527 2377 2583 »1η
2407 2529 2510 2584 hoc
2534 2543 2665 2598 ergo
2697 2527 2836 2593 loco,
2864 2529 2988 2599 quia
3017 2531 3107 2600 qui
3136 2531 3232 2584 bn-

1646 2619 1884 2690 ptizatur
1925 2635 1953 2672 a
1996 2618 2148 2684 Jesu,
2180 2619 2235 2674 in
2277 2619 2484 2690 Spiritu
2531 2631 2722 2676 sancto
2754 2621 3085 2691 baptizatur,
3121 2636 3230 2678 non

1648 2711 1721 2764 ita
1750 2729 1769 2763 ι
1803 2712 1980 2766 denuo
2010 2709 2162 2781 (65)»
2210 2711 2428 2777 dicitur,
2469 2720 2526 2764 ut
2562 2711 2629 2766 de
2653 2711 3030 2780 superioribus
3055 2710 3228 2768 intel-

1646 2801 1736 2872 ligi
1762 2803 2052 2858 conveniat
2082 2823 2094 2858 :
2125 2818 2249 2856 nam
2289 2819 2309 2854 α
2339 2794 2515 2858 denuo
2541 2821 2561 2856 ι
2593 2802 2848 2868 dicimus,
2880 2817 3004 2857 cum
3035 2803 3227 2858 eadem

1645 2909 1767 2965 qua:
1803 2903 1952 2964 gesta
1991 2906 2114 2950 sunt
2155 2904 2475 2964 repetuntur
2507 2912 2522 2948 :
2568 2893 2656 2950 hic
2684 2903 2866 2950 autem
2900 2909 3008 2948 non
3037 2895 3226 2950 eadem

1646 2985 1902 3042 nativitas
1954 2987 2222 3058 repetitur
2257 2987 2342 3042 vel
2398 2986 2650 3050 iteratur,
2692 2986 2810 3052 sed,
2865 2995 3081 3041 terrena
3127 2985 3232 3042 hac

1644 3082 1842 3136 omissa
1873 3080 2022 3152 (66),
2054 3080 2122 3136 de
2164 3080 2540 3150 superioribus
2567 3079 2866 3149 suscipitur
2907 3094 3049 3134 nova
3078 3077 3228 3134 nati-

1646 3173 1789 3226 vitas
1821 3189 1838 3240 ;
1873 3181 1927 3225 et
1953 3171 2074 3226 ideo
2103 3172 2305 3226 rectius
2336 3171 2645 3243 legeremus
2667 3171 2720 3226 in
2750 3169 3080 3240 Evangelia:
3116 3189 3135 3223 ι
3165 3169 3224 3226 Si

20 3266 62 3309 fsl
87 3258 138 3313 '°.
169 3278 185 3308 ι
216 3259 371 3326 Quod
392 3271 568 3316 autem
599 3262 730 3316 dicit
753 3281 770 3315 ι
791 3263 980 3329 semel,
1002 3283 1022 3318 ι
1043 3278 1105 3320 ex
1137 3265 1347 3336 integro
1376 3265 1544 3336 signi-
1570 3285 1612 3342 ο
1647 3264 1769 3334 quis
1804 3279 1909 3319 non
1941 3263 2106 3318 fuerit
2139 3273 2361 3320 renatus
2393 3263 2462 3320 de
2492 3263 2888 3336 superioribus,
2913 3277 3020 3319 non
3047 3251 3230 3334 potest

19 3348 110 3403 irai.
142 3351 210 3405 Ex
236 3351 451 3422 integro
475 3369 706 3424 namque
740 3354 993 3410 Christus
1028 3367 1258 3426 peccato
1290 3369 1536 3414 mortuus

20 3451 76 3506 st,
109 3461 124 3494 ο
153 3445 238 3514 qui
277 3455 564 3516 peccatum
591 3461 696 3502 non
731 3447 882 3514 fecit,
917 3463 1018 3503 nec
1043 3448 1298 3506 inventus
1327 3462 1412 3506 est
1436 3450 1537 3506 do-

20 3548 60 3588 us
85 3535 126 3588 in
156 3552 244 3592 ore
278 3536 400 3606 ejus
431 3537 499 3592 “.
543 3557 562 3590 ι

50 3627 134 3682 8.(
175 3630 252 3686 An
310 3631 578 3702 ignoratis
613 3631 740 3702 quia
785 3631 1100 3703 quicunque
1145 3632 1404 3704 baptizati
1436 3648 1535 3689 su-

19 3733 88 3774 nus
113 3721 157 3776 in
186 3721 404 3780 Christo
435 3723 588 3791 Jesu,
629 3725 682 3780 in
715 3733 891 3780 morte
937 3724 1108 3795 ipsius
1149 3725 1410 3796 baptizati
1440 3742 1535 3782 sn-

19 3815 131 3868 nus?
163 3816 475 3888 Consepulli
519 3817 662 3873 enim
699 3831 892 3872 sumus
943 3813 1018 3870 illi
1056 3830 1155 3887 per
1207 3816 1535 3887 baptismum

20 3919 40 3956 ιι
66 3918 300 3979 mortem;
331 3919 391 3965 ut
435 3909 894 3981 quemadmodum
931 3909 1173 3966 surrexit
1213 3909 1464 3964 Christus
1505 3926 1534 3963 a

19 4003 176 4056 mortuis
218 4019 318 4073 per
358 4003 588 4074 gloriam
630 4003 836 4069 Patris,
869 4001 942 4056 ita
985 4009 1042 4057 et
1077 4016 1174 4056 nos
1211 4004 1262 4054 ln
1297 4003 1538 4056 novitate

20 4089 85 4144 ita:
102 4095 544 4150 ambulemus“.t
571 4093 812 4150 Observa
843 4093 1157 4164 diligentius
1173 4094 1415 4148 ordinem
1451 4093 1536 4148 di-

21 4193 155 4238 torum
187 4195 238 4240 et
262 4187 728 4257 consequentiam.
780 4185 1072 4254 Comparat
1117 4186 1262 4241 enim
1307 4193 1536 4238 mortem

23 4287 80 4324 ne
104 4290 186 4343 per
205 4277 375 4333 Adam
399 4277 642 4342 est,vit:e
657 4291 779 4346 quae
807 4290 904 4345 per
929 4274 1204 4330 Christum
1229 4282 1313 4330 est
1331 4291 1346 4340 ;
1366 4283 1421 4328 et
1451 4275 1537 4329 di-

21 4363 68 4417 it:
85 4386 98 4417 ς
117 4366 216 4422 Non
237 4371 379 4425 sicut
398 4369 673 4434 delictum,
692 4368 767 4423 ita
784 4377 839 4423 et
859 4367 1163 4434 donum“;t
1190 4376 1245 4423 et
1261 4367 1389 4422 item
1419 4373 1540 4437 post

19 4472 76 4512 nec
95 4462 209 4514 ait"
229 4463 402 4534 legem
431 4461 790 4518 subintroisse
818 4459 1192 4515 utabundaret
1219 4470 1533 4531 peccatum;

21 4545 247 4607 biantaute
279 4570 410 4609 vero
442 4563 666 4624 peccato
689 4553 1164 4624 superabundasse
1187 4554 1418 4620 gratiam
1445 4571 1458 4619 ;
1483 4562 1538 4608 et

1643 3357 1873 3413 introire
1899 3355 1954 3409 in
1990 3369 2216 3425 regnum
2254 3353 2346 3408 Dei
2388 3376 2400 3410 :
2437 3373 2460 3409 ι
2488 3355 2592 3412 hoc
2619 3356 2767 3412 enim
2805 3364 2891 3412 est
2917 3356 2972 3410 in
3016 3354 3227 3426 Spiritu

1639 3458 1830 3506 sancto
1851 3447 2142 3520 baptizari.
2167 3446 2267 3504 Cui
2292 3449 2513 3516 rationi,
2540 3452 2684 3508 utde
2707 3450 3086 3522 superioribus
3101 3465 3230 3506 esse

1641 3543 1969 3614 baptismum
2003 3539 2387 3604 confirmetur.
2419 3555 2527 3598 non
2559 3542 2842 3600 immerito
2871 3543 2938 3598 ad
2970 3553 3228 3599 sanctum

1637 3636 1905 3707 Spiritum
1930 3635 2232 3709 iungentur
2265 3637 2430 3694 etiam
2467 3653 2488 3688 ι
2539 3650 2693 3708 aquae
2721 3650 2844 3708 qua:
2870 3649 3035 3705 super
3057 3635 3231 3693 ctelos

1639 3735 1786 3794 sunt,
1821 3737 1877 3783 et
1911 3727 2132 3784 laudant
2154 3729 2266 3800 (67)
2303 3742 2504 3784 nomen
2530 3726 2745 3782 Domini
2769 3727 2839 3782 ".
2875 3743 2896 3780 ι
2937 3726 3003 3780 Et
3032 3740 3229 3796 quam—

1641 3819 1722 3875 vis
1749 3819 2043 3876 secundum
2070 3830 2255 3892 typum
2290 3818 2556 3875 Ecclesiis
2592 3818 2858 3874 traditum
2881 3817 2999 3890 (68)
3033 3830 3230 3874 omnes

1641 3911 1902 3982 baptizati
1927 3911 2100 3968 simus
2133 3913 2186 3966 in
2217 3911 2374 3982 aquis
2395 3909 2518 3966 istis
2540 3909 2870 3976 visibilibns,
2899 3915 2955 3963 et
2991 3909 3044 3962 in
3078 3907 3230 3963 chri-

1638 4015 1812 4060 smate
1841 4003 2073 4070 visibili,
2115 4013 2295 4060 tamen
2341 4003 2434 4073 qui
2475 4010 2726 4057 mortuus
2767 4010 2852 4057 est
2886 4008 3133 4070 peccato.
3167 4005 3226 4053 et

1638 4111 1768 4152 vere
1791 4095 2101 4165 baptizatur
2123 4096 2176 4151 in
2209 4103 2384 4151 morte
2417 4093 2646 4158 Christi,
2677 4101 2733 4148 et
2771 4090 3144 4162 consepelitur
3171 4089 3224 4146 ei

1639 4202 1737 4258 per
1763 4187 2087 4256 baptismum
2114 4186 2170 4242 in
2199 4198 2456 4252 mortem,
2482 4185 2586 4242 iste
2609 4199 2740 4240 verc
2769 4185 2824 4239 in
2855 4181 3062 4254 Spiritu
3098 4195 3226 4238 san-

1641 4287 1728 4334 cto
1761 4287 1818 4335 et
1855 4294 1998 4350 aqua
2034 4279 2100 4335 de
2131 4278 2510 4350 superioribus
2545 4277 2873 4344 baptizatur.
2911 4274 2976 4329 Et
3010 4273 3225 4329 intuere

1639 4370 1818 4426 adhuc
1867 4370 2186 4442 diligentius
2233 4369 2449 4442 mystici
2493 4367 2705 4425 ordinis
2750 4363 3222 4435 consequentiam.

1642 4461 1778 4518 litori
1813 4463 1967 4532 prius
2011 4470 2227 4533 oportet
2269 4471 2324 4517 te
2357 4469 2620 4530 peccato,
2656 4469 2717 4514 ut
2769 4457 2950 4529 possis
2999 4451 3223 4526 sepeliri

1641 4569 1763 4608 cum
1819 4553 2057 4609 Christo.
2100 4551 2313 4609 Mortuo
2355 4553 2499 4608 enim
2548 4550 2826 4621 sepultura
2862 4549 3110 4604 debetur.
3161 4543 3222 4601 Si

20 4641 112 4695 this
129 4647 450 4716 solvitquod
476 4647 758 4703 videbatur
778 4647 1526 4713 essecontrarium,etdieit:
1557 4638 1608 4696 D
1633 4645 1777 4699 enim
1823 4646 1962 4699 vivis
2001 4644 2178 4700 adhuc
2224 4652 2469 4722 peccato,
2527 4639 2851 4710 consepeliri
2909 4651 3016 4692 non
3068 4644 3222 4706 potes

42 4733 115 4798 Qui
145 4738 282 4792 enim
327 4740 525 4794 mortui
554 4751 742 4794 sumus
770 4747 1013 4810 peccato,
1044 4739 1317 4809 quomodo
1369 4737 1523 4794 vive-

20 4833 81 4876 ltts
101 4827 262 4883 adhuc
288 4830 343 4883 in
367 4844 434 4884 eo
465 4828 551 4882 “i
587 4828 783 4885 tNunc
813 4845 946 4901 ergo
978 4829 1166 4886 volens
1196 4831 1363 4886 rebus
1389 4830 1524 4898 ipsis

20 4919 226 4975 uendere
276 4921 410 4993 quid
444 4930 529 4978 est
570 4931 848 4979 mortuum
881 4935 1005 4978 esse
1051 4931 1312 4992 peccato,
1338 4923 1471 4980 dicit
1504 4942 1518 4980 :

70 5057 409 5123 "lCor.~-xv,
449 5062 541 5118 26.
646 5064 689 5095 "’
721 5060 886 5117 Hebr.
915 5076 994 5122 Vt.
1035 5062 1148 5117 4-6.

21 5127 112 5202 IL},
136 5131 186 5184 1.
284 5137 333 5167 ²¹
353 5133 509 5188 Rom.
543 5149 599 5202 ν,
624 5133 711 5189 15.
811 5134 861 5165 ³³
887 5131 1022 5188 ibid.
1050 5132 1143 5188 ΩΟ.

19 5192 25 5218 '
48 5193 166 5256 Psal.
185 5217 407 5272 chvtn,
451 5203 506 5258 4.

44 5321 130 5393 (61)
165 5324 256 5380 Sic
277 5333 429 5380 recte
456 5339 558 5380 ms.
591 5339 732 5380 unus
770 5323 976 5396 Regius
1009 5339 1164 5381 num.
1195 5322 1355 5379 1659.
1389 5322 1509 5378 Edi-

20 5405 156 5466 Lvero,
181 5413 199 5447 ι
233 5397 360 5466 quia
388 5396 468 5451 sic
498 5396 623 5451 vitae
653 5405 888 5466 eterna}
903 5410 1048 5466 mors
1074 5410 1196 5452 esse
1246 5410 1354 5449 non
1383 5408 1513 5466 pos-

19 5468 43 5510 ιι
77 5465 280 5522 eternal
315 5485 334 5518 ι
381 5467 580 5522 Creteri
630 5481 762 5521 mss.
798 5482 813 5517 :
843 5465 1006 5532 alius,
1041 5483 1061 5517 α
1115 5468 1241 5535 quia
1295 5468 1340 5521 si
1393 5465 1520 5518 vita:

20 5539 156 5607 {terna
178 5547 258 5591 est
278 5552 428 5591 mors
449 5537 744 5601 contraria,
768 5549 892 5590 esse
919 5551 1025 5590 non
1049 5538 1220 5605 possit
1245 5547 1448 5590 aeterna
1466 5551 1480 5596 ;
1496 5552 1515 5584 ι

20 5599 111 5666 lius,
139 5625 154 5657 ι
187 5607 313 5677 quia
351 5609 394 5662 si
426 5608 551 5662 vita
591 5599 810 5661 aeternae
851 5620 999 5677 mors
1038 5599 1161 5661 esse
1204 5623 1310 5662 non
1356 5607 1526 5673 possit

20 5676 232 5745 nntraria’,
263 5694 412 5733 mors
439 5692 562 5731 esse
594 5694 697 5732 non
730 5676 902 5745 possit
931 5686 1165 5740 aeterna;
1201 5696 1218 5728 ι
1253 5676 1413 5730 male.

20 5741 129 5814 ,l62)
165 5748 326 5814 Editi,
357 5766 376 5800 ‹
421 5750 523 5803 hoc
550 5741 765 5804 interim
794 5745 1065 5817 fugiamus
1123 5762 1349 5816 regnum
1378 5760 1523 5800 mor-

20 5833 58 5865 εὶ,
98 5836 113 5866 ι

45 5887 130 5953 (ίῦ)
164 5889 295 5944 Vide
333 5898 460 5944 tom.
492 5905 544 5943 vr
575 5891 628 5943 in
655 5889 937 5957 Joannem,
993 5902 1141 5944 num.
1187 5887 1283 5955 26,
1309 5887 1398 5944 ubi
1433 5886 1521 5945 hic

19 5957 236 6016 enatura:
258 5960 407 6016 locus
433 5962 746 6023 exponitur.

1634 4737 1880 4801 Christo,
1919 4751 2019 4792 nec
2059 4737 2112 4790 in
2144 4752 2284 4791 novo
2311 4736 2427 4806 ejus
2466 4734 2720 4804 sepulcro
2757 4729 3047 4796 collocari,
3087 4731 3218 4798 quia

1631 4840 1788 4886 vetus
1812 4830 1978 4885 homo
1998 4839 2122 4885 tuus
2165 4828 2315 4893 vivit,
2347 4839 2402 4884 et
2429 4843 2536 4883 non
2561 4834 2738 4898 potest
2765 4824 2820 4880 in
2862 4823 3104 4879 novitate
3137 4820 3219 4874 vi-

1633 4931 1703 4978 ta:
1751 4922 2051 4981 ambulare.
2083 4923 2376 4992 Propterea
2405 4934 2637 4991 namque
2666 4931 2810 4974 cum
2837 4915 2940 4971 fuit
2989 4911 3220 4985 Spiritui

1265 5063 1307 5094 ’⁸
1331 5064 1487 5120 Rom.
1519 5081 1571 5130 v,
1594 5066 1687 5120 2|.
1767 5063 1811 5094 "
1837 5062 1994 5116 Rom.
2027 5076 2104 5128 vr,
2129 5057 2373 5130 2,5,]0.
2437 5055 2485 5088 ’°
2517 5055 2531 5109 I
2561 5052 2708 5130 Petr.
2735 5048 2905 5130 312?.
2977 5047 3022 5081 ⁹¹
3052 5045 3214 5130 Rom_.

1248 5133 1294 5163 ”
1325 5118 1485 5191 Rom.
1518 5152 1538 5191 ς

1684 5171 1696 5190 .
1768 5133 1818 5166 ’⁸
1848 5132 1974 5189 ibid.
2016 5118 2102 5188 '5.’
2143 5118 2189 5162 ’δ
2227 5118 2418 5182 Matth.
2455 5141 2543 5189 ut,
2571 5125 2660 5180 11.
2735 5121 2807 5154 ⁸⁵⁸
2842 5118 3004 5176 Joan.
3053 5118 3216 5211 In,

1719 5320 1814 5392 64)
1840 5319 2015 5392 Alias,
2060 5335 2080 5370 ε
2117 5316 2207 5372 ubi
2239 5313 2610 5392 et_sermonis
2651 5307 2882 5392 id_quod
2919 5306 3150 5392 dicitur:
3187 5323 3214 5363 ι

1719 5321 1814 5392 64)
1840 5321 2015 5386 Alias,
2060 5335 2080 5370 ι
2117 5321 2207 5372 ubi
2241 5323 2296 5371 et
2339 5321 2610 5371 sermonis
2651 5321 2705 5368 id
2737 5321 2882 5392 quod
2919 5321 3142 5366 dicitur.
3187 5323 3214 5363 ι

1697 5321 1949 5464 {65)Ms.
1977 5403 2119 5444 unus
2145 5386 2346 5464 omittit
2379 5402 2399 5438 ‹
2429 5384 2634 5441 denuo.
2665 5399 2685 5436 ι
2713 5379 2917 5438 Detnde
2939 5393 3073 5436 mss.
3097 5376 3220 5449 plu-

1633 5457 1720 5520 res
1755 5457 1958 5532 habent
1987 5476 2007 5511 ι
2042 5457 2380 5532 convenit._s
2485 5523 2529 5532 __
2669 5521 2684 5532 ι
2833 5528 2844 5532 _
2882 5519 2896 5532 ν

1703 5532 1818 5604 (66)
1848 5529 2082 5604 Terrena
2106 5530 2205 5581 hac
2233 5527 2452 5580 omissa.
2485 5523 2612 5580 [Lee
2652 5521 2851 5579 desunt
2881 5519 2936 5576 in
2967 5518 3134 5576 editis
3163 5526 3216 5573 et

1637 5604 1690 5658 in
1714 5602 2003 5684 'pierisque
2028 5613 2158 5681 mss.

1703 5661 1816 5746 ('67)
1852 5661 2022 5735 Alias,
2049 5688 2068 5722 ι
2096 5669 2488 5740 junguntur....
2511 5678 2636 5734 qua:
2659 5665 2761 5719 sub
2796 5661 2940 5719 calo
2971 5671 3121 5725 sunt,
3157 5666 3216 5712 ut

1631 5745 1871 5806 laudent,
1908 5762 1926 5794 ι
1963 5751 2068 5795 etc.
2112 5809 2148 5812 _
2220 5807 2231 5812 Α
2304 5808 2315 5812 _
2494 5805 2525 5812 __
2766 5803 2815 5812 __
3056 5803 3067 5812 _
3137 5799 3148 5812 .

1703 5815 1814 5888 (68)
1854 5803 2020 5888 Editi,
2057 5829 2090 5888 ι⁸
2110 5807 2366 5864 Ecclesiae
2389 5805 2670 5863 traditum.
2708 5823 2726 5858 ι
2753 5803 2868 5872 AL,
2905 5822 2922 5855 ε
2955 5803 3220 5861 ecclesia-

1631 5881 2146 5944 stieaz'traditionis.
2182 5898 2201 5933 ι
