3766 6550
497 487 635 544 τοδε)

502 705 703 748 novum
735 687 899 744 fuerit
927 688 980 742 in
1009 700 1118 757 quo
1155 684 1402 756 sepultus
1441 693 1524 741 est
1555 683 1735 748 Jesus,
1775 691 1832 739 et
1863 681 2006 751 quod
2029 681 2082 734 in

507 785 740 842 sindone
768 780 968 837 munda
1003 779 1290 835 obvolutus
1323 778 1394 834 sit
1421 779 1503 833 ἐς
1536 785 1592 832 ιιι
1621 777 1760 832 sciat
1789 774 1968 830 omnis
1991 773 2083 843 qui

505 874 830 948 consepeliri
859 873 975 929 vult
1001 871 1217 928 Christo
1257 885 1352 940 per
1378 869 1726 939 baptismum,
1756 865 1894 922 nihil
1929 873 2086 920 vetu-

506 970 667 1026 statis
708 970 776 1024 ad
832 964 1138 1036 sepulcrum
1183 975 1404 1029 novum,
1455 961 1589 1017 nihil
1634 956 1992 1015 immunditizc
2021 955 2088 1010 ad

509 1061 762 1118 mundam
793 1058 1077 1116 sindonem
1105 1054 1484 1112 deferendum.
1521 1053 1627 1108 lsta
1651 1060 1737 1108 est
1769 1065 1900 1121 ergo
1932 1049 2087 1104 beata

509 1168 680 1217 mors,
711 1152 778 1208 de
808 1165 916 1220 qua
957 1149 1087 1206 dicit
1113 1145 1428 1218 Apostolus,
1451 1144 1579 1215 quia
1620 1163 1638 1196 ι
1684 1156 1905 1211 semper
1938 1154 2087 1194 mor-

507 1251 618 1299 tem
645 1241 772 1298 Jesu
817 1240 1021 1298 Christi
1069 1239 1124 1294 in
1165 1251 1398 1306 corpore
1450 1243 1641 1292 nostro
1693 1251 1712 1286 ι
1750 1229 2092 1288 circumferi-

511 1349 634 1392 mus
664 1335 709 1368 "
742 1352 758 1403 ;
789 1342 845 1388 et
879 1333 1116 1388 iterum:
1151 1349 1170 1384 ι
1207 1327 1463 1397 Qu0lidie
1501 1327 1702 1382 morior
1741 1325 1806 1380 ³ο.
1851 1343 1869 1376 ι
1904 1321 2010 1378 Sed
2039 1331 2092 1376 et

509 1429 642 1486 illud
665 1442 790 1483 cum
822 1424 959 1482 dicit
990 1444 1002 1479 :
1045 1443 1065 1477 ι
1107 1423 1301 1481 Omnia
1329 1430 1510 1476 vestra
1546 1425 1694 1483 sunt,
1723 1417 1838 1472 sive
1871 1415 2092 1479 Paulus,

510 1524 628 1577 sive
660 1518 872 1590 Apollo,
891 1518 1005 1573 sive
1031 1516 1262 1585 Cephas,
1292 1514 1406 1568 sive
1428 1509 1516 1566 hic
1542 1510 1795 1574 mundus,
1817 1506 1934 1562 sive
1961 1507 2091 1570 vita,

513 1617 626 1670 sive
651 1627 801 1670 mors
826 1611 891 1675 ³³,
929 1629 947 1663 ι
982 1617 1212 1665 mortem
1249 1606 1386 1660 hanc
1411 1618 1515 1674 qua
1554 1610 1775 1673 peccato
1811 1598 2093 1661 morimur,

507 1719 570 1764 et
608 1706 827 1762 Christo
874 1701 1276 1772 consepelimur
1331 1701 1635 1753 enumerat.
1677 1692 1880 1748 Verum
1921 1695 2100 1760 potest

515 1800 642 1870 quis
710 1798 766 1852 in
816 1797 903 1852 his
974 1793 1108 1850 locis
1173 1793 1453 1861 requirere
1521 1803 1616 1843 cur
1678 1783 1972 1855 Apostolus
2031 1780 2100 1835 de

518 1891 791 1960 baptismo
837 1894 1025 1944 nostro
1056 1881 1170 1954 (69)
1221 1881 1450 1951 loquens
1479 1889 1533 1935 et
1569 1877 1637 1934 de
1661 1877 1812 1944 Jesu,
1841 1875 2040 1932 dixerit
2081 1893 2094 1929 :

529 1998 549 2033 ι
569 1977 883 2050 Consepulti
907 1975 954 2030 ei
979 1987 1167 2030 sumus
1187 1985 1285 2042 per
1302 1971 1625 2041 baptismum
1652 1969 1705 2023 in
1737 1973 1965 2022 mortem
1985 1965 2050 2030 ³²;
2077 1983 2096 2016 ι
2136 1942 2175 1996 Β
2207 1966 2344 2022 sisse
2374 1966 2427 2020 in
2459 1964 2560 2020 hoc
2583 1962 2821 2032 capitulo
2860 1962 3075 2016 videtur
3110 1958 3404 2030 Apostolus
3431 1957 3575 2027 quod
3605 1955 3744 2008 dicit'

516 2079 572 2124 et
607 2069 734 2122 item
763 2066 891 2122 alibi
928 2064 1014 2117 ”:
1049 2081 1066 2114 ι
1102 2061 1158 2118 Si
1203 2059 1594 2116 commorimur
1621 2058 1691 2124 ei,
1747 2067 1803 2112 et
1845 2055 2094 2112 convive-

517 2175 668 2226 mus;
711 2179 729 2212 ι
779 2166 834 2212 et
905 2156 1077 2210 item:
1126 2170 1143 2206 ι
1183 2151 1241 2208 Si
1274 2151 1670 2222 compatimur,
1719 2156 1775 2204 et
1804 2161 2103 2215 conregna-

519 2252 734 2315 bimus;
787 2267 806 2300 ι
840 2257 895 2303 et
928 2259 1198 2315 nusquam
1243 2241 1384 2297 dixit
1418 2257 1432 2295 :
1461 2240 1683 2296 Christo
1728 2236 2102 2306 conbaptizati

514 2359 750 2409 .sumus;
781 2355 906 2398 cum
946 2339 1135 2407 utique
1170 2337 1312 2391 sicut
1342 2348 1488 2389 mors
1519 2332 1702 2398 morti,
1730 2340 1785 2386 et
1809 2332 1918 2384 vita
1950 2331 2102 2396 vita),

524 2438 598 2492 ita
624 2443 677 2490 et
707 2431 1005 2502 haptismus
1023 2426 1292 2497 baptismo
1315 2422 1552 2480 conferri
1571 2420 1820 2478 debuisse
1838 2419 2104 2473 videatur.

528 2530 635 2586 Sed
663 2527 783 2582 vide
811 2525 863 2578 in
906 2519 1151 2593 Apostoli
1188 2517 1383 2573 litteris
1413 2523 1615 2586 quanta
1633 2512 1842 2569 cautela
1875 2513 1945 2566 sit
1979 2511 2109 2579 ;‘ait

524 2623 668 2679 enim
722 2640 734 2676 :
777 2639 795 2672 ι
844 2617 1165 2686 Quicunque
1218 2611 1476 2681 baptizati
1544 2621 1730 2664 sumus
1788 2607 1840 2662 in
1892 2605 2108 2662 Christo

526 2713 673 2769 Jcsu.
711 2731 728 2762 ι
759 2708 1015 2765 Nostrum
1049 2718 1179 2774 ergo
1209 2703 1477 2774 baptisma
1503 2701 1559 2758 in
1581 2699 1802 2755 Christo
1831 2695 1954 2754 Jesu
1989 2709 2110 2750 esse

527 2806 678 2862 dicit.
707 2805 823 2874 lpse
860 2810 1042 2856 autem
1063 2796 1314 2854 Christus
1346 2811 1377 2850 a
1410 2793 1621 2849 Joanne
1653 2790 1962 2862 baptizatus
1995 2786 2107 2860 (70)

525 2899 781 2960 refertur,
816 2910 921 2952 non
945 2909 1011 2951 eo
1035 2893 1362 2962 baptismate
1387 2887 1530 2956 quod
1562 2885 1616 2941 in
1645 2884 1866 2942 Christo
1888 2891 1996 2948 est,
2015 2881 2108 2937 sed

527 3010 592 3049 eo
622 2992 763 3062 quod
816 2991 869 3044 in
910 2989 1030 3059 lege
1071 2996 1176 3042 est.
1215 2983 1290 3038 lta
1330 2981 1476 3039 enim
1515 2988 1568 3036 et
1591 2981 1705 3050 ipse
1730 2979 1806 3033 ait
1835 2977 1901 3032 ad
1938 2975 2109 3032 Joan-

527 3100 653 3140 nem
691 3102 704 3138 ε
751 3101 769 3134 ‹
808 3080 936 3136 Sine
959 3079 1118 3134 modo
1150 3091 1165 3130 :
1195 3075 1276 3130 sic
1303 3075 1449 3130 enim
1491 3073 1648 3127 decet
1679 3084 1780 3125 nos
1811 3067 2110 3138 adimplere

519 3192 743 3234 omnem
774 3173 1040 3246 justitiam
1075 3171 1141 3223 ³⁸.
1182 3189 1201 3221 ι
1237 3169 1294 3224 ln
1327 3181 1436 3238 quo
1464 3164 1724 3228 ostendit,
1755 3163 1903 3233 quod
1932 3160 2112 3230 bapti-

529 3284 682 3325 smus
701 3266 930 3323 Joannis
963 3263 1200 3334 expletio
1227 3269 1345 3317 erat
1371 3266 1644 3324 veterum,
1686 3271 1792 3311 non
1837 3253 2110 3309 inchoatio
2139 3287 2182 3346 α

517 3373 818 3416 novorum.
882 3356 1126 3425 Denique
1167 3352 1406 3408 refertur
1455 3351 1508 3405 in
1558 3350 1783 3404 Actibus
1835 3347 2111 3417 apostolo-

530 3466 652 3505 rum
695 3449 764 3514 ³⁵,
806 3447 951 3516 quod
985 3445 1202 3515 quidam
1250 3459 1320 3500 ex
1368 3440 1649 3512 discipulis
1695 3438 1790 3510 qui
1839 3440 2114 3510 baptismo

521 3541 767 3599 .Joannis
791 3540 1014 3595 fuerant
1036 3537 1312 3607 haptizati,
1334 3533 1701 3604 apostolorum
1725 3531 1996 3588 sententia
2025 3546 2115 3588 re-

536 3632 800 3704 baptizati
827 3639 954 3686 sunt
982 3629 1034 3683 in
1053 3626 1269 3684 nomine
1287 3623 1501 3680 Domini
1526 3622 1678 3679 Jesu.
1708 3642 1725 3674 (
1752 3622 2071 3692 Quicunque
2089 3641 2109 3675 ι

517 3740 714 3795 ergo:
738 3720 994 3794 baptizati
1022 3733 1210 3775 sumus
1230 3716 1344 3787 (7t)
1369 3716 1423 3771 in
1440 3715 1659 3772 Christo
1684 3715 1836 3784 .lesu,
1860 3716 1914 3772 in
1943 3723 2118 3772 morte

519 3816 706 3887 lipsius
725 3813 984 3885 baptizati
1015 3826 1206 3870 sumus
1234 3810 1304 3865 ³⁸.
1343 3829 1361 3863 ι
1385 3809 1652 3880 Requiras
1677 3807 1932 3864 fortassis
1949 3808 2116 3863 etiam

513 3906 821 3977 -hoc,quod
855 3921 977 3962 cum
1013 3905 1125 3976 ipse
1146 3902 1412 3958 Dominus
1438 3899 1637 3956 dixerit
1665 3900 1732 3954 ad
1764 3899 2116 3970 discipulos"

535 4013 594 4056 nt
621 4001 967 4070 baptizarent
1004 4011 1194 4053 omnes
1226 4003 1414 4067 gentes
1455 3993 1508 4048 in
1561 3993 1782 4048 nomine
1822 3992 2034 4059 Patris,
2067 4001 2121 4048 et

537 4091 681 4157 Filii,
729 4101 780 4146 et
829 4090 1067 4160 Spiritus
1111 4087 1311 4154 sancti,
1349 4100 1447 4142 cur
1494 4085 1586 4141 hic
1629 4083 1922 4154 Apostolus
1953 4083 2122 4139 solius

537 4185 740 4242 Christi
774 4184 827 4237 in
858 4183 1128 4252 baptismo
1146 4193 1340 4236 nomen
1370 4177 1732 4247 assumpserit
1758 4175 1870 4248 (72)
1893 4176 2118 4232 dicens:

524 4294 565 4328 -ι
601 4276 921 4343 Quicunque
951 4272 1206 4341 baptizati
1245 4284 1436 4326 sumus
1457 4269 1512 4322 in
1532 4267 1776 4333 Christo,
1806 4285 1824 4319 ι
1859 4282 1984 4323 cum
2014 4267 2122 4322 uti-

528 4376 648 4430 que
677 4377 781 4416 non
818 4361 1088 4415 habeatur
1122 4357 1426 4430 legitimum
1452 4357 1741 4427 baptisma,
1777 4356 1878 4412 nisi
1901 4355 2000 4412 sub
2033 4371 2125 4412 no-

542 4452 690 4507 mine
712 4449 1016 4506 Trinitatis.
1036 4447 1144 4505 Sed
1168 4450 1382 4504 intuere
1405 4447 1749 4518 prudentiam
1777 4446 1955 4513 Pauli,
1984 4462 2121 4518 quo-

543 4545 690 4600 niam
714 4541 934 4611 quidem
967 4541 1020 4596 in
1052 4543 1307 4612 presse-nti
1335 4541 1456 4595 loco
1498 4556 1604 4596 non
1645 4551 1751 4596 tam
1787 4542 2125 4613 baptismatis

546 4635 832 4699 rationem,
864 4647 1026 4702 quam
1053 4607 1256 4688 ‘mortis
1287 4632 1490 4689 Christi
1535 4634 1810 4688 discutere
1842 4607 2119 4704 cupiebat,
2157 4639 2200 4695 D
2230 4624 2345 4694 ipse
2383 4622 2515 4678 dicit
2546 4638 2559 4675 :
2600 4637 2619 4672 ε
2662 4619 2801 4674 Ecce
2842 4616 2964 4674 dedi
2999 4616 3155 4672 vobis
3207 4623 3548 4688 potestatem
3577 4607 3756 4704 calcant!

545 4727 612 4782 ad
646 4723 801 4796 cujus
825 4722 1237 4778 similitudinem
1260 4723 1424 4776 etiam
1462 4739 1560 4778 nos
1585 4723 1843 4779 suaderet
1872 4725 2008 4778 mori
2031 4724 2126 4779 de-

525 4817 675 4874 .bere
705 4824 951 4886 peccato,
1001 4823 1055 4868 et
1099 4813 1425 4883 consepeliri
1463 4813 1698 4869 Christo.
1752 4813 1815 4866 Et
1855 4828 1962 4867 non
2005 4823 2124 4869 crat

545 4909 734 4978 utique
760 4904 1094 4962 conveniens
1143 4902 1280 4976 (75),
1335 4913 1391 4959 ιιι
1427 4903 1514 4959 ubi
1552 4905 1619 4959 de
1656 4912 1831 4958 morte
1874 4901 2116 4972 dicebat,

619 5049 664 5079 “
691 5045 880 5101 Matth.
916 5061 1089 5109 nvll,
1127 5042 1216 5106 60,
1249 5043 1339 5099 59.

545 5117 690 5172 Tim.
724 5133 798 5175 tt.
839 5119 928 5176 Η.
966 5115 1053 5170 12.

623 5332 733 5402 (69)
765 5331 936 5402 Alias1
979 5331 1095 5402 rde
1142 5330 1434 5402 baptismo_
1479 5345 1629 5402 novo
1678 5329 1796 5402 [διν
1862 5332 1926 5383 de
1963 5331 2132 5402 bapti-

557 5403 653 5455 smi
705 5398 939 5470 nomine]
999 5399 1224 5472 loquens
1253 5404 1390 5472 etde
1411 5399 1537 5455 Jesu
1556 5441 1570 5465 ,
1613 5398 1708 5472 [aL
1737 5401 1935 5472 deestr
1963 5410 2017 5455 et
2044 5401 2117 5471 ι),

552 5473 748 5551 «ιιι-ειη
786 5488 799 5523 :
832 5471 1134 5551 consepulti
1184 5471 1327 5525 enim
1391 5486 1579 5525 sumus
1614 5471 1718 5541 per
1767 5471 2130 5542 baptismum;

553 5555 603 5596 et
640 5545 837 5593 iterum
873 5540 1019 5592 alibi.
1058 5557 1076 5590 ι

765 5609 1097 5692 Bnaplizafu's.
1136 5610 1292 5692 Deest
1321 5610 1646 5692 inpeditione
1665 5609 2025 5666 Genebrardi.

625 5679 739 5752 (71)
779 5679 1002 5752 ξιι-ηιιιε.
1034 5679 1094 5732 In
1119 5690 1275 5752 antea
1295 5681 1456 5752 editis
1481 5681 1850 5752 desideratur.

627 5749 741 5820 (72)
777 5749 937 5829 Editi,
971 5766 988 5800 ι
1038 5750 1180 5818 quod
1217 5750 1332 5820 ipse
1364 5751 1624 5805 Dominus
1671 5750 1902 5804 dixit....
1937 5765 2131 5806 nomen

554 5827 872 5888 assumpsit.
905 5837 924 5870 ι

631 5892 741 5963 (7'5)
773 5888 939 5956 Είιίιῖν
966 5907 984 5943 t
1021 5897 1075 5947 et
1101 5902 1209 5945 non
1241 5889 1428 5958 utique
1455 5891 1807 5949 conveniens.
1845 5913 1862 5944 ι

1993 467 2315 526 ORIGENIS

495 606 692 658 sancto
736 595 951 653 tradere
983 607 1079 666 per
1128 592 1443 665 Scripturas
1486 591 1630 663 quod
1668 598 1725 647 et
1770 588 2080 660 sepulcrum
2110 591 2158 650 Α
2185 585 2269 642 vel
2318 584 2537 640 Patrem
2605 540 2948 643 nomindret,
3011 577 3098 634 vel
3157 575 3414 648 Spiritum
3474 591 3722 631 sanctum.

1441 5043 1485 5075 ¹⁹
1524 5043 1564 5097 ll
1586 5042 1715 5098 Cor.
1744 5058 1818 5104 ιν.
1853 5043 1936 5098 10.
2013 5044 2059 5077 ³ο
2086 5045 2252 5102 lCor.
2295 5058 2385 5105 xv,
2419 5040 2509 5095 5L

1160 5095 1216 5145 δ’δ’
1246 5095 1436 5167 manu.
1477 5095 1570 5179 vi,
1599 5095 1712 5168 ts.
1747 5095 1821 5146 ’35
1856 5095 1976 5169 Act.
2020 5095 2126 5177 xu},

2218 5095 2223 5100 ’
2257 5095 2432 5167 5ίἹ⁸⁶
2460 5110 2621 5163 Rom.
2662 5124 2734 5171 vr,
2766 5107 2820 5160 5.
2852 5105 2937 5179 f7
2960 5095 3160 5159 Matth.
3191 5117 3394 5166 xxvtu,
3437 5101 3528 5155 l9.
3603 5095 3756 5179 “locri

551 5205 589 5252 t,
619 5188 705 5243 14.
784 5187 826 5218 ’9
853 5187 1008 5240 ltom.
1033 5201 1109 5249 Vl,
1138 5186 1191 5261 3,
1217 5184 1270 5238 4.
1346 5183 1390 5215 ’⁸ο
1418 5177 1578 5240 τιοειιι.
1613 5199 1730 5249 vttt,
1758 5183 1848 5238 44.
1923 5185 1965 5215 ⁸¹
1992 5185 2126 5240 Ezec

2226 5200 2345 5249 xm,
2372 5181 2426 5234 6.
2500 5179 2545 5208 δ’
2575 5178 2706 5233 Luc.
2744 5193 2800 5240 x,
2840 5177 2926 5230 19.

3615 465 3720 516 ιω

2190 699 2210 732 ι
2246 680 2480 735 Verbum
2517 695 2536 731 ι
2571 678 2717 732 enim
2754 696 2772 730 ι
2812 691 2943 733 caro
2970 675 3173 730 factum
3205 680 3287 726 est
3318 670 3382 732 ³⁸,
3421 688 3438 720 ι
3472 679 3531 723 et
3563 668 3726 721 merita

2187 772 2279 827 ubi
2320 787 2449 828 caro
2475 780 2586 836 est,
2628 771 2700 825 ibi
2722 772 2788 824 de
2814 778 2986 826 morte
3017 774 3306 822 tractatur.
3335 760 3440 816 Nec
3465 760 3727 815 convenie-

2188 867 2280 920 bat
2308 874 2368 920 ut
2407 865 2611 921 diceret
2650 883 2664 918 :
2700 880 2720 914 ι
2753 863 3078 932 Quicunque
3108 854 3376 927 baptizati
3413 867 3594 908 sumus
3629 869 3646 903 ι
3687 850 3725 903 in
3754 853 3755 926 ᾗ

2192 958 2411 1014 nomine
2441 955 2645 1020 Patris,
2679 954 2762 1008 vel
2791 954 2844 1008 in
2878 952 3096 1006 nomine
3145 947 3384 1018 Spiritus
3422 943 3612 1005 sancti,
3645 959 3663 991 ι
3690 942 3755 993 ἰῃί

2192 1059 2367 1106 morte
2415 1048 2586 1119 ipsius
2621 1045 2881 1116 baptizati
2928 1057 3138 1099 sumus.
3178 1058 3196 1091 ι
3248 1037 3401 1092 Unde
3430 1025 3755 1119 observanda)

2192 1151 2374 1197 estex
2423 1141 2528 1195 hoc
2569 1139 2688 1193 loco
2729 1137 2895 1192 etiam
2932 1136 2984 1190 in
3027 1131 3246 1190 caeteris
3281 1128 3395 1200 (τι)
3436 1129 3732 1184 consuetudo

2195 1239 2456 1309 Apostoli,
2489 1236 2630 1307 quod
2655 1250 2767 1316 non
2790 1247 3008 1303 semper
3031 1219 3388 1316 cuwd
3417 1241 3482 1282 el
3517 1225 3733 1295 δετίριυ·

2197 1331 2273 1386 ris
2296 1329 2543 1394 assumit,
2575 1313 2848 1396 integrum
2886 1331 3091 1379 textum
3129 1309 3424 1390 verborum
3445 1359 3458 1383 ,
3493 1329 3554 1369 ut
3593 1316 3640 1369 in
3666 1331 3735 1370 sat

2198 1422 2316 1478 loco
2341 1423 2550 1492 positus
2573 1391 3195 1500 est,vas9l'nil::§eghea
3232 1422 3460 1474 tantum.
3486 1425 3606 1478 quae
3629 1422 3734 1476 prrs-

2200 1516 2374 1572 sentis
2403 1529 2578 1570 causa:
2611 1512 2846 1581 requirit
2876 1497 3145 1581 ιιεῇἲῖ
3182 1508 3324 1562 sicut
3360 1515 3413 1558 et
3436 1506 3488 1557 in
3526 1501 3738 1572 praesenti

2200 1622 2451 1665 sermone
2472 1651 2485 1672 ,
2507 1605 2634 1677 quia
2659 1603 2772 1676 (75)
2815 1605 2882 1658 de
2913 1613 3086 1658 morte
3116 1599 3324 1655 Christi
3371 1597 3567 1650 docere
3592 1594 3738 1661 cupie-

2199 1702 2315 1764 bat,
2347 1697 2562 1753 suffecit
2591 1695 2702 1768 (76)
2739 1696 2786 1750 ei
2826 1694 3008 1750 dicere
3041 1712 3054 1746 :
3096 1709 3115 1743 ι
3154 1689 3474 1758 Quicunque
3520 1684 3740 1753 baptizati

2203 1785 2364 1857 562
2411 1797 2604 1840 sumus
2632 1785 2686 1837 in
2715 1781 2964 1849 Christo,
3010 1782 3064 1834 in
3107 1788 3286 1834 morte
3317 1779 3488 1848 ipsius
3520 1777 3742 1844 baptizati

2204 1889 2412 1932 sumus.
2455 1893 2474 1926 ι
2513 1873 2640 1928 Mihi
2667 1887 2798 1927 vero
2830 1887 2898 1925 ne
2938 1871 3068 1925 illud
3101 1871 3318 1940 quidem
3367 1870 3543 1922 otiose
3572 1865 3744 1936 praemi-

3039 1417 3131 1506 Ἧι

2213 2076 2231 2109 ι
2272 2058 2353 2112 An
2387 2056 2609 2112 nescitis
2639 2057 2752 2126 (77)
2775 2055 2798 2108 ?
2823 2074 2842 2106 ι
2873 2053 2979 2108 Per
3003 2053 3148 2122 quod
3181 2051 3445 2112 ostendit,
3469 2048 3598 2118 quia
3628 2057 3745 2109 tunc,

2208 2149 2310 2204 hoc
2331 2157 2415 2204 est
2458 2148 2826 2217 apostolorum
2864 2143 3228 2213 temporibus,
3256 2156 3388 2205 non,
3423 2149 3484 2195 ut
3510 2155 3646 2194 nunc.
3663 2138 3748 2192 ﬁeri

2209 2241 2473 2305 videmus,
2500 2251 2654 2311 typus
2685 2237 3056 2294 tantummodo
3079 2234 3462 2307 mysteriorum
3484 2233 3570 2288 his
3585 2233 3665 2303 qui
3682 2235 3744 2285 ba-

2208 2335 2571 2404 ptizabantur,
2593 2333 2688 2389 sed
2709 2331 2884 2386 virtus
2911 2344 3098 2386 eorum
3121 2342 3185 2382 ac
3209 2327 3348 2382 ratio
3372 2325 3695 2388 tradebatur,
3713 2331 3752 2376 et

2212 2436 2466 2497 tanquam
2498 2424 2798 2481 scientibus
2820 2433 2876 2478 et
2899 2420 3106 2477 cdoctis
3125 2421 3253 2491 quia
3290 2420 3382 2488 qui
3415 2417 3751 2488 baptizanlur,

2211 2519 2265 2573 in
2308 2527 2481 2573 morte
2518 2515 2718 2571 Christi
2751 2481 3226 2585 baptizanturiet
3268 2481 3755 2585 consepeliunturel

2211 2624 2308 2681 per
2345 2609 2669 2678 baptismum
2697 2608 2750 2662 in
2811 2616 3039 2661 mortem
3074 2623 3090 2671 ;
3141 2614 3196 2662 et
3225 2605 3356 2675 quia
3382 2603 3529 2658 sicut
3550 2601 3756 2681 Christe!)

2210 2700 2450 2756 surrexit
2485 2715 2514 2754 a
2551 2696 2780 2753 mortuis
2815 2711 2913 2767 per
2939 2695 3163 2766 gloriam
3201 2694 3408 2760 Patris,
3449 2693 3530 2747 ita
3562 2691 3612 2745 in
3637 2691 3756 2767 nari)

2215 2801 2324 2848 tate
2370 2788 2481 2861 (78)
2528 2791 2652 2845 vitae
2701 2787 2984 2843 ambulare
3016 2787 3252 2842 debeant
3296 2785 3348 2840 hi
3391 2784 3488 2854 qui
3533 2773 3756 2861 baptizati

2213 2893 2340 2941 sunt
2355 2883 2421 2936 ³⁹.
2443 2881 2566 2937 Haec
2589 2879 2877 2950 Apostolus
2894 2877 3104 2932 scribit.
3136 2875 3327 2931 Adhuc
3353 2873 3606 2930 fortassis
3629 2873 3756 2950 etiaq

2214 2976 2318 3030 hoc
2353 2975 2407 3028 in
2437 2970 2692 3044 praesenti
2724 2967 2962 3039 capitulo
2990 2967 3338 3035 requiratur:
3381 2965 3441 3020 Si
3480 2964 3671 3020 mortui
3694 2964 3756 3044 sui

2215 3082 2336 3123 mus
2364 3074 2612 3137 peccato,
2644 3072 2698 3118 et
2727 3059 3026 3130 consepulti
3057 3074 3246 3115 sumus
3281 3058 3540 3124 Christo,
3584 3067 3635 3109 et
3666 3058 3756 3137 me)

2215 3161 2559 3218 surreximus
2592 3173 2713 3212 cum
2748 3170 2837 3220 eo,
2885 3153 3258 3208 necessarium
3296 3151 3582 3206 videbitur
3603 3151 3756 3220 seem

2216 3255 2344 3311 dum
2377 3253 2517 3307 hanc
2545 3249 2778 3305 formam
2803 3245 3016 3303 ostendi
3043 3243 3316 3314 quomodo
3342 3243 3517 3296 etiam
3543 3257 3655 3296 cum
3680 3239 3756 3314 ἱρή

2219 3357 2327 3402 tres
2355 3345 2490 3405 dies,
2521 3349 2576 3397 et
2605 3349 2718 3395 tres
2741 3347 2932 3393 noctes
2963 3336 3015 3390 in
3042 3335 3206 3390 corde
3232 3344 3396 3389 terrae
3430 3333 3624 3405 sepulti
3656 3330 3756 3405 fere)

2219 3438 2390 3492 rimus
2414 3435 2551 3505 ('79).
2581 3433 2649 3487 Et
2679 3433 2802 3487 vide
2829 3430 2874 3485 si
2915 3430 3191 3500 possimus
3219 3437 3329 3482 tres
3355 3427 3487 3482 dies
3508 3417 3756 3505 consepulti

2218 3526 2437 3582 Christo
2464 3525 2667 3590 facere,
2694 3537 2820 3578 cum
2847 3520 3061 3589 plenam
3081 3517 3369 3574 Trinitatis
3392 3517 3676 3588 scientiam
3701 3517 3756 3590 ea)

2219 3617 2397 3686 pimus
2428 3615 2556 3669 :lux
2585 3622 2668 3668 est
2711 3612 2824 3685 (80)
2868 3611 3014 3667 enim
3057 3609 3242 3674 Pater,
3271 3618 3327 3663 et
3364 3607 3424 3662 in
3463 3603 3756 3686 lumine

2220 3710 2312 3779 qui
2372 3719 2456 3764 est
2495 3706 2664 3762 Filius
2709 3704 2892 3760 lumen
2934 3702 3181 3757 videmus
3225 3698 3504 3768 Spiritum
3534 3698 3756 3779 sanctum)

2222 3799 2474 3856 Facimus
2505 3806 2684 3853 autem
2714 3804 2771 3851 et
2799 3803 2910 3850 tres
2939 3801 3129 3848 noctes
3149 3831 3164 3856 ,
3195 3806 3322 3845 cum
3357 3790 3685 3846 destruimus
3712 3790 3756 3856 te)

2223 3893 2518 3947 nebrarum
2547 3897 2602 3945 et
2643 3885 2962 3959 ignorantia:
2988 3891 3197 3955 patrem
3224 3897 3330 3936 una
3358 3896 3496 3936 cum
3532 3878 3756 3959 mendacii

2223 3987 2365 4056 quod
2394 4000 2461 4040 ex
2487 3999 2552 4040 eo
2580 3990 2765 4038 natum
2798 3991 2901 4048 est,
2930 3990 2984 4036 et
3028 3998 3048 4031 ι
3089 3977 3327 4034 mendax
3358 3986 3448 4033 est
3473 3978 3612 4033 sicut
3636 3984 3680 4029 et
3701 3977 3756 4056 ιιι(

2227 4089 2310 4135 ter
2326 4074 2720 4146 ejus,rettcum
2749 4075 2990 4143 loquitur
3017 4070 3364 4128 mendacium
3389 4110 3406 4134 ,
3441 4070 3511 4124 de
3541 4069 3647 4124 suis
3678 4069 3756 4146 prol

2225 4170 2358 4240 priis
2388 4169 2626 4238 loquitur
2656 4165 2722 4216 ‘°.
2763 4183 2783 4217 ι
2828 4164 2934 4219 Sed
2969 4172 3026 4217 et
3052 4161 3212 4216 tertio
3236 4159 3361 4215 loco
3389 4157 3644 4229 spiritum
3663 4172 3712 4208 er

2226 4257 2304 4312 ris
2326 4255 2678 4320 destruimus,
2708 4252 2801 4323 qui
2836 4251 3073 4321 inspirat
3107 4249 3621 4320 pseudoprophetas
3653 4256 3699 4298 ut

2227 4357 2354 4396 cant
2382 4367 2395 4396 ε
2438 4365 2457 4396 ι
2492 4347 2618 4396 “me
2640 4346 2770 4396 dicit
2801 4344 3080 4396 Dominus.
3122 4357 3259 4396 auos
3286 4341 3560 4396 Dominus
3589 4157 3756 4396 noni

3735 1971 3748 2192 έ

3735 2260 3752 2479 2

2226 4257 2304 4312 ris
2326 4255 2678 4320 destruimus,
2708 4252 2801 4323 qui
2836 4251 3073 4321 inspirat
3107 4249 3621 4320 pseudoprophetas
3653 4256 3699 4298 ut

2227 4357 2354 4405 cant
2382 4367 2396 4403 :
2438 4365 2457 4400 ι
2492 4347 2618 4402 Haec
2640 4346 2770 4401 dicit
2801 4344 3080 4407 Dominus,
3122 4357 3259 4411 quos
3286 4341 3560 4398 Dominus
3589 4355 3682 4396 non

2227 4443 2300 4497 sit
2330 4441 2398 4496 “.
2435 4459 2453 4494 ι
2495 4437 2976 4494 Βεειτιιίιηιιεέιιιιξο
2998 4445 3050 4491 et
3083 4431 3508 4499 conculcamus,
3540 4433 3586 4489 si
3617 4431 3756 4499 constt

2230 4531 2362 4604 pulti
2409 4545 2597 4587 sumus
2646 4528 2899 4594 Christo,
2942 4528 3112 4582 etiam
3157 4527 3471 4583 secundum
3507 4524 3632 4580 illud
3667 4524 3756 4604 qud

2233 4730 2399 4786 super
2441 4721 2722 4784 serpentes
2772 4719 2828 4766 et
2880 4711 3228 4780 scorpiones,
3289 4718 3347 4762 et
3396 4722 3572 4778 super
3603 4681 3756 4786 omne)

2233 4811 2491 4864 virtutem
2520 4806 2724 4863 inimici
2756 4805 2824 4860 δ’.
2865 4822 2884 4856 ι
2924 4803 3052 4870 Qua:
3085 4800 3296 4868 singula
3335 4799 3411 4854 ita
3447 4809 3578 4854 sunt
3602 4799 3756 4870 contra

2233 4903 2315 4957 ria
2345 4900 2627 4965 Trinitati,
2665 4907 2722 4954 ut
2757 4913 2862 4954 nox
2889 4897 3018 4960 diei,
3042 4904 3095 4949 et
3126 4894 3366 4948 tenebne
3394 4893 3549 4960 luci,
3574 4901 3626 4946 et
3662 4885 3756 4965 meti

2587 5038 2630 5069 ³³
2672 5035 2688 5090 1
2728 5034 2852 5092 Cor.
2886 5050 2970 5097 ιιι,
3009 5033 3097 5087 22.
3176 5030 3402 5085 "Rom.
3446 5045 3528 5092 vr,
3575 5028 3625 5081 ι.
3671 5025 3727 5097 (³³

2310 5325 2422 5469 (74)
2453 5324 2618 5390 Editi,
2653 5342 2671 5374 ε
2706 5322 2758 5376 in
2783 5323 2887 5376 hoc
2918 5320 3058 5385 loco,
3091 5327 3146 5373 et
3174 5319 3228 5372 in
3247 5316 3494 5372 caneris.
3533 5334 3554 5367 ι

2335 5395 2424 5464 75)
2457 5394 2628 5460 Alias,
2669 5411 2689 5444 ι
2727 5394 2867 5448 sicut
2896 5392 2947 5446 in
2982 5388 3237 5460 praesenti
3279 5401 3546 5444 sermone

2335 5384 2424 5464 75)
2457 5384 2628 5460 Alias,
2669 5411 2689 5444 ι
2727 5394 2867 5448 sicut
2896 5392 2947 5446 in
2982 5388 3237 5460 praesenti
3279 5401 3546 5444 sermone
3571 5384 3756 5444 dirimet

2239 5471 2441 5539 quiec
2470 5474 2580 5539 stc-

2337 5537 2403 5588 76
2456 5534 2626 5596 Alias,
2665 5551 2684 5583 σ
2724 5530 2942 5586 sumcil.
2981 5549 2999 5583 ι

2337 5534 2426 5674 77;
2455 5606 2532 5657 An
2565 5599 2811 5656 nescitis?
2833 5602 2942 5667 AL,
2977 5619 2996 5653 ι

2311 5541 2425 5748 £78)
2461 5673 2589 5728 Mss.
2639 5673 2910 5748 p_ler_ique_1
2950 5690 2969 5723 ‹

2337 5599 2426 5667 77)
2455 5606 2532 5657 An
2565 5599 2811 5656 nescitis?
2833 5602 2942 5667 AL,
2977 5619 2996 5653 ι
3039 5609 3129 5654 aut
3164 5599 3412 5656 nescitis.
3458 5617 3479 5650 ι

2335 5670 2589 5758 78).Μεε.
2639 5673 2915 5758 ριεηὶψιθλ
2950 5690 2969 5758 ς
3009 5673 3161 5752 _sicttt
3213 5670 3474 5751 Christus
3516 5678 3755 5758 surgens)

2244 5740 2474 5801 mo'rtuis
2505 5758 2598 5812 per
2623 5740 2848 5811 gloriam
2875 5740 3077 5805 Patris,
3113 5742 3166 5795 in
3199 5741 3468 5796 novitate.
3504 5759 3522 5791 ι

2317 5814 2428 5884 (79)
2462 5814 2634 5884 Alias,
2677 5832 2696 5864 ι
2732 5813 2930 5880 sepulti
2966 5812 3250 5884 fuerimus.
3297 5829 3314 5862 ι

2320 5881 2432 5944 (80)
2467 5881 2582 5941 Est.
2616 5885 2775 5939 Deest
2806 5885 2857 5938 itt
2891 5893 3050 5937 antea
3077 5882 3259 5933 editis.
