3768 6540
18 446 118 503 1041
964 449 1321 507 COMMENT.
1358 449 1427 505 IN
1467 449 1506 504 Ε

1751 446 1817 502 tD
1851 446 2018 504 ROM.
2057 446 2187 502 LIB.
2222 446 2286 503 V.
2318 459 2325 465 '
3098 454 3239 512 1042

14 565 187 620 decium
213 562 457 621 veritati.
489 564 614 621 llzec
641 565 857 622 interim
882 553 1039 626 nobis
1068 570 1180 642 (8t)
1204 571 1259 626 in
1291 570 1544 642 praesenti
1576 572 1623 630 Α
1652 581 1792 634 mus,
1835 576 1892 620 et
1937 564 2212 620 induimus
2262 582 2281 616 ι
2312 578 2534 634 novum,
2591 564 2682 635 qui
2736 568 3032 622 secundum
3065 567 3233 624 Deum

14 654 107 710 loco
144 668 430 710 occurrere
477 663 789 725 potuerunt.
842 654 898 711 Si
943 657 1067 727 quis
1118 668 1299 714 autem
1345 658 1551 729 aliquid
1655 664 1871 711 creatus
1892 664 1975 710 est
1993 653 2063 722 δ’,
2094 671 2113 707 ι
2138 656 2350 726 etrqui
2380 656 3029 727 renovaturinaguitione
3060 678 3079 712 ι
3118 657 3231 728 Dei,

15 743 168 799 melius
187 743 441 809 senserit,
471 760 579 801 non
610 747 791 817 pigeat
817 745 905 802 his
921 747 1143 805 omissis
1168 749 1257 804 illa
1284 748 1550 819 recipere.
1661 766 1680 799 ο
1720 748 2015 803 secundum
2041 746 2332 818 imaginem
2362 745 2484 817 ejus
2513 745 2607 817 qui
2639 751 2847 803 creavit
2874 762 2998 802 eum
3031 751 3168 820 (87).
3212 770 3230 803 ι
3313 736 3319 740 ’

14 833 362 891 Verumtamen
394 836 499 891 hoc
513 845 596 893 est
625 837 772 907 quod
796 836 1072 910 colligitur
1098 855 1164 895 ex
1194 839 1280 896 his
1302 840 1548 910 Apostoli
1655 835 1840 910 Neque
1867 838 2013 894 enim
2052 845 2207 908 putes
2232 836 2375 908 quod
2409 834 2690 893 innovatio
2711 839 2859 905 vitae,
2885 854 3006 910 qum
3039 840 3238 895 dicitur

13 927 135 980 dictis
162 941 259 995 per
284 928 539 984 altiorem
563 928 1006 1001 intelligentiam,
1034 932 1173 1002 quod
1213 933 1357 990 sicut
1386 950 1501 991 nem

1745 930 1821 986 uel
1858 927 2024 996 facta,
2066 927 2332 996 sufﬁciat;
2360 929 2456 985 sed
2484 944 2721 1000 semper,
2748 939 2805 986 et
2826 931 3070 1002 quotidie
3099 928 3233 1004 (88),

12 1020 132 1072 rivus
149 1027 330 1088 potest
352 1019 575 1089 sepeliri
601 1036 724 1077 cum
752 1033 995 1091 mortuo,
1021 1024 1096 1080 ita
1132 1040 1292 1082 neruo
1324 1028 1418 1097 qui
1456 1028 1552 1083 ad-
1653 1023 1698 1077 si
1725 1022 1831 1078 diei
1860 1029 2066 1093 potest,
2102 1021 2222 1089 ipsa
2254 1020 2473 1077 novitas
2505 1020 2808 1078 innovanda
2838 1032 2942 1078 est.
2972 1021 3066 1079 Sic
3090 1025 3234 1080 enim

14 1111 93 1164 huc
131 1111 261 1165 vivit
297 1121 548 1180 peccato,
593 1123 773 1182 potest
824 1115 880 1170 in
924 1116 1195 1187 baptismo
1224 1119 1547 1190 consepeliri
1652 1114 1784 1169 dicit
1814 1113 2111 1185 Apostolus
2143 1132 2157 1170 :
2196 1132 2213 1166 ι
2248 1112 2384 1168 Nam
2418 1121 2474 1169 et
2500 1114 2546 1170 si
2588 1112 2633 1169 is
2670 1114 2762 1185 qui
2793 1114 2932 1173 foris
2957 1124 3042 1173 est
3072 1117 3236 1172 homo

11 1202 192 1257 Christo
213 1204 307 1273 qui
341 1214 701 1352 ωοῇυθῗῇει
730 1215 991 1276 peccato:
1016 1218 1070 1263 et
1103 1209 1225 1266 ideo
1259 1210 1351 1281 qui
1388 1210 1551 1267 festi.
1653 1213 1838 1262 noster
1865 1205 2272 1275 corrumpitur,
2309 1203 2405 1260 sed
2445 1203 2538 1275 qui
2573 1203 2719 1261 intus
2740 1214 2825 1260 est
2846 1214 3142 1262 renovatur
3170 1207 3243 1261 de

11 1305 111 1348 nant
153 1296 219 1349 ad
266 1288 455 1352 hamis.
516 1292 623 1352 ‘nf.
661 1301 766 1352 hoc
811 1301 961 1352 prius
1010 1317 1208 1352 curare
1253 1304 1449 1352 debent
1493 1316 1545 1352 ιιι
1652 1295 1738 1351 die
1771 1296 1823 1351 in
1857 1297 2000 1352 diem
2028 1297 2097 1351 ".
2140 1313 2159 1348 ι
2193 1295 2347 1351 Sicut
2389 1297 2537 1352 enim
2571 1305 2728 1352 vetus
2761 1310 2981 1352 semper
3018 1305 3243 1352 vetera-

10 1305 111 1348 nant
153 1296 219 1349 ad
266 1288 766 1367 haptis‘ifdirfflroc
811 1301 961 1371 prius
1010 1317 1208 1359 curare
1253 1304 1449 1360 debent
1493 1316 1547 1361 ιιι
1652 1295 1738 1351 die
1771 1296 1823 1351 in
1857 1297 2000 1352 diem
2028 1297 2097 1351 ⁸⁵.
2140 1313 2159 1348 ι
2193 1295 2347 1351 Sicut
2389 1297 2537 1353 enim
2571 1305 2728 1352 vetus
2761 1310 2981 1368 semper
3018 1305 3247 1353 vetera-

8 1386 274 1441 moriantur
305 1399 434 1445 ante
475 1401 720 1462 peccato,
747 1399 803 1446 et
847 1390 929 1448 sic
971 1393 1182 1462 possint
1222 1394 1549 1465 consepeliri
1651 1388 1776 1460 scit,
1800 1397 1855 1444 et
1875 1388 1942 1443 de
1969 1388 2058 1444 die
2083 1388 2136 1443 in
2183 1387 2326 1444 diem
2352 1388 2620 1444 vetustior
2640 1387 2894 1456 edicitur,
2927 1389 3002 1445 ita
3032 1382 3144 1462 (89)
3179 1399 3245 1444 et!

6 1474 185 1530 Christo
207 1478 845 1571 perbaptismumgu't-‘et
872 1479 975 1550 ipsi
1009 1480 1230 1536 dicant:
1267 1498 1286 1532 ι
1322 1480 1551 1551 Semper
1653 1493 1824 1535 novus
1886 1479 1976 1535 hic
2032 1493 2250 1549 semper
2296 1480 2629 1548 innovatur,
2689 1489 2744 1536 et
2807 1494 3082 1551 nunquam
3148 1489 3244 1536 est

6 1574 196 1620 mortem
225 1564 355 1623 Jesu
386 1569 593 1627 Christi
618 1558 813 1643 (82)ῒῆ
842 1586 1077 1642 corpore
1101 1579 1292 1627 nostro
1322 1573 1551 1629 circum-
1651 1571 1869 1640 (quando
1904 1587 2012 1627 non
2050 1571 2329 1627 innovatio
2354 1570 2469 1640 ejus
2511 1582 2788 1641 augescat.
2819 1572 3040 1629 Intuere
3085 1573 3246 1631 deni--

4 1655 227 1727 ferentes,
275 1672 338 1716 ut
380 1675 439 1719 et
486 1663 595 1719 vita
635 1662 765 1719 Jesu
815 1664 1018 1719 Christi
1069 1663 1454 1721 manifestatur
1494 1667 1548 1721 in
1655 1677 1761 1734 que
1794 1662 1956 1735 563
1989 1677 2084 1719 eos
2115 1662 2209 1734 qui
2241 1664 2294 1718 in
2328 1662 2437 1719 fide
2466 1663 2777 1735 proficiunt,
2806 1673 2859 1719 et
2897 1665 3139 1737 quotidie
3178 1664 3243 1720 in'

2 1763 135 1804 carne
162 1765 349 1807 nostra
377 1754 598 1810 mortali
637 1754 706 1811 ".
738 1774 758 1808 ι
795 1755 1077 1824 Quomodo
1106 1764 1285 1812 autem
1322 1756 1550 1811 manife-
1652 1755 1948 1811 virtutibus
1978 1757 2309 1824 eniteseunt,
2338 1755 2611 1826 quomodo
2639 1771 2863 1827 semper
2900 1759 3062 1814 bonis
3098 1772 3225 1827 opes

0 1850 139 1895 ste1ur
190 1844 301 1899 vita
353 1843 480 1902 Jesu
522 1847 723 1903 Christi
767 1849 820 1903 in
877 1863 1134 1918 corpore,
1185 1849 1302 1920 ipse
1348 1848 1550 1904 Paulus
1655 1845 1803 1901 ribus
1840 1844 2100 1915 adjiciunt
2131 1846 2380 1915 meliora,
2421 1857 2476 1905 et
2515 1849 2761 1906 honestis
2799 1850 3013 1906 actibus
3058 1849 3246 1904 hone-'

0 1936 198 1990 ostendit
238 1951 369 1992 cum
416 1939 553 1995 dicit
591 1960 604 1995 :
649 1958 667 1992 ι
710 1940 845 1996 Vivo
880 1951 1095 2005 autem,
1145 1941 1257 2011 jam
1284 1958 1392 1999 non
1422 1958 1546 2013 ego,
1583 1923 1623 1982 Β
1655 1938 1823 1994 stiora
1854 1938 2206 2009 conquirunt,
2235 1941 2510 2009 quomodo
2538 1941 2591 1996 in
2630 1940 2935 2007 intellectu,
2969 1942 3023 1996 in
3052 1941 3233 1996 scien-

0 2023 103 2079 vivit
131 2043 257 2084 vero
293 2030 347 2084 in
380 2046 470 2087 me
498 2032 755 2088 Christus
794 2032 861 2088 ιι.
906 2052 925 2085 ι
961 2032 1073 2089 Hoc
1099 2035 1239 2089 idem
1277 2042 1363 2091 est
1406 2034 1548 2105 quod
1655 2025 1724 2079 lia
1750 2027 2130 2096 sapientiaque
2163 2028 2464 2097 ditescunt.
2516 2040 2573 2086 et
2627 2046 2687 2088 ea
2731 2046 2853 2101 quae
2892 2039 3016 2086 ante
3051 2031 3231 2086 minus

0 2117 236 2183 apostolus
278 2117 528 2177 Joannes
561 2120 615 2176 in
644 2120 883 2191 Epistola
918 2137 1015 2178 sua
1040 2124 1256 2191 scribit,
1300 2141 1424 2179 cum
1457 2126 1546 2180 di-
1651 2118 1810 2188 plana
1851 2122 1920 2173 ad
1945 2119 2358 2192 intelligendum
2398 2123 2743 2189 videbantur,
2774 2134 2960 2193 aperta
2994 2131 3237 2194 postmo~

1 2207 88 2260 cit:
116 2208 348 2266 «Omnis
381 2210 610 2281 spiritus
639 2214 732 2283 qui
759 2212 1547 2272 conﬁteturlesumChristum
1651 2209 1775 2262 dum
1807 2209 2160 2280 dilucidaque
2207 2212 2548 2283 perspiciunt
2596 2211 2728 2287 (90).
2781 2214 2848 2270 Et
2887 2215 3011 2271 vide
3039 2215 3083 2270 si
3122 2231 3239 2270 non.

0 2300 39 2354 in
58 2316 207 2357 carne
238 2303 489 2372 venisse,
515 2319 583 2359 ex
610 2305 718 2360 Deo
748 2316 830 2361 est
853 2306 923 2363 ".
961 2325 982 2359 ›
1014 2306 1070 2361 In
1101 2322 1207 2376 quo
1235 2307 1421 2376 utique
1440 2324 1546 2363 non
1652 2301 1817 2356 rebus
1842 2300 1986 2371 ipsis
2021 2301 2331 2372 hujusmodi
2362 2303 2638 2359 hominem
2657 2306 2899 2374 quotidie
2923 2306 3127 2361 dixeris
3151 2305 3237 2359 in-

0 2391 35 2446 it
70 2394 147 2462 qui
196 2395 446 2465 syllabas
497 2395 633 2453 istas
676 2396 1118 2465 pronuntiaverit
1171 2406 1227 2453 et
1272 2399 1549 2454 communi
1653 2394 1866 2463 novari,
1904 2394 2051 2449 sicut
2088 2397 2427 2462 econtrario,
2458 2405 2516 2452 ut
2550 2398 2808 2465 diximus,
2839 2399 2886 2455 si
2916 2399 3042 2470 quis
3078 2408 3243 2453 vetus

0 2486 303 2544 confessione
323 2488 620 2559 protulerit
644 2488 781 2561 (83),
804 2488 896 2544 Dei
925 2489 1118 2559 spiritu
1143 2490 1225 2561 agi
1257 2491 1546 2555 videbitur,
1653 2485 1793 2540 ellici
1823 2487 2072 2557 coeperit,
2103 2487 2354 2558 proficiet
2382 2488 2436 2543 in
2470 2490 2646 2558 pejus,
2695 2500 2750 2546 et
2801 2491 3234 2560 quotidie-vetu-

0 2581 65 2633 εει]
88 2579 169 2648 qui
204 2580 375 2633 vitam
424 2595 583 2635 suam
636 2581 707 2635 ita
740 2580 1097 2648 formaverit,
1136 2592 1192 2637 et
1233 2583 1307 2637 ita
1336 2581 1547 2639 fructus
1653 2580 1789 2634 stior
1843 2589 1900 2634 et
1924 2580 2221 2649 semetipso
2249 2582 2490 2638 deterior
2528 2582 2859 2638 invenietur.
2906 2583 2960 2638 ln
2994 2585 3233 2639 novitate

0 2671 140 2738 aperis
167 2670 452 2737 attulerit,
498 2679 558 2725 ut
593 2670 870 2728 Christum
903 2672 957 2726 in
995 2687 1164 2729 carne
1205 2674 1421 2730 venisse
1443 2715 1460 2741 ,
1496 2685 1551 2730 et
1654 2684 1784 2740 ergo
1811 2670 1937 2725 vitae
1978 2670 2348 2739 ambulemus,
2378 2673 2732 2728 ostendentes
2764 2676 3124 2745 nosmetipsos
3154 2678 3235 2742 ei,

0 2770 230 2815 mortuum
262 2775 390 2817 esse
418 2770 672 2832 peccato,
702 2778 767 2818 ac
794 2764 981 2819 vivere
1011 2763 1144 2830 Deo,
1181 2765 1294 2835 ipsa
1326 2780 1547 2835 operum
1651 2762 1741 2831 Qui
1777 2776 1875 2815 nos
1897 2776 2020 2818 cum
2052 2762 2274 2818 Christo
2303 2764 2614 2830 suscitavit,
2647 2766 2889 2834 quotidie
2924 2782 3118 2833 novos,
3148 2780 3233 2833 et,

0 2865 178 2906 suorum
209 2863 266 2908 et
306 2868 577 2909 sensuum
618 2854 882 2925 religione
910 2858 1319 2913 monstraverit.
1352 2856 1548 2913 Videa-
1654 2864 1711 2908 ut
1746 2854 1821 2908 ita
1852 2854 2101 2922 dixerim,
2132 2855 2497 2925 pulchriores,
2533 2857 2784 2913 decorem
2820 2857 3003 2914 vultus
3052 2860 3231 2914 nostri

0 2956 86 2997 tuus
111 2959 287 3009 nunc,
316 2953 683 3016 posteaquam
716 2946 846 3016 quid
873 2946 945 3002 sit
978 2949 1303 3019 consepeliri
1329 2948 1550 3006 Christo
1654 2948 1705 3002 in
1742 2946 1963 3004 Christo
2011 2957 2275 3021 tanquam
2327 2953 2379 3005 in
2418 2951 2639 3022 speculo
2690 2952 3026 3023 colligentes,
3071 2962 3127 3008 et
3172 2954 3225 3007 in

0 3048 67 3101 pro
98 3035 303 3091 viribus
336 3035 688 3106 aperuimus,
727 3038 889 3093 etiam
936 3039 1040 3094 hoc
1076 3041 1222 3111 quod
1252 3041 1330 3095 ait
1366 3065 1381 3099 ;
1416 3062 1436 3095 ι
1479 3044 1548 3100 Ut
1652 3041 1772 3110 ipso
1806 3041 2036 3111 gloriam
2070 3041 2286 3099 Domini
2314 3044 2658 3113 speculantes
2686 3044 2738 3097 in
2769 3045 3012 3099 eamdem
3043 3045 3244 3115 irnagi-.

0 3126 97 3182 sicut
120 3132 358 3186 surrexit
379 3132 639 3188 Christus
662 3144 693 3184 a
718 3132 949 3187 mortuis
972 3133 1327 3205 per‘gloriam
1346 3133 1546 3204 Patris,
1653 3148 1774 3187 Item
1802 3133 1916 3203 (9|)
1953 3134 2408 3191 trattsformemm‘
2435 3135 2504 3201 ⁸⁸,
2551 3139 2673 3207 quia
2706 3135 2957 3194 Christus
2996 3153 3225 3210 surgens

4 3228 40 3272 ta
62 3232 109 3281 et
139 3237 241 3278 nos
266 3224 323 3278 in
355 3224 610 3281 novitate
638 3225 763 3280 vita:
782 3225 1126 3283 ambulemus
1158 3227 1226 3283 ⁴⁶.
1263 3247 1282 3281 ι
1316 3229 1373 3285 Si
1414 3245 1549 3285 con-
1578 3279 1616 3300 η
1652 3240 1681 3278 a
1717 3226 1951 3282 mortuis
1981 3227 2051 3281 ab
2081 3226 2390 3282 humilitate
2449 3238 2688 3294 terrena,
2738 3230 2803 3283 ad
2856 3230 3083 3300 gloriam
3132 3247 3228 3300 pa-

0 3279 144 3379 iepulti
172 3314 290 3385 (85)
317 3279 516 3373 sumus
548 3315 786 3382 Christo,
817 3279 1121 3373 secundum
1144 3279 1545 3390 ea-qum-supra
1575 3279 1619 3337 ϐ
1654 3325 1820 3371 ιρι-[ιω
1852 3279 2647 3387 ιιιίῷὲῖεγιίήεθεξέιιάἰιίέθιιῄ
2667 3279 3227 3389 ξιιιιιῆουέιζόῖιῖιίξιι,

0 3402 212 3471 liximus,
279 3408 337 3464 id
402 3416 517 3475 est,
573 3410 872 3465 secundum
928 3411 1074 3481 quod
1115 3415 1311 3469 mortui
1357 3430 1546 3472 sumus
1655 3422 1673 3456 ι
1707 3405 1763 3459 In
1793 3407 2035 3464 novitate
2085 3408 2210 3463 vitae
2243 3408 2584 3465 ambulemus
2625 3410 2698 3474 ",
2751 3428 2768 3462 ι
2823 3408 2948 3465 vide
2982 3425 3050 3466 ne
3084 3409 3230 3466 forte

0 3505 195 3563 >eccato,
229 3507 648 3568 consequenter
687 3499 874 3568 utique
908 3509 1230 3571 resurgente
1263 3501 1480 3560 Christo
1513 3519 1544 3559 a
1650 3496 1971 3568 mysterium
2014 3497 2146 3553 illud
2168 3498 2449 3567 ostendat,
2477 3500 2619 3570 quod
2644 3499 2813 3555 donec
2837 3499 2950 3572 (92)
2978 3500 3231 3570 proficiat

0 3588 203 3654 normis,
221 3585 288 3644 et
320 3603 428 3643 nos
457 3604 585 3643 cum
616 3589 730 3659 ipso
762 3589 927 3645 simul
958 3605 1330 3663 resurgemus,
1359 3604 1415 3649 et
1453 3594 1546 3651 illo
1649 3589 1794 3658 quis,
1828 3588 2111 3646 ambulare
2141 3590 2377 3647 dicatur.
2421 3590 2532 3647 Nec
2567 3599 2750 3646 tamen
2795 3593 3096 3660 putandum
3143 3602 3227 3649 est

0 3678 277 3734 attendente
302 3679 374 3733 ad
401 3677 611 3741 caelos,
653 3692 774 3732 eum
804 3678 921 3747 ipso
963 3678 1125 3732 simul
1167 3680 1542 3746 ascendemus,
1657 3678 1804 3749 quod
1833 3678 1951 3734 sine
1979 3678 2089 3736 fine
2119 3682 2400 3738 ambulare
2454 3683 2669 3738 dicatur
2718 3683 2855 3754 (93),
2899 3683 2995 3737 sed
3043 3684 3235 3737 venire

0 3768 255 3825 tsedente
295 3769 420 3839 ipso
462 3768 534 3822 ad
565 3767 850 3823 dexteram
882 3766 1081 3834 Patris,
1107 3783 1229 3824 cum
1251 3770 1368 3841 ipso
1384 3772 1546 3828 simul
1649 3771 1941 3840 aliquando
1969 3772 2036 3827 ad
2068 3786 2189 3827 eum
2221 3772 2401 3828 locum
2427 3786 2521 3829 eos
2552 3773 2645 3844 qui
2676 3776 2731 3828 in
2768 3774 2852 3828 his
2888 3772 3229 3843 profectibus

0 3860 349 3916 ncmiestibus
372 3861 577 3916 sedere
611 3858 874 3933 dicemur,
907 3859 1207 3915 secundum
1234 3863 1378 3931 quod
1404 3864 1543 3920 idem
1650 3862 1950 3925 ambulant,
2010 3863 2098 3917 ubi
2148 3865 2403 3920 standum
2462 3865 2557 3920 sit.
2612 3863 2705 3920 Sic
2754 3863 2990 3936 denique
3052 3864 3227 3935 primo

0 3951 237 4017 tpostolus
295 3950 354 4006 in
405 3950 532 4005 aliis
584 3948 756 4017 dicit,
818 3949 944 4019 quia
996 3968 1016 4001 ι
1061 3952 1386 4007 coexcitavit
1446 3968 1545 4011 nos
1648 3946 1876 4026 martyri
1909 3955 2191 4025 Stephano
2222 3956 2315 4028 qui
2337 3956 2449 4027 jam
2499 3956 2566 4011 ad
2609 3957 2963 4026 perfectionis
3003 3969 3233 4014 venerat

0 4040 188 4107 :hristo,
229 4044 521 4112 simulque
566 4041 697 4097 fecit
743 4043 935 4097 sedere
977 4042 1030 4097 in
1064 4044 1472 4105 coelestibus".
1517 4066 1537 4101 ι
1588 4058 1591 4061 ·
1646 4046 1896 4116 gradum,
1950 4057 2102 4102 stans
2153 4062 2183 4102 a
2230 4048 2441 4103 dextris
2485 4048 2709 4104 virtutis
2751 4048 3029 4118 apparuit
3069 4046 3227 4102 Jesus

0 4132 192 4192 lui-rexit
218 4136 491 4192 Christus
513 4148 614 4203 per
641 4133 865 4204 gloriam
883 4132 1063 4190 Patris
1083 4152 1098 4203 ;
1117 4146 1171 4191 et
1200 4125 1299 4194 nos
1321 4140 1364 4194 si
1400 4155 1544 4195 ntor—
1647 4138 1898 4196 Christus
1924 4140 1970 4172 ⁸³
1998 4158 2013 4208 ;
2038 4149 2103 4195 et
2129 4142 2195 4195 ad
2224 4140 2468 4211 Moysen,
2492 4141 2584 4210 qui
2624 4153 2678 4196 et
2709 4142 2827 4211 ipse
2868 4149 2991 4210 post
3025 4141 3238 4195 multos

0 4227 37 4279 ui
73 4243 257 4284 sumus
298 4234 582 4296 peccato,
630 4232 684 4279 et
712 4224 931 4280 Christo
975 4227 1299 4295 consepulti,
1333 4237 1387 4284 et
1421 4244 1543 4284 om-
1647 4229 1923 4298 profectus
1953 4231 2021 4284 ad
2057 4229 2451 4299 perfectionem
2485 4241 2831 4301 pervenerat,
2861 4231 2996 4286 dicit
3032 4230 3221 4285 Domi-

0 4326 51 4364 tes
85 4313 189 4384 (85)
214 4313 317 4381 qui
349 4311 548 4385 vident
586 4323 749 4379 opera
794 4320 982 4365 nostra
1024 4311 1187 4376 bona,
1237 4312 1545 4382 glorificent
1646 4336 1783 4376 nus:
1813 4339 1832 4374 ε
1864 4323 1946 4377 Tu
1987 4332 2170 4378 autem
2194 4323 2285 4378 hic
2318 4334 2401 4379 sta
2431 4325 2729 4380 mecum“.
2757 4344 2777 4375 ι
2805 4323 2912 4379 Sed
2941 4333 2998 4378 et
3026 4322 3228 4378 Paulus

0 4402 155 4458 'atrem
185 4397 453 4459 nostrum
485 4400 580 4470 qui
612 4399 665 4454 in
697 4399 851 4456 caelis
882 4409 969 4455 est
1002 4400 1069 4469 “,
1099 4404 1296 4458 merito
1325 4403 1543 4461 Christo
1648 4413 1739 4468 ubi
1800 4414 1854 4468 in
1907 4415 2201 4485 semetipso
2279 4417 2802 4472 consummationem
2871 4415 3225 4486 perfectionis

0 4494 362 4549 onsurrexisse
389 4506 494 4561 per
517 4490 742 4560 gloriam
767 4489 945 4546 Patris
973 4490 1217 4547 dicemur
1247 4493 1383 4566 (86),
1401 4504 1458 4550 ut
1486 4541 1488 4549 ι

1735 4507 1885 4574 novit,
1913 4506 2049 4563 dicit
2079 4526 2092 4562 :
2123 4525 2142 4560 ι
2167 4507 2400 4565 Cursum
2437 4508 2808 4564 consummavi
2834 4509 2904 4564 ⁸⁵.
2947 4525 2966 4560 ι
2999 4507 3096 4562 llis
3130 4522 3223 4561 au-

0 4585 179 4690 edtate
206 4586 345 4641 vitae
387 4581 761 4640 ambulemus.
791 4580 1017 4639 Novitas
1055 4594 1237 4641 autem
1267 4590 1391 4645 vitae
1421 4601 1539 4659 est,
1573 4630 1620 4690 υ
1647 4605 1755 4655 tem
1785 4597 1879 4668 qui
1908 4612 1968 4654 se
1993 4584 2246 4668 putarent
2275 4601 2553 4672 perfectos
2588 4613 2729 4669 esse,
2767 4615 2871 4658 nec
2904 4610 3084 4656 tamen
3131 4613 3221 4653 es-

0 4673 41 4730 bi
65 4696 82 4729 ι
111 4687 367 4741 veterem
394 4677 679 4733 hominem
707 4691 830 4733 cum
852 4678 1064 4736 actibus
1091 4681 1205 4737 suis
1234 4700 1256 4736 ι
1289 4685 1488 4755 deposu

1742 4702 1792 4763 rt,
1825 4693 1994 4750 dicit:
2026 4713 2044 4747 ι
2070 4693 2170 4762 Qui
2187 4709 2247 4751 se
2271 4701 2425 4765 putat
2454 4702 2627 4762 stare,
2645 4695 2823 4751 videat
2844 4708 2913 4749 ne
2930 4692 3170 4748 cadat".
3197 4708 3230 4741 ις

24 4847 120 4931 fil
136 4848 268 4904 Cor.
298 4846 526 4931 ινεὶἱρλ
675 4847 1033 4931 Calat.n,}9.
1059 4850 1400 4931 inloan.
1442 4872 1512 4924 tv,

1740 4863 1932 4918 'Rom.
1956 4877 2032 4928 vi,
2069 4863 2122 4917 4.
2230 4864 2274 4895 ⁴¹¹
2295 4863 2491 4931 Ephes.
2524 4878 2587 4927 tt,
2628 4862 2681 4916 6.
2756 4860 2804 4931 δέ
2838 4857 3030 4931 Matth.
3052 4872 3105 4922 ν,
3129 4854 3228 4931 16..

0 4916 210 5000 ’ἓθίοεεο
249 4935 350 5000 '11.:
374 4917 567 5000 9υ19.ξ
595 4919 796 5000 Ερυεεο
828 4935 900 5000 ’ᾗ
931 4918 1103 5000 24.2“?
1139 4919 1180 5000 μ
1208 4923 1331 4980 (ἔστι
1362 4940 1438 5000 {Vp
1474 4929 1488 4983 1

1733 4916 1929 4990 “Cor.
1952 4916 2033 5000 nt,
2060 4916 2148 4992 18.
2249 4916 2661 5000 δηίοιιιξίιβί.
2760 4930 2948 4984 "Act.
2990 4916 3220 4992 “1,55.

0 4989 154 5077 'Deut.
181 5006 238 5059 v,
264 4991 367 5046 51.
456 4988 504 5020 ³⁸
527 4988 571 5043 ll
595 4987 735 5044 Tim.
764 5004 842 5056 tv,
865 4989 918 5045 7.
995 4990 1044 5022 '°
1078 4991 1100 5047 ι
1134 4994 1257 5048 Cor.
1288 5010 1341 5061 x,
1368 4987 1455 5051 12.

18 5150 114 5225 (8i)
153 5149 335 5225 Editi,
377 5166 400 5201 ι
434 5146 713 5225 contraria
738 5147 990 5225 _veritati_
1016 5149 1447 5225 et_Tr_i_nitati....
1477 5162 1539 5208 ut
1647 5170 1765 5209 nem
1793 5154 1909 5219 Dei,
1945 5156 2243 5211 secundum
2268 5154 2560 5225 imaginem
2590 5152 2708 5222 ejus
2742 5154 2858 5224 qui,
2896 5170 2918 5204 ι
2949 5162 3065 5211 etc.

0 5218 166 5297 nebrae
193 5222 355 5297 luci,
412 5228 476 5277 ut
503 5218 849 5273 mendacium
881 5220 1120 5277 veritati.
1161 5219 1289 5278 Hinc
1314 5224 1536 5297 interim
1715 5225 1826 5297 (88)
1853 5218 2021 5297 E’diti,
2048 5243 2068 5277 ι
2098 5228 2192 5280 sed
2224 5218 2438 5297 semper
2462 5218 2720 5294 quotidie.
2753 5218 2787 5276 ἱ

0 5291 329 5367 αὲ,ιροέιίξυ-»
372 5299 492 5344 εισι
553 5366 557 5367 ν
677 5358 709 5367 _
814 5359 828 5367 _
873 5360 885 5367 ,
1072 5359 1132 5367 ,,
1256 5361 1308 5367 __
1356 5292 1377 5367 ξ
1438 5361 1451 5367 _
1714 5291 2019 5367 ('89)Editi,
2056 5313 2076 5346 ι
2109 5291 2377 5367 vetustior
2413 5291 2493 5358 ﬁt;
2524 5296 2668 5367 ηδε)
2702 5303 2809 5348 etc.

17 5361 114 5437 (βξ)
138 5361 320 5437 ξηξάἰιί,
351 5378 373 5411 ί
416 5366 653 5437 mortem
676 5358 887 5437 Domini
911 5359 1229 5437 nostrinJesu
1248 5361 1475 5416 Christi.
1508 5382 1528 5414 ι
1714 5358 1827 5437 (90)
1857 5358 2031 5430 Alias,
2083 5381 2109 5415 ι
2131 5365 2551 5435 conquirant....
2585 5363 2950 5421 ditescant....
2999 5368 3217 5437 perspi-

14 5429 110 5502 (83)
140 5430 247 5487 Ms.
270 5444 452 5497 unus,
490 5446 512 5480 ι
545 5435 601 5484 et
623 5430 804 5484 omnia
836 5431 950 5486 haec
973 5432 1319 5488 confessione
1344 5442 1535 5502 protu—
1639 5429 1818 5493 cia‘nt.’
1842 5454 1862 5487 ι

0 5501 121 5582 rint
150 5572 249 5582 Μ.
283 5571 300 5582 _
438 5567 498 5582 Μ
579 5575 592 5582 _
1347 5501 1359 5502 “
1476 5534 1487 5553 ς
1642 5546 1675 5582 _.
1713 5505 1828 5577 (9t)
1856 5505 2022 5582 Editi,
2058 5522 2079 5582 ε
2109 5503 2445 5582 gloriamque
2483 5504 2538 5558 in
2588 5503 2706 5575 ipso
2754 5505 2987 5565 Domino
3015 5522 3214 5582 specu-

14 5571 111 5644 (δέ)
149 5571 330 5644 Editi.
371 5587 395 5622 ‘
438 5567 600 5644 Sic!"-
623 5567 945 5644 consepum:
990 5590 1011 5644 ξ
1073 5641 1087 5644 _
1206 5640 1238 5644 ,Α
1272 5642 1282 5644 ᾼ
1449 5641 1463 5644 _
1642 5567 1821 5632 lentes
1844 5567 2033 5631 eadem
2066 5567 2318 5644 imagine.
2350 5567 2376 5626 ἱ
2406 5613 2420 5625 .

14 5576 91 5637 (84
149 5576 330 5639 Editi,
371 5587 395 5622 ι
438 5576 600 5623 Sicut
623 5576 945 5638 consepulti.
990 5590 1011 5624 ι
1642 5576 1818 5632 [ames
1844 5577 2033 5631 eadem
2066 5576 2318 5644 imagine.
2350 5592 2372 5626 ι
2406 5613 2420 5625 ,
3046 5576 3064 5582 -

1 5576 336 5768 ἑξξῂᾼξὶεε,
378 5657 402 5693 ι
444 5638 580 5710 quia
608 5653 819 5695 omnes.
862 5657 884 5691 ι
916 5641 1123 5699 Deinde
1155 5640 1309 5710 editi,
1351 5659 1371 5695 ι
1414 5641 1530 5714 glu-
1641 5645 2077 5774 “93133:;
2102 5645 2286 5770 videte
2314 5657 2383 5700 ne
2425 5643 2569 5701 forte
2594 5646 2824 5717 mystice
2857 5646 2989 5704 illud
3025 5655 3215 5706 osten-

27 5724 155 5783 tent.
193 5731 215 5766 ι
264 5781 273 5783 _
430 5778 467 5783 __
516 5778 526 5783 _
1641 5724 1757 5783 dat,
1789 5729 1850 5773 ut
1877 5724 2067 5774 donec.
2102 5736 2122 5770 ι

11 5780 307 5865 (ἓξὲξάὲἶν
352 5797 378 5829 ⁸
410 5778 732 5865 ⁶.Ῐ⁶ί“¹¹¹¹’.ο,.’
800 5864 807 5865 ί
858 5851 898 5865 ,,
940 5851 952 5864 ,
1175 5850 1188 5865 ,
1336 5852 1348 5865 ,
1483 5853 1496 5865 ,
1710 5778 1840 5865 (95),l
1865 5787 2019 5861 Mss,
2055 5807 2075 5844 ι
2118 5789 2464 5857 ambuletur;
2507 5805 2525 5840 ι
2583 5786 2729 5858 al.,r
2795 5787 3098 5848 ambulent.
3156 5804 3179 5842 ι

13 5853 107 5915 (δῖ)
132 5853 316 5916 Editi.
369 5869 391 5905 ι
441 5852 503 5907 in
541 5851 816 5912 agnitione
857 5851 952 5910 Dei
989 5850 1287 5911 secundum
1333 5852 1529 5914 imaei-
