3766 6576
1969 407 2296 471 ORlGENlS

3631 384 3722 440 lO-ll

520 545 864 618 Imperfectis
895 553 1026 599 vero
1056 548 1110 596 et
1137 539 1319 597 adhuc
1343 537 1499 595 initia
1533 533 1860 593 habentibus
1902 530 2104 587 dicitur
2133 531 2179 590 A
2207 525 2253 580 si
2284 521 2444 618 unius
2472 517 2578 574 diei
2607 512 2774 570 fuerit
2799 506 3070 618 vitaejus
3089 501 3720 618 “_.htﬂld‘t2.i.fcffl:§iiP-‘j

525 653 585 698 ut
613 638 893 696 ambulent
919 643 1042 708 post
1068 633 1355 691 Dominum
1384 631 1553 686 Deum
1582 643 1765 694 suum;
1793 633 1848 680 et
1877 624 1945 679 de
1980 621 2103 676 aliis

454 739 459 744 '
522 733 724 788 dicitur
750 747 766 785 :
797 747 816 782 ι
845 728 1129 783 Dimittere
1161 740 1256 782 eos
1284 725 1498 796 jejunus
1525 720 1672 788 nolo,
1705 733 1774 774 ne
1803 717 1944 772 forte
1969 712 2104 769 deii-

521 824 668 877 ciant
697 822 750 876 in
780 821 868 875 via
883 819 951 872 ⁸⁷.
987 837 1006 871 ι

591 912 646 970 9.
688 932 706 965 ι
741 913 799 967 Si
827 897 975 969 enim
1009 907 1364 980 complantati
1395 898 1523 962 {acti
1549 901 1734 965 sumus
1757 899 2102 959 similitudini

523 1003 720 1060 mortis
749 1002 888 1073 ejus,
921 1002 1087 1059 etiam
1127 999 1552 1055 resurrectionis
1575 998 1784 1053 erimus
1815 992 1948 1066 (94),
1993 992 2105 1047 hoc

523 1096 944 1165 scientes,.quia
973 1104 1128 1149 vetus
1162 1094 1327 1148 homo
1375 1099 1564 1146 noster
1611 1087 1773 1144 simul
1807 1084 2104 1142 cruciﬁxus

524 1199 607 1244 est
640 1189 715 1253 ei,
752 1197 810 1244 ut
843 1188 1162 1244 destruatur
1207 1199 1408 1256 corpus
1454 1182 1694 1253 peccati,
1729 1189 1789 1236 ut
1821 1179 1963 1234 ultra
1998 1191 2105 1233 non

523 1281 831 1337 Serviamus
878 1286 1123 1350 peccato.
1187 1276 1290 1344 Qui
1344 1275 1459 1348 (95)
1501 1274 1647 1336 enim
1715 1282 1963 1328 mortuus
1999 1279 2104 1337 est,

523 1373 851 1440 iustitieatus
889 1381 974 1426 est
1001 1386 1032 1426 a
1062 1381 1287 1440 peccato
1316 1368 1386 1423 ⁸⁸.
1429 1387 1447 1420 ι
1486 1366 1683 1424 Omnia
1719 1366 1836 1420 haec
1861 1363 1929 1419 ad
1960 1362 2106 1418 illam

525 1464 837 1534 respiciunt
871 1463 1254 1542 quaestionem,
1285 1475 1354 1516 ne
1384 1459 1634 1542 videatur
1675 1456 1852 1512 locum
1893 1455 2110 1511 dedisse

525 1553 797 1624 peccandi
828 1553 883 1608 in
910 1567 977 1608 eo
1005 1553 1149 1623 quod
1178 1550 1314 1606 dixit
1350 1547 1460 1621 (96)
1488 1567 1500 1603 :
1543 1567 1560 1601 ι
1598 1541 1696 1603 Ubi
1729 1556 1911 1601 autem
1939 1545 2111 1599 abun-

525 1643 677 1699 davit
703 1653 1016 1714 peccatum,
1048 1641 1512 1714 superabundavit
1542 1638 1718 1708 gratia
1740 1638 1809 1692 δ’.
1844 1656 1865 1691 ι
1897 1635 2111 1691 Idcirco

529 1751 765 1808 namque
809 1749 867 1794 et
916 1747 1158 1792 mortuos
1220 1749 1318 1790 nos
1358 1733 1499 1789 dicit
1567 1745 1690 1788 esse
1741 1740 1964 1801 peccato
1992 1768 2008 1795 ,
2057 1737 2112 1784 et

525 1831 839 1902 quicunque
889 1830 1152 1901 baptizati
1195 1845 1385 1886 sumus
1437 1828 1492 1882 in
1543 1825 1786 1890 Christo,
1837 1821 1891 1878 in
1933 1831 2108 1878 morte

529 1924 701 1996 ipsius
731 1923 1035 1995 baptizatos
1051 1938 1149 1979 nos
1179 1923 1370 1980 dicit“
1403 1930 1488 1978 :et
1531 1935 1678 1975 nunc
1711 1917 2110 1988 complantatos

531 2031 635 2072 nos
660 2016 727 2071 ad
764 2016 960 2071 mortis
991 2014 1110 2086 ejus
1136 2014 1546 2070 similitudinem
1573 2011 1768 2067 scribit
1802 2010 1871 2075 σί,
1909 2007 2114 2065 addens

533 2104 678 2174 quod
725 2105 775 2161 si
822 2104 1235 2160 similitudinem
1287 2104 1480 2160 mortis
1519 2103 1664 2174 ejus,
1721 2116 1834 2172 qua
1887 2109 2113 2171 peccato

528 2205 782 2251 mortuus
813 2203 920 2259 est,
942 2210 1221 2268 geramus,
1251 2195 1418 2252 etiam
1458 2193 1880 2251 resurrectionis
1912 2193 2103 2249 simili-

531 2287 778 2345 tudinem
807 2303 1033 2358 sperare
1055 2289 1372 2344 debeamus.
1410 2286 1517 2343 Sed
1548 2287 1652 2344 hoc
1679 2295 1953 2358 quatenus
1991 2301 2113 2358 pos-

530 2383 602 2435 sit
637 2379 754 2435 fieri
787 2381 1024 2436 ostendit
1080 2381 1290 2446 dicens,
1319 2380 1466 2450 "quia
1501 2392 1668 2436 vetus
1715 2379 1883 2435 homo
1929 2389 2115 2435 noster

532 2473 889 2542 cancruciﬁgi
939 2472 1051 2544 (97)
1101 2472 1298 2528 debeat
1351 2472 1571 2528 Christo
1612 2473 1680 2526 “.
1731 2471 1897 2528 Vetus
1930 2482 2111 2525 autem

533 2563 696 2620 homo
730 2574 918 2622 noster
949 2564 1335 2636 intelligendus
1366 2576 1450 2621 est
1480 2565 1587 2619 vita
1626 2564 1777 2634 prior
1816 2578 1984 2634 quam
2017 2563 2116 2618 du.

531 2656 715 2710 ximus
747 2656 800 2712 in
839 2658 1107 2726 peccatis,
1141 2656 1298 2724 cujus
1327 2655 1486 2711 linem
1518 2667 1573 2711 et
1601 2657 1883 2712 interitum
1918 2671 2114 2726 quem-

534 2749 658 2802 dam
690 2749 921 2806 facimus
940 2749 1029 2805 ubi
1060 2750 1356 2821 recipimus
1386 2751 1438 2805 in
1474 2750 1630 2805 nobis
1663 2750 1825 2805 (idem
1855 2749 1968 2822 (98)
1991 2764 2118 2804 cru-

533 2840 616 2896 cis
647 2838 874 2906 Christi,
901 2854 999 2910 per
1021 2853 1186 2909 quam
1212 2840 1286 2894 ita
1317 2840 1624 2897 destruitur
1649 2855 1852 2911 corpus
1882 2840 2113 2910 peccati,

533 2943 594 2987 nt
627 2932 870 2988 membra
899 2943 1108 2998 nostra,
1135 2947 1256 3003 qua:
1283 2934 1597 2990 serviebant
1622 2945 1870 3004 peccato,
1902 2935 2040 2989 ultra
2066 2934 2114 2988 ei

535 3041 641 3081 non
677 3026 942 3093 serviant,
962 3028 1056 3082 sed
1082 3025 1218 3084 Deo.
1253 3026 1359 3083 Sed
1388 3042 1532 3082 nunc
1566 3036 1880 3097 repetentes
1910 3041 2118 3083 sermo-

536 3130 682 3182 nem,
713 3116 998 3172 videamus
1041 3117 1173 3187 quid
1225 3126 1311 3174 est
1363 3117 1725 3188 complantari
1771 3117 2116 3174 similitudini

538 3209 732 3266 mortis
759 3209 988 3274 Christi,
1018 3209 1071 3263 in
1103 3224 1213 3282 quo
1246 3208 1394 3265 velut
1422 3209 1662 3281 plantam
1690 3209 1921 3279 alicujus
1953 3212 2118 3276 arbo-
2148 3240 2191 3299 ο

536 3301 614 3355 ris
638 3300 880 3356 ostendit
915 3310 1147 3358 mortem
1174 3303 1403 3370 Christi,
1444 3303 1534 3358 cui
1579 3317 1683 3358 nos
1719 3301 2118 3372 complantatos

537 3391 654 3446 vult
687 3406 830 3457 esse,
872 3401 933 3446 ut
965 3406 1032 3446 ex
1067 3407 1238 3449 succo
1274 3393 1476 3449 radicis
1521 3392 1640 3462 ejus
1699 3393 1855 3448 radix
1903 3408 2120 3464 quoque

537 3492 726 3538 nostra
759 3484 1064 3554 suscipiens
1113 3485 1380 3554 producat
1420 3499 1604 3540 ramos
1639 3483 1889 3552 iustitiae,
1920 3497 1976 3540 et
2005 3485 2120 3540 {ru-

538 3587 664 3633 etus
689 3577 884 3633 allerat
917 3579 1062 3633 vitm.
1090 3579 1242 3646 Quod
1288 3579 1334 3633 si
1384 3579 1468 3634 vis
1497 3579 1566 3633 de
1601 3576 1903 3648 Scripturis
1949 3595 2119 3651 agno-

539 3684 697 3726 scere
731 3685 854 3742 quae
890 3672 991 3726 ista
1025 3671 1096 3726 sit
1124 3670 1305 3739 planta
1335 3671 1424 3727 cui
1458 3669 1813 3741 complantati
1855 3685 1978 3726 esse
2023 3671 2123 3726 de-

540 3760 792 3826 beamus,
836 3771 894 3817 ει
944 3762 1098 3832 cujus
1133 3761 1351 3831 generis
1385 3761 1572 3829 arbor,
1603 3761 1727 3817 audi
1761 3762 1893 3833 quid
1931 3762 1996 3817 de
2024 3760 2126 3816 Sa-

539 3850 746 3922 pientia
781 3851 1079 3907 scribitur:
1107 3869 1125 3903 ι
1155 3851 1355 3917 Arbor,
1378 3851 1574 3921 inquit,
1603 3852 1728 3906 vita:
1757 3860 1840 3906 est
1867 3851 2120 3932 omnibus

540 3943 891 4013 sperantibus
921 3943 973 3998 iit
1009 3955 1104 4009 se;
1142 3951 1198 3998 et
1238 3945 1330 4012 qui
1363 3943 1648 4000 conlidunt
1676 3944 1729 3998 in
1757 3958 1818 3997 ea
1859 3952 2115 4011 tanquam

543 4033 599 4087 in
633 4033 864 4088 Domino
901 4033 968 4087 “.
1013 4051 1034 4086 ι
1089 4031 1347 4088 Christus
1386 4048 1518 4104 ergo
1557 4033 1654 4090 Dei
1691 4033 1889 4100 virtus,
1931 4041 1988 4088 et
2027 4032 2120 4087 Dei

542 4124 812 4193 sapientia
843 4125 911 4190 θ’,
950 4125 1065 4195 ipse
1110 4135 1194 4180 cst
1231 4125 1397 4180 arbor
1437 4127 1586 4192 vitae,
1630 4125 1717 4180 cui
1763 4125 2126 4194 complantari

545 4213 830 4282 debemus,
862 4224 916 4270 et
942 4230 1082 4269 novo
1115 4216 1350 4283 quodam
1392 4225 1557 4286 atque
1593 4214 1812 4270 amabili
1851 4215 1943 4269 Dei
1986 4214 2126 4269 dono

547 4323 697 4362 mors
746 4308 890 4364 illius
934 4309 1091 4363 nobis
1131 4307 1294 4361 arbor
1328 4309 1451 4364 vitae
1476 4307 1732 4364 elIicitur.
1764 4306 1910 4362 Bene
1942 4315 2125 4361 autem

545 4401 864 4472 Apostolus,
906 4401 1086 4457 sciens
1115 4417 1174 4457 se
1201 4403 1254 4456 in
1280 4403 1535 4472 priesenti
1576 4401 1696 4458 loco
1742 4416 1852 4456 non
1883 4401 1949 4456 de
1977 4415 2129 4455 com-

547 4491 696 4549 tnuni
733 4493 858 4558 hac,
897 4492 996 4548 sed
1024 4492 1092 4547 de
1129 4495 1338 4563 peccati
1392 4503 1567 4550 morte
1615 4502 1876 4560 tractare,
1906 4509 2012 4548 non
2046 4492 2128 4548 di-

549 4584 667 4642 xit:
705 4603 723 4637 ι
760 4584 982 4640 Sicnim
1011 4561 1366 4657 complantati
1397 4602 1585 4642 sumus
1616 4605 1634 4639 ι
1664 4586 1828 4641 morti
1850 4584 1989 4654 ejus,
2009 4586 2100 4639 sed

2236 4571 2385 4626 illurn
2417 4571 2581 4625 Pater
2614 4585 2788 4624 meus.
2828 4567 2932 4634 Qui
2967 4575 3149 4620 autem
3175 4573 3362 4618 manet
3398 4563 3453 4616 in
3489 4575 3588 4622 me,
3613 4561 3742 4642 purga

552 4696 570 4730 ι
595 4679 941 4734 similitudini
973 4680 1168 4734 mortis
1198 4679 1338 4748 ejus.
1373 4700 1391 4732 ι
1429 4679 1686 4736 Christus
1725 4679 1871 4735 enim
1915 4679 1988 4732 ita
2042 4693 2128 4733 se-

546 4775 654 4827 mel
687 4781 938 4828 mortuus
969 4784 1052 4828 est
1085 4783 1334 4843 peccato,
1368 4783 1429 4828 ut
1456 4782 1739 4842 peccatum
1767 4771 1989 4826 omnino
2018 4786 2128 4825 non

546 4865 759 4930 fecerit,
811 4882 915 4923 nec
987 4866 1144 4922 dolus
1197 4867 1454 4922 inventus
1515 4866 1588 4920 sit
1645 4865 1698 4918 in
1755 4879 1851 4918 ore
1895 4864 2013 4934 ejus
2058 4863 2125 4917 ⁸⁸.

550 4958 710 5025 Quod
739 4959 791 5012 in
829 4959 938 5014 alio
980 4959 1204 5015 homine
1256 4965 1321 5013 ex
1374 4958 1587 5027 integro
1638 4955 1870 5009 inveniri
1905 4955 2129 5009 omnino

543 5065 651 5106 non
685 5052 906 5120 poterit.
943 5071 961 5103 ι
994 5050 1163 5106 Nemo
1187 5052 1366 5106 ienim
1391 5067 1408 5101 r
1438 5048 1673 5102 tnundus
1699 5056 1994 5116 apeccato,
2029 5060 2130 5099 nec

615 5143 660 5179 ⁸⁷
686 5142 878 5200 Matth.
913 5161 1005 5210 xv,
1029 5144 1119 5199 3‘2.
1227 5145 1274 5178 ⁸⁸
1321 5143 1478 5197 Rom.
1507 5155 1589 5208 vr,
1617 5139 1733 5194 5-7.

545 5212 592 5336 ῗ
616 5212 774 5335 grav.
806 5231 890 5282 tu,
923 5207 1008 5272 i8.
1083 5215 1129 5248 “
1156 5213 1176 5268 Ι
1204 5216 1332 5272 Cur.
1356 5212 1510 5281 κει.
1617 5210 1662 5240 ⁸⁸
1689 5211 1705 5262 l
1731 5209 1876 5264 Pelr.
1901 5225 1960 5274 ιι.
1994 5207 2086 5262 22-

619 5373 734 5444 (94)
769 5376 940 5437 Alias,
980 5395 998 5428 ι
1034 5377 1196 5432 simul
1227 5386 1280 5431 et
1311 5375 1728 5431 resurrectionis
1760 5374 1988 5428 erimus.
2031 5389 2050 5422 ι

619 5445 732 5514 (95)
767 5445 872 5508 Qui
902 5447 1041 5500 enim
1076 5457 1315 5502 mortuus
1346 5458 1446 5510 est,
1470 5445 1802 5515 justi/Scalas
1840 5452 1915 5497 est
1935 5460 1978 5515 Aa
2007 5457 2129 5515 pec-

545 5513 684 5567 cura.
720 5515 845 5570 l‘lare
869 5518 1036 5569 verba
1075 5518 1273 5571 desunt
1302 5516 1355 5571 in
1380 5513 1634 5581 omnibus
1676 5530 1810 5570 mss.
1846 5513 2130 5568 codicibus

546 5585 772 5648 nostris,
805 5587 901 5639 sed
927 5595 1141 5640 exstant
1171 5589 1222 5639 in
1255 5587 1442 5643 editis;

618 5655 732 5722 (96)
762 5655 926 5719 Editi,
954 5673 971 5707 ι
1004 5657 1266 5711 diximus.
1294 5675 1312 5707 ι

618 5723 895 5849 (θῖέαμεε.
928 5725 1132 5797 plures,
1156 5744 1175 5778 ι
1206 5726 1491 5797 crucifigi;
1526 5747 1544 5781 ι
1576 5728 1732 5799 editi,
1758 5745 1777 5781 ι
1809 5723 1970 5783 simul
2002 5737 2134 5781 con-

618 5813 690 5848 uci
773 5812 808 5849 t.
837 5814 856 5846 ι

547 5812 592 5850 Ct
609 5811 808 5864 uctugt.
837 5814 856 5846 ι

619 5866 732 5934 (98)
761 5865 923 5929 Editi.
968 5886 986 5918 ι
1017 5867 1205 5930 tinem.
1236 5886 1258 5923 ι
1291 5867 1453 5925 male.

2141 1887 2184 1945 Β
2213 1908 2321 1966 est,
2354 1912 2460 1953 non
2501 1901 2630 1966 puto
2657 1890 3030 1947 necessarium
3064 1903 3130 1943 ex
3169 1885 3389 1941 caeteris
3420 1881 3506 1936 vel
3531 1881 3741 1966 Apostofip‘

1849 5139 1894 5170 ⁵³
1927 5138 2085 5191 Rom.
2120 5153 2174 5203 ν,
2205 5135 2297 5187 9-0.
2411 5135 2455 5160 δι’
2483 5135 2638 5186 liorn.
2664 5143 2690 5180 v

1849 5225 1876 5264 '.
1901 5225 1960 5264 tt.
1994 5207 2086 5262 22.
2193 5206 2238 5236 ⁸⁸
2267 5203 2367 5259 ιυι)
2419 5216 2530 5264 λιν,
2557 5199 2610 5261 «Ι,
2636 5197 2690 5250 5.

2207 615 2427 687 quidem
2480 617 2660 666 morte
2690 619 2799 676 qua
2831 600 2993 659 Jesus
3023 609 3276 653 mortuus
3312 605 3395 651 est
3436 604 3659 664 peccato,
3692 593 3741 648 uti

2209 715 2495 782 peccatum
2533 701 2758 758 omnino
2793 711 2899 751 non
2929 692 3122 748 fecerit
3155 687 3288 759 (99),
3330 701 3432 742 nos
3463 699 3563 738 non

2209 776 2333 856 inus
2363 791 2500 853 mori
2533 801 2592 848 ut
2621 789 2844 846 omnino
2874 784 3186 840 nesciamus
3214 786 3500 849 peccatum
3536 794 3549 829 :
3582 776 3726 828 simil;-

2208 889 2451 945 tudinem
2482 894 2660 938 tamen
2688 879 2892 934 habere
2915 887 3204 945 possumus
3253 869 3355 942 (l),
3401 877 3464 922 ut
3508 867 3741 921 imitantes

2207 997 2355 1049 eum,
2390 988 2444 1035 et
2477 973 2706 1047 vestigia
2759 969 2877 1041 ejus
2912 974 3201 1036 sequentes
3220 961 3584 1017 abstineamus
3619 972 3741 1010 assa.

2207 1082 2458 1149 peccato.
2488 1071 2602 1126 l-loc
2630 1077 2714 1122 est
2745 1080 2875 1134 ergo
2903 1061 3052 1131 quod
3085 1057 3329 1149 recipere
3353 1063 3529 1149 potest
3549 1053 3727 1149 ιιιιηηιι

2209 1141 2431 1230 natura,
2471 1171 2531 1215 ut
2584 1160 2638 1214 in
2695 1152 3114 1212 similitudinem
3162 1146 3355 1202 mortis
3402 1143 3520 1214 ejus
3549 1141 3626 1195 ﬁat
3662 1141 3741 1230 iit},1

2209 1261 2336 1317 dum
2368 1257 2547 1329 ipsum
2578 1247 2848 1308 imitando
2896 1259 3005 1300 non
3049 1250 3261 1314 peccat.
3291 1235 3428 1292 Nam
3465 1237 3658 1290 omnino
3687 1252 3728 1289 er

2209 1321 2425 1423 integro
2479 1345 2696 1402 nescire
2739 1347 3045 1412 peccatum,
3088 1335 3256 1391 solius
3305 1331 3511 1388 Christi
3541 1339 3627 1384 est.
3662 1331 3730 1382 Sed

2211 1413 2455 1500 ltocvuon
2489 1435 2858 1504 intelligentes
2905 1429 3126 1499 quidam
3163 1425 3569 1488 haereticorum,
3601 1413 3741 1502 conati)

2211 1541 2341 1590 sunt
2373 1546 2438 1586 ex
2485 1529 2591 1584 hoc
2624 1521 2866 1594 Apostoli
2917 1517 3038 1574 loco
3078 1510 3328 1572 asserere
3374 1514 3521 1584 quod
3548 1509 3741 1582 Christus)

2214 1623 2379 1698 564
2435 1636 2544 1678 non
2600 1593 2730 1674 vere
2773 1625 3023 1671 mortuus
3077 1613 3172 1678 sit,
3226 1609 3319 1664 sed
3378 1603 3733 1662 similitudinem

2215 1718 2409 1773 mortis
2441 1711 2715 1778 habuerit,
2735 1717 2788 1764 et
2817 1708 2968 1764 visus
2992 1706 3062 1761 sit
3087 1703 3261 1774 magis
3284 1700 3451 1764 mori,
3477 1712 3622 1768 quam
3646 1700 3741 1776 rere

2214 1816 2464 1864 mortuus
2491 1804 2583 1858 sit.
2618 1800 2828 1869 Quibus
2862 1798 3198 1870 respondere
3228 1791 3496 1866 quoniam
3539 1779 3741 1868 perlaturi

2215 1992 2301 2050 vel
2339 1987 2766 2060 Evangeliorum
2793 1983 2978 2048 dictis,
3006 1981 3096 2036 ubi
3123 1979 3455 2049 simpliciter
3482 1990 3618 2030 mors
3639 1972 3741 2060 cingi

2213 2091 2269 2140 et
2307 2097 2418 2138 non
2452 2077 2764 2137 similitudo
2806 2074 2998 2129 mortis
3029 2071 3319 2135 scribitur,
3357 2066 3741 2140 testimoniorqu

2213 2169 2427 2247 pondus
2456 2169 2744 2234 adhibere,
2785 2182 2907 2236 cum
2947 2165 3216 2236 possimus
3255 2162 3321 2216 ad
3351 2176 3452 2217 eos
3480 2160 3645 2215 dicere
3671 2174 3681 2209 :
3703 2155 3742 2247 Si

2216 2265 2518 2324 similitudo
2547 2261 2741 2319 mortis
2769 2259 2895 2328 fuit,
2927 2267 2983 2314 et
3018 2269 3129 2312 non
3158 2269 3289 2311 vera
3348 2254 3680 2314 resurrectio,
3708 2255 3742 2328 et

2216 2377 2322 2418 nos
2361 2373 2493 2429 ergo
2522 2357 2836 2413 videbimur
2863 2365 3172 2419 resurgere,
3229 2359 3284 2402 et
3331 2363 3444 2402 non
3468 2361 3592 2401 vere
3614 2358 3742 2428 ream

2217 2466 2408 2524 gemus
2450 2467 2464 2504 :
2507 2457 2563 2504 et
2605 2445 2916 2502 videbimur
2959 2441 3097 2496 mori
3150 2450 3405 2511 peccato,
3440 2447 3495 2493 et
3531 2452 3626 2491 non
3657 2433 3742 2514 verti

2219 2540 2540 2596 moriemur.
2572 2535 2638 2590 Et
2667 2547 2832 2590 omne
2861 2545 2992 2600 ergo
3019 2534 3162 2600 quod
3192 2539 3411 2598 gestum
3439 2537 3546 2591 est,
3573 2537 3622 2580 et
3647 2525 3742 2600 μή]

2222 2641 2332 2698 tur,
2363 2631 2546 2686 visum
2575 2636 2658 2683 est
2684 2625 2822 2696 geri,
2854 2623 2947 2678 sed
2990 2638 3094 2676 non
3133 2630 3218 2676 est
3265 2629 3506 2690 gestum.
3551 2617 3742 2698 ευριπιεῆ

2219 2724 2390 2794 igitur
2423 2732 2484 2777 ut
2510 2729 2567 2776 et
2595 2719 2742 2789 quod
2778 2715 2969 2771 salvati
3003 2729 3214 2778 sumus,
3247 2712 3348 2765 visi
3377 2712 3554 2766 simus
3579 2706 3742 2794 ευιιίιιὶ]

2219 2819 2314 2873 εει]
2346 2830 2453 2870 non
2482 2827 2612 2866 vere
2641 2807 2833 2866 salvati
2859 2805 3057 2860 simus.
3093 2803 3246 2859 Unde
3272 2802 3534 2872 quoniam
3558 2801 3654 2854 haec
3675 2801 3742 2873 Liui

2219 2909 2454 2964 absurda
2492 2914 2642 2972 sunt,
2673 2912 2732 2957 ut
2767 2917 2873 2956 non
2910 2899 3191 2969 indigeant
3228 2894 3651 2967 probationibus,
3683 2894 3742 2972 md

2223 3004 2292 3057 ad
2322 2999 2767 3071 explanationem
2800 3009 2995 3050 eorum
3025 3005 3147 3061 qua:
3179 2976 3460 3044 habentur
3488 2988 3538 3042 in
3571 2976 3742 3071 sequere1

2225 3098 2370 3151 tibus
2424 3100 2835 3149 convertamur.
2894 3086 3067 3158 Igitur
3122 3082 3491 3153 complantari
3543 3097 3631 3135 nos
3673 3078 3742 3158 tuli

2225 3187 2416 3243 mortis
2449 3185 2564 3254 ejus
2618 3181 2980 3242 similitudini,
3026 3191 3130 3245 qua
3186 3184 3417 3246 peccato
3468 3177 3742 3254 mortuum)

2227 3279 2416 3344 semel,
2444 3287 2501 3333 ut
2538 3275 2808 3346 possimus
2829 3282 2883 3328 et
2923 3268 3314 3346 resurrectioni
3353 3266 3478 3336 ejus
3513 3281 3622 3322 esse
3639 3266 3742 3346 cond

2226 3370 2455 3443 plantati
2477 3368 2635 3423 ".Ad
2667 3378 2956 3433 utrumque
2973 3364 3116 3418 enim
3141 3361 3426 3418 subaudiri
3452 3359 3742 3443 debeticeud

2227 3463 2476 3535 plantati.
2508 3480 2527 3514 ι
2568 3459 2632 3514 Ει
2667 3459 2786 3513 vide
2815 3469 2980 3528 Quam
3016 3454 3338 3512 necessario
3389 3453 3615 3507 formam
3649 3447 3734 3517 pbd

2229 3557 2452 3611 tationis
2504 3553 2881 3620 assumpserit.
2939 3549 3132 3605 Omnis
3181 3547 3391 3602 etenim
3459 3544 3630 3616 planta
3672 3544 3741 3620 post

2226 3650 2424 3706 hiemis
2466 3655 2693 3702 mortem
2736 3643 3188 3698 resurrectionem
3225 3637 3366 3693 veris
3421 3629 3742 3705 exspectati)

2227 3757 2362 3813 ergo
2392 3751 2448 3794 et
2480 3753 2579 3793 nos
2614 3737 2668 3791 in
2699 3735 2901 3790 Christi
2929 3743 3104 3788 morte
3142 3728 3505 3798 complantati
3549 3721 3742 3813 sumusii)

2230 3834 2410 3889 hieme
2449 3828 2631 3885 saeculi
2660 3826 2818 3895 hujus
2845 3835 2900 3880 et
2926 3822 3214 3895 praesentis
3242 3822 3392 3884 vitae,
3422 3820 3584 3874 etiam
3618 3816 3669 3868 ad
3693 3814 3742 3878 [ιι

3732 1804 3741 2038 ς

3732 2081 3742 2314 ι

3732 2445 3742 2666 Ξ

3732 2787 3742 3136 ]

3732 3145 3742 3308 ]

3732 3579 3742 3792 ii

2230 3935 2413 3980 turum
2444 3939 2540 3978 ver
2574 3921 2919 3977 inveniemur
2939 3917 3152 3972 fructus
3177 3913 3405 3985 iustitia:
3435 3928 3503 3968 ex
3532 3910 3672 3980 ipsius
3697 3920 3742 3996 τις

2230 4017 2350 4072 dice
2384 4013 2724 4084 proferentes
2755 4027 2769 4076 ;
2798 4020 2852 4065 et
2882 4009 2927 4064 si
2984 4006 3340 4075 complantati
3379 4019 3570 4059 sumus
3601 4002 3661 4062 ei,
3688 4009 3741 4082 net

2228 4123 2381 4166 cesse
2431 4118 2517 4164 est
2569 4116 2629 4161 ut
2683 4104 2848 4160 Pater
2905 4100 3142 4173 agricola
3177 4110 3376 4168 purget
3414 4114 3516 4152 nos
3555 4091 3742 4173 tanqunt‘

2228 4203 2481 4274 palmites
2513 4201 2638 4254 vitis
2665 4213 2827 4263 verm,
2880 4206 2938 4250 ut
2989 4197 3228 4250 fructum
3277 4190 3575 4259 plurimum
3613 4187 3742 4262 adure

2229 4309 2368 4360 mus,
2405 4294 2548 4348 sicut
2572 4302 2626 4346 et
2658 4291 2773 4360 ipse
2808 4290 2859 4343 in
2898 4286 3206 4358 Evangeliis
3244 4284 3382 4339 dicit
3415 4301 3430 4338 :
3485 4300 3503 4334 ι
3552 4279 3646 4349 Ego
3672 4277 3742 4356 sint

2229 4388 2356 4442 vitis
2389 4400 2539 4451 vera,
2564 4399 2661 4440 vos
2689 4383 2965 4454 palmites,
2998 4392 3054 4436 et
3076 4379 3244 4435 Pater
3266 4394 3422 4434 meus
3452 4373 3666 4446 agricola
3683 4373 3742 4454 est

2232 4478 2460 4534 Omnem
2519 4475 2795 4548 palmitem
2847 4475 2940 4544 qui
2982 4477 3034 4528 in
3071 4487 3156 4528 me
3192 4486 3300 4526 non
3349 4477 3556 4534 m‘anet,
3597 4462 3742 4548 excide

3737 4099 3742 4182 l

3737 4197 3742 4330 1

3737 4361 3742 4424 λ

3737 4465 3742 4526 ³

3737 4575 3742 4642 i

2236 4667 2316 4722 bit
2357 4681 2502 4728 eum,
2543 4676 2603 4717 ut
2648 4662 2886 4718 fructum
2935 4659 3233 4729 plurimum
3281 4655 3480 4710 aﬂ'crat
3521 4651 3586 4707 ⁸³.
3623 4670 3640 4702 ι
3679 4645 3742 4736 llol1

2235 4772 2369 4827 ergo
2397 4756 2558 4811 modo
2592 4752 2949 4823 complantati
2988 4765 3180 4805 sumus
3229 4746 3573 4804 similitudini
3620 4740 3742 4826 ιιιοιιί]

2235 4852 2376 4921 ejus,
2437 4858 2495 4902 ut
2530 4857 2586 4902 et
2643 4843 3062 4900 resurrectionis
3107 4842 3228 4912 ejus
3275 4836 3610 4896 similitudini
3650 4843 3742 4922 remi

2235 4943 2464 5016 plantati
2520 4944 2717 4996 simus.
2749 4938 2886 5007 Quid
2918 4937 3186 4992 sitautcm
3234 4932 3576 4991 similitudini
3621 4927 3742 5016 res-ur)

2236 5037 2495 5093 rectionis
2529 5032 2648 5101 ejus
2671 5047 2793 5087 esse
2824 5029 3258 5100 complantatum
3311 5025 3550 5080 Joannes
3589 5027 3742 5101 apostoj

2411 5129 2455 5160 ω
2483 5095 2638 5186 lio-In.
2664 5143 2740 5186 vI,
2765 5124 2822 5185 Ξ.
2849 5125 2903 5176 5.
2953 5095 2966 5100 ν
3016 5122 3057 5152 ⁶¹
3086 5120 3246 5176 Rom.
3276 5118 3430 5183 “,5.
3501 5185 3504 5186 ν
3538 5115 3580 5186 ξ’
3604 5095 3742 5178 ibidti

2725 5165 2740 5191 ’
2770 5165 2848 5227 ’δ’
2880 5194 3036 5248 Rom.
3070 5207 3145 5256 vr,
3183 5189 3236 5254 5,
3270 5165 3356 5245 l0:
3471 5185 3516 5218 ⁵⁵
3537 5183 3669 5240 Joan.
3696 5173 3741 5242 in

2306 5367 2418 5436 (99)
2445 5363 2511 5418 Ut
2539 5357 2813 5436 peccatum
2837 5358 3052 5436 omnino
3087 5372 3189 5410 non
3216 5355 3421 5426 fecerit.
3464 5350 3584 5406 Haec
3611 5343 3742 5399 desed

2241 5431 2604 5500 in'ed'itis,'et
2632 5433 2685 5504 in
2712 5431 2989 5504 plerisque
3013 5442 3145 5482 ωδε·
3452 5494 3464 5504 .
3648 5475 3741 5504 ,ηηλ

2307 5481 2498 5578 (tu);
2509 5481 2738 5558 enim:
2773 5481 3067 5578 nesciatith
3088 5504 3381 5578 peccatum,
3419 5481 3742 5578 similitudem:

2235 5557 2411 5632 tam—ein
2424 5557 2632 5630 vlialiere
2661 5585 2965 5641 possumus.
3001 5557 3130 5622 Haic
3153 5565 3533 5621 desiderantur
3569 5558 3616 5612 iu
3646 5557 3742 5607 bimi

2237 5658 2396 5704 antea
2430 5645 2611 5700 editis.
3710 5691 3732 5704 Α,

2311 5699 2396 5789 (ei
2421 5699 2563 5789 eam
2594 5713 2863 5786 plerique,
2900 5731 2920 5765 ι
2947 5718 3008 5768 ιιι
3054 5706 3125 5766 ad
3167 5704 3574 5766 similitudinem
3616 5699 3742 5772 mora

2239 5787 2483 5862 ejus'hoc
2513 5787 2624 5840 ﬁat.
2655 5805 2676 5836 ι
