3766 6538
46 361 158 420 ιοιδ

47 481 113 533 lus
135 476 279 531 docet
304 489 319 528 :
349 490 368 526 ι
398 471 576 528 Filioli
609 471 712 545 (5),
748 473 988 530 nondum
1019 476 1224 532 scimus
1252 479 1380 547 quid
1415 477 1578 533 futuri
1612 490 1656 544 Α

49 582 220 626 sumus.
254 565 308 622 Si
344 577 524 620 autem
553 567 822 623 revelatus
857 569 1013 623 nobis
1057 569 1241 637 fuerit,
1270 571 1473 626 similes
1503 571 1579 626 illi

48 665 216 718 erimus
235 661 298 714 ‘9.
338 677 357 712 ι
393 660 460 715 Et
493 662 688 716 iterum
723 661 835 731 ipse
868 659 1118 718 Salvator
1142 664 1337 719 dicit'o
1374 683 1389 720 :
1423 683 1443 717 ι
1476 665 1580 720 Pa-

51 768 131 818 ter,
157 753 269 808 volo
303 761 361 806 ut
391 753 481 807 ubi
511 767 612 822 ego
649 767 792 820 sum,
814 761 870 808 et
900 755 986 808 isti
1020 756 1129 810 sint
1158 771 1367 812 mecum
1387 758 1461 828 (4)
1498 775 1513 819 ς
1555 777 1576 812 ι

47 859 90 904 et
111 850 286 901 iterum
316 863 330 900 :
361 863 380 897 ι
415 844 569 900 Sicut
603 860 701 915 ego
734 845 788 899 in
825 855 895 914 te,
921 856 974 902 et
1002 858 1054 902 tu
1090 849 1144 902 in
1183 863 1290 913 me.
1324 860 1382 906 ut
1411 860 1466 906 et
1491 853 1580 907 isti

48 943 88 995 in
118 939 256 994 nobis
282 954 447 993 unum
477 937 677 992 sint“.
710 956 728 989 ι
767 937 919 1004 Quod
964 939 1153 1009 utique
1183 941 1248 996 de
1293 939 1401 996 illis
1425 942 1578 1012 dicit,

47 1036 118 1100 qui
153 1034 200 1086 in
234 1031 486 1101 praesenti
533 1031 644 1085 vita
695 1032 1048 1102 complantati
1091 1033 1296 1089 fuerint
1324 1035 1581 1091 similitu-

47 1124 137 1178 dini
162 1121 344 1177 mortis
371 1120 508 1188 ejus.
550 1121 686 1176 Puto
719 1131 900 1177 autem
933 1125 1076 1192 quod
1104 1136 1257 1192 grate
1285 1128 1389 1182 hoc
1431 1141 1486 1183 et
1515 1128 1583 1184 de

49 1217 117 1271 illo
143 1217 344 1270 latrone
373 1215 479 1271 dici
509 1217 706 1284 possit,
740 1216 829 1284 qui
865 1215 1027 1270 simul
1058 1215 1109 1270 in
1140 1233 1304 1276 cruce
1329 1223 1584 1293 pependit

45 1325 140 1363 cum
178 1306 298 1362 Jesu
340 1323 356 1372 ;
409 1317 456 1361 et
510 1323 608 1377 per
658 1307 1052 1361 confessionem
1098 1324 1250 1364 suam
1285 1327 1392 1383 qua
1424 1314 1580 1382 dixit,

48 1417 64 1453 t
94 1399 346 1453 Memento
376 1398 504 1464 mei,
551 1397 800 1464 Domine,
833 1413 954 1453 cum
986 1403 1200 1456 veneris
1248 1401 1303 1456 in
1355 1419 1581 1474 regnum

46 1505 166 1547 tuum
193 1493 259 1559 ⁷³,
294 1511 314 1544 ι
351 1501 404 1545 et
429 1489 592 1544 alium
627 1490 1089 1560 blasphemantem
1118 1495 1405 1564 corripuit,
1435 1511 1587 1550 com-

42 1585 242 1657 plantari
274 1598 375 1652 per
412 1583 527 1638 haec
563 1584 716 1637 visus
739 1584 810 1637 sit
837 1585 1179 1640 similitudini
1211 1587 1402 1642 mortis
1431 1588 1580 1657 ejus:

42 1677 116 1730 sed
140 1686 188 1728 et
212 1673 601 1730 resurrectioni
633 1672 750 1742 ejus
787 1675 1188 1744 complantatus
1241 1676 1312 1730 sit
1347 1692 1442 1747 per
1482 1679 1584 1732 hoc

42 1768 157 1838 quod
209 1767 255 1821 ei
309 1767 560 1820 dicitur:
609 1783 627 1816 ι
673 1763 842 1819 llodie
889 1781 1100 1820 mecum
1153 1768 1263 1822 eris
1309 1767 1362 1822 in
1422 1783 1585 1840 para-

43 1829 216 1916 diso".
249 1877 269 1910 ι
305 1860 472 1929 Digna
503 1874 738 1928 namque
789 1867 909 1912 erat
937 1858 1120 1929 planta
1155 1829 1580 1931 paratlisi,.qu:e
1615 1829 1658 1885 Β

43 1954 195 2007 arbori
225 1952 354 2006 vita:
385 1951 592 2005 sociata
619 1959 720 2005 est.
759 1949 1054 2020 Propterea
1087 1965 1216 2020 ergo
1249 1954 1392 2022 quod
1429 1953 1581 2008 dixe-

43 2058 105 2098 rat
131 2044 412 2113 Apostolus
436 2045 795 2115 complantari
837 2042 1182 2100 similitudini
1214 2044 1404 2100 mortis
1431 2045 1584 2100 Chri-

43 2137 114 2201 Sil,
141 2135 235 2188 alia
265 2147 459 2188 rursus
482 2134 652 2203 ﬁgura
683 2132 993 2204 repetit(5),
1011 2141 1065 2187 et
1087 2133 1217 2189 dicit
1243 2152 1258 2189 :
1289 2152 1308 2186 ι
1334 2135 1466 2201 Quia
1492 2148 1583 2189 ve-

46 2238 110 2280 tus
136 2227 288 2281 homo
313 2235 498 2279 noster
519 2223 683 2278 simul
709 2224 1001 2279 cruciﬁttus
1031 2233 1113 2278 est
1143 2224 1214 2288 ei,
1245 2234 1304 2279 ut
1337 2227 1581 2280 destrua-

44 2328 111 2371 tur
155 2332 349 2386 corpus
396 2315 602 2386 peccati
634 2312 700 2368 ⁷⁸.
735 2332 754 2365 ι
787 2313 843 2366 In
877 2315 1086 2381 multis,
1112 2325 1167 2370 et
1198 2331 1340 2386 saepe
1361 2316 1473 2387 jam
1502 2317 1585 2372 di-

45 2412 210 2474 ximus,
248 2410 378 2480 quid
411 2418 497 2463 est
524 2405 870 2477 concruciligi
908 2407 1132 2462 Christo
1166 2425 1181 2475 ;
1229 2422 1283 2462 et
1319 2409 1385 2463 de
1411 2409 1582 2464 veteri

44 2503 227 2556 homine
255 2517 402 2572 sape
435 2501 788 2556 tractavimus
834 2515 850 2566 ;
903 2501 1046 2554 unde
1084 2499 1324 2556 breviter
1364 2503 1415 2556 in
1449 2517 1586 2572 pra:-

43 2595 152 2648 senti
181 2593 296 2648 loco
330 2602 574 2647 veterem
624 2592 905 2646 hominem
954 2591 1207 2656 dicimus,
1258 2593 1348 2660 qui
1393 2607 1587 2647 secun-

44 2688 142 2738 dum
172 2687 342 2740 Adam
397 2685 532 2739 vixit
584 2683 1024 2754 prmvaricatioui
1078 2684 1346 2738 obnoxius
1376 2695 1429 2737 et
1458 2699 1586 2754 pec-

43 2790 160 2845 cato,
189 2790 239 2835 et
278 2779 368 2833 cui
409 2776 691 2832 dominata
749 2786 831 2831 est
885 2789 1034 2830 mors
1089 2775 1318 2845 peccati,
1366 2776 1431 2830 de
1481 2790 1589 2845 quo

49 2871 383 2940 chirographa
417 2868 626 2940 peccati
660 2868 834 2923 tenuit
864 2867 953 2923 ille
982 2867 1073 2938 qui
1122 2867 1356 2922 habebat
1399 2866 1590 2923 mortis

47 2965 296 3034 imperium
327 2982 344 3020 :
376 2981 496 3035 qua:
521 2964 645 3034 quia
679 2964 929 3019 Christus
969 2961 1236 3031 sanguine
1274 2975 1372 3015 suo
1405 2961 1590 3016 deletis

44 3059 166 3113 cruci
213 3073 324 3114 suae
358 3057 525 3112 allixit
553 3059 620 3123 ",
661 3059 825 3113 etiam
879 3069 976 3109 nos
1010 3055 1304 3109 secundum
1351 3062 1589 3108 veterem

48 3149 291 3204 hominem
331 3149 422 3219 qui
456 3145 982 3217 peccato'obnoxius
1026 3144 1147 3208 fuit,
1190 3143 1436 3198 cruciﬁxi
1472 3159 1592 3198 esse
1623 3184 1665 3240 ο

49 3246 298 3314 debemus,
360 3262 379 3296 ι
419 3253 480 3299 ut
525 3243 846 3298 destruatur
896 3255 1094 3310 corpus
1144 3240 1373 3310 peccati,
1426 3249 1481 3294 et
1514 3239 1596 3293 ul-

49 3347 111 3395 tra
136 3339 207 3409 (6)
243 3355 357 3395 non
395 3339 699 3393 serviamus
732 3344 955 3406 peccato
990 3333 1057 3387 ⁷⁸.
1105 3351 1125 3385 ι
1180 3331 1595 3388 Observandum

47 3445 201 3488 autem
235 3443 373 3503 puto
402 3430 547 3501 quod
579 3426 869 3498 Apostolus
901 3425 992 3479 ubi
1036 3423 1170 3478 dicit
1210 3422 1596 3477 destruendum

48 3543 142 3582 esse
174 3545 191 3578 ι
217 3540 440 3594 corpus,
477 3541 496 3576 ι
533 3523 685 3592 ponit
726 3538 745 3572 ι
777 3519 1026 3590 peccati:
1071 3536 1090 3569 ›
1145 3516 1233 3570 ubi
1269 3525 1450 3570 autem
1491 3528 1598 3568 non

47 3620 156 3672 dicit
188 3615 608 3678 destruendum,
636 3627 743 3667 non
783 3630 800 3664 r
828 3624 1028 3680 corpus
1056 3607 1289 3678 peccati,
1328 3624 1347 3658 ι
1383 3606 1476 3660 sed
1502 3618 1599 3658 nos

50 3709 170 3777 ipsos
204 3710 337 3765 dicit
371 3721 495 3762 esse
531 3705 624 3776 qui
660 3718 764 3758 non
802 3701 1107 3756 serviamus
1138 3704 1385 3764 peccato,
1421 3703 1478 3744 ut
1514 3706 1601 3745 os-

49 3805 204 3857 tendat
236 3802 365 3873 quia
416 3803 460 3856 si
516 3801 853 3853 destructum
912 3789 1081 3846 fuerit
1129 3801 1326 3856 corpus
1367 3781 1600 3853 peccati,

46 3894 134 3964 jam
165 3871 269 3951 nos
293 3910 402 3950 non
432 3892 738 3948 serviamus
764 3893 1015 3956 peccato,
1055 3880 1141 3935 cui
1181 3877 1389 3932 scilicet
1433 3871 1604 3927 servi-

49 3991 200 4044 vimus
249 3991 425 4043 donec
477 3985 531 4039 in
581 3981 739 4038 nobis
779 3993 884 4033 non
935 3982 1053 4030 erat
1101 3971 1457 4032 destructmn,
1504 3979 1604 4018 nec

50 4090 183 4133 erant
208 4077 544 4133 mortiﬁcata
588 4072 832 4127 membra
889 4079 1081 4125 nostra
1122 4077 1243 4133 quae
1286 4067 1412 4114 sunt
1444 4070 1605 4126 super

50 4183 226 4226 terram
271 4171 341 4222 ⁷⁷.
386 4167 495 4224 Sed
535 4165 848 4234 diligentius
899 4161 1074 4214 adhuc
1118 4152 1474 4225 repetendqu
1523 4159 1608 4204 est

51 4265 294 4330 quomodo
322 4260 526 4318 dixerit
558 4277 576 4310 ι
611 4270 810 4326 corpus
834 4250 1067 4323 peccati.
1105 4267 1124 4301 ι
1161 4243 1220 4300 In
1262 4258 1374 4314 quo
1411 4240 1605 4310 duplex

51 4355 147 4410 dari
181 4356 398 4411 videtur
445 4350 780 4412 intellectus,
825 4345 909 4399 vel
947 4343 1078 4412 quia
1111 4349 1361 4394 nostrum
1408 4347 1608 4404 corpus

52 4445 234 4512 peccati
265 4457 392 4498 esse
427 4438 626 4496 dixerit
665 4450 863 4507 corpus
894 4431 973 4502 (7)
1012 4448 1028 4498 ;
1077 4427 1162 4483 vel
1212 4425 1340 4497 quia
1391 4423 1603 4494 peccati

985 356 1338 415 COMMENT.
1375 357 1442 412 [Ν
1473 357 1688 440 EPIST.
1719 359 1810 413 AD
1839 358 2003 415 ROM.
2045 358 2170 413 LIB.
2215 357 2278 412 V.

3119 364 3255 419 Ιοίϐ

1686 481 1828 535 mitti
1869 489 2068 550 potest,
2111 479 2180 534 de
2209 487 2440 546 utroque
2468 477 2595 546 quid
2623 477 2781 532 nobis
2811 479 3060 534 videatur
3080 495 3253 551 expo-

1684 587 1896 630 nemus.
1938 573 2149 628 Etenim
2181 589 2224 627 sr
2259 570 2533 643 propriqu
2569 584 2770 639 corpus
2812 586 3080 639 ponamus
3132 588 3255 628 esse

1684 664 1917 734 peccati,
1959 663 2232 720 videbitur
2258 664 2398 733 quod
2428 661 2570 716 sicut
2601 662 2666 717 de
2707 662 2792 717 his
2823 663 2917 732 qui
2965 664 3022 718 in
3053 678 3256 720 novum

1687 755 1959 808 hominem
1994 756 2230 826 reparati
2259 763 2388 810 sunt
2418 741 2623 809 dictum
2655 763 2763 819 est,
2788 753 2912 822 quia
2953 773 2973 806 ι
2996 771 3094 812 vos
3123 756 3254 811 estis

1684 861 1883 914 corpus
1915 845 2142 911 Christi,
2171 857 2227 902 et
2259 835 2498 902 membra
2524 862 2590 902 ex
2616 855 2770 916 parte
2791 845 2838 878 ⁷⁸
2887 845 2994 916 (8),
3037 864 3057 899 ι
3096 847 3170 901 ita
3202 856 3259 902 et

1684 937 1748 991 de
1780 937 1864 992 his
1886 937 1979 1006 qui
2013 946 2252 993 veterem
2277 939 2550 993 hominem
2578 937 2813 991 nondum
2838 937 3257 1002 cruciﬁxerunt,

1684 1030 1793 1084 dici
1829 1044 1989 1099 posse
2028 1031 2174 1100 quod
2202 1029 2312 1085 sint
2337 1045 2539 1099 corpus
2557 1029 2766 1098 peccati
2798 1038 2851 1083 et
2875 1029 3140 1094 membra,
3170 1043 3262 1083 cu-

1680 1123 1768 1193 jus
1809 1123 2053 1193 corporis
2097 1121 2172 1194 (9)
2204 1133 2367 1192 caput
2416 1125 2489 1179 sit
2534 1123 2802 1188 diabolus,
2837 1121 2980 1177 sicut
3007 1119 3260 1176 Christus

1685 1222 1842 1281 eaput
1884 1223 1968 1268 est
2007 1214 2255 1282 corporis
2297 1213 2553 1278 Ecclesia:
2608 1228 2715 1268 non
2768 1211 3022 1267 habentis
3069 1224 3260 1264 macu-

1687 1305 1790 1358 lam
1814 1314 1909 1358 aut
1932 1320 2116 1374 rugam
2145 1306 2210 1358 ⁷³.
2233 1305 2468 1360 Possunt
2493 1314 2670 1358 autem
2698 1303 2941 1357 membra
2968 1316 3033 1356 ex
3064 1301 3264 1370 quibus

1686 1410 1882 1464 corpus
1918 1396 2061 1449 istud
2106 1396 2315 1464 peccati
2372 1405 2609 1461 constat,
2663 1394 2754 1450 illa
2811 1395 2982 1448 videri
3017 1408 3138 1463 quae
3166 1408 3262 1448 su-

1687 1486 1870 1555 perius
1919 1485 2078 1557 565
2129 1488 2469 1541 enumeravit
2509 1484 2621 1557 (10)
2683 1483 2974 1554 Apostolus
3020 1483 3260 1539 membra

1685 1589 1804 1630 esse
1852 1590 2014 1645 super
2063 1585 2300 1642 terram,
2332 1575 2384 1630 id
2413 1585 2494 1631 est
2521 1575 2956 1641 fornicationem,
3017 1575 3256 1629 immun-

1689 1665 1878 1720 ditiam
1899 1707 1914 1732 ,
1967 1667 2361 1738 impudicitiam
2389 1707 2405 1732 ,
2458 1666 2744 1721 avaritiam
2768 1705 2784 1732 ,
2832 1666 3209 1722 contentiones
3235 1702 3254 1728 ,

1690 1759 1846 1826 iram,
1908 1758 2078 1824 dolos,
2126 1761 2296 1822 rixas,
2351 1757 2745 1820 dissensiones,
2803 1756 3064 1823 haereses,
3121 1757 3265 1812 invi-

1687 1852 1858 1918 diam,
1893 1852 2314 1908 comessationes
2337 1851 2407 1917 ⁸ο,
2453 1861 2507 1907 et
2545 1851 2630 1906 his
2677 1849 2874 1906 similia
2911 1864 3016 1904 :ex
3057 1850 3256 1920 quibus

1689 1944 1944 1998 omnibus
1987 1942 2249 1998 membris
2304 1942 2464 2011 digne
2514 1942 2729 1996 dicatur
2759 1956 2959 2011 corpus
3009 1948 3265 1994 constare

1688 2036 1923 2106 peccati,
1958 2045 2014 2091 et
2063 2035 2163 2090 hoc
2195 2048 2393 2104 corpus
2423 2043 2577 2087 vetus
2622 2032 2786 2087 homo
2823 2033 2932 2104 (ll)
2976 2032 3263 2102 appellari.

1691 2128 1842 2195 Quod
1876 2129 1920 2182 si
1950 2127 2071 2197 quis
2111 2140 2208 2196 per
2251 2139 2470 2182 crucem
2497 2123 2701 2180 Christi
2740 2126 2984 2179 destruat
3019 2124 3173 2191 (l2),
3207 2132 3264 2176 et

1693 2222 1744 2276 in
1777 2235 1974 2274 novum
2002 2218 2276 2272 hominem
2306 2215 2397 2286 qui
2419 2217 2715 2270 secundum
2748 2216 2910 2269 Deum
2941 2224 3162 2268 creatus
3183 2221 3278 2268 est

1690 2322 2057 2370 cotntnutetur
2083 2311 2154 2375 3',
2183 2308 2322 2362 ultra
2385 2323 2490 2362 non
2524 2307 2736 2362 dicetur
2769 2307 2978 2361 servire
3015 2313 3264 2376 peccato,

1691 2405 1777 2476 cui
1803 2406 1924 2458 sine
1956 2403 2122 2458 dubio
2157 2401 2328 2457 servit
2364 2399 2536 2454 donec
2571 2398 2731 2454 alicui
2781 2397 2980 2453 horum
3021 2396 3270 2465 subjacet

1692 2510 1813 2566 qua:
1857 2508 2023 2563 supra
2073 2493 2430 2563 exposuimus
2478 2491 2724 2546 membra
2781 2503 2902 2543 esse
2935 2484 3173 2557 peccati.
3209 2484 3271 2539 Si

1695 2601 1824 2641 vero
1861 2585 2032 2655 magis
2081 2585 2183 2638 hoc
2221 2597 2422 2652 corpus
2472 2591 2716 2636 nostrum
2751 2580 2955 2635 dixisse
2991 2578 3268 2648 intelliga-

1697 2687 1785 2731 tur
1811 2675 2100 2746 Apostolus
2131 2689 2328 2742 corpus
2357 2673 2591 2742 peccati,
2624 2672 2920 2727 secundmu
2953 2670 3100 2724 illam
3143 2683 3268 2738 pro-

1697 2757 1840 2825 lecto
1888 2766 2192 2834 accipietur
2241 2763 2695 2834 intelligentiam,
2727 2779 2830 2832 qua
2885 2772 2940 2816 et
2983 2761 3151 2815 David
3204 2760 3272 2814 de

1695 2861 1989 2929 semetipso
2029 2857 2182 2922 dicit,
2220 2857 2346 2925 quia
2398 2873 2415 2904 ι
2449 2854 2501 2906 in
2553 2853 2933 2922 iniquitatibus
2975 2857 3286 2918 conceptus.

1697 2968 1840 3017 sum,
1875 2961 1928 3006 et
1959 2952 2010 3004 in
2039 2949 2278 3020 peccatis
2307 2947 2554 3016 concepit
2578 2961 2663 3001 me
2693 2953 2865 3000 mater
2883 2957 2999 2998 mea
3020 2942 3087 2995 ⁸³.
3114 2961 3131 2991 ›
3163 2937 3272 2995 Sed

1697 3056 1752 3101 et
1785 3046 1898 3115 ipse
1925 3041 2214 3114 Apostolus
2244 3040 2298 3095 in
2331 3041 2454 3095 aliis
2478 3041 2606 3094 dicit
2641 3057 2653 3092 :
2686 3057 2704 3090 ι
2733 3037 2866 3104 Quis
2904 3049 2989 3089 me
3021 3032 3282 3088 liberabit.

1700 3137 1765 3191 de
1814 3151 2043 3204 corpore
2093 3135 2287 3188 mortis
2342 3132 2502 3202 hujus
2525 3133 2606 3186 εει
2640 3151 2658 3184 ι
2696 3138 2749 3185 et
2798 3130 2992 3183 iterum
3031 3144 3049 3176 ι
3073 3141 3276 3194 corpus

1702 3226 2028 3280 humilitatis
2051 3244 2070 3278 ι
2108 3226 2352 3278 nominat
2387 3237 2588 3294 corpus
2622 3217 2949 3277 nostrum“.
2981 3216 3087 3272 Sed
3123 3224 3178 3270 et
3209 3215 3285 3268 tle

1703 3318 1987 3372 Salvatore
2011 3317 2242 3385 quodam
2278 3316 2398 3372 loco
2431 3315 2579 3379 dicit,
2609 3313 2736 3383 quia
2764 3310 2975 3366 venerit
3000 3325 3018 3359 t
3045 3309 3098 3362 in
3122 3306 3279 3361 simi-

1703 3408 1986 3462 litudinem
2014 3409 2196 3462 carnis
2221 3406 2450 3477 peccati,
2480 3423 2499 3459 ι
2540 3411 2599 3459 ut
2639 3423 2657 3456 t
2686 3405 2751 3458 de
2798 3412 3023 3474 peccato
3051 3419 3068 3452 ι
3119 3401 3276 3454 dam-

1703 3507 1857 3552 naret
1890 3517 1909 3550 r
1934 3509 2217 3568 peccatum
2241 3500 2295 3554 in
2313 3514 2479 3555 carne
2501 3499 2570 3552 ⁸³.
2597 3516 2617 3550 ι
2654 3496 2710 3550 lu
2736 3509 2844 3564 quo
2874 3490 3111 3547 ostendit
3134 3488 3288 3560 quod-

1704 3601 1889 3646 nostra
1924 3592 2143 3660 quidem
2180 3607 2313 3646 caro
2339 3590 2544 3662 peccati
2579 3589 2651 3644 sit
2678 3603 2830 3652 caro,
2863 3583 3064 3641 Christi
3098 3591 3279 3637 autem

1705 3699 1838 3738 caro
1871 3682 2064 3738 similis
2090 3685 2162 3738 sit
2190 3683 2341 3738 carni
2374 3683 2608 3753 peccati.
2643 3680 2759 3735 Non
2788 3677 2936 3734 enim
2965 3691 3033 3755 ex
3073 3675 3283 3730 semine

1703 3779 1807 3832 viri
1842 3784 2107 3848 concepta
2145 3787 2253 3843 est,
2294 3777 2386 3831 sed
2409 3775 2650 3844 Spiritus
2679 3781 2903 3828 sanctus
2928 3770 3077 3824 venit
3115 3783 3282 3836 super

1706 3870 1955 3936 Mariam,
1979 3881 2034 3924 et
2057 3869 2226 3923 virtus
2259 3867 2520 3922 Altissimi
2557 3863 2906 3920 obumbravit
2939 3861 3012 3926 ei,
3044 3868 3101 3913 ut
3135 3858 3283 3927 quod

1707 3960 2040 4017 nascebatur
2077 3975 2143 4014 ex
2179 3974 2266 4025 ea,
2311 3957 2481 4012 Filius
2514 3963 2805 4010 vocaretur
2857 3949 3069 4007 Excelsi
3092 3949 3159 4004 ⁸⁸.
3186 3948 3282 4002 Sic

1707 4069 1836 4124 ergo
1882 4051 2087 4107 Paulus
2137 4067 2232 4122 per
2273 4048 2602 4104 incll‘abilem
2661 4047 2754 4103 Dei
2792 4044 3137 4116 sapientiam,
3162 4057 3289 4112 qua)

1708 4149 1834 4202 data
1885 4155 1969 4202 est
1997 4146 2068 4212 ei,
2097 4160 2351 4200 arcanum
2394 4142 2578 4199 nescio
2610 4139 2738 4210 quid
2764 4141 2976 4194 intuens
3009 4146 3065 4192 et
3096 4151 3292 4190 recon-

1711 4241 1904 4307 ditum,
1929 4254 2125 4309 corpus
2159 4247 2402 4293 nostrum
2429 4250 2656 4305 «corpus
2677 4233 2936 4302 peccati,»
2963 4241 3019 4285 et
3043 4249 3061 4282 t
3091 4241 3296 4300 corpus

1712 4332 1923 4399 mortis,
1955 4349 1974 4384 ι
2013 4340 2067 4386 et
2105 4349 2123 4382 ι
2149 4344 2348 4399 corpus
2393 4325 2719 4383 humilitatis
2747 4344 2766 4378 ι
2804 4323 3062 4396 appellat.
3097 4320 3206 4377 Sed
3237 4331 3294 4376 et

1715 4423 1882 4478 David
1910 4423 1974 4476 de
2009 4422 2199 4476 eodem
2227 4421 2436 4489 Spiritu
2471 4425 2804 4472 secretorum
2823 4415 3127 4472 caelestium
3155 4428 3292 4484 gna-

51 4505 198 4604 ipsius
244 4538 400 4592 dicat
443 4547 563 4603 esse
621 4505 904 4600 prOprium
945 4519 1161 4592 aliquod
1206 4531 1431 4586 corpus,
1463 4514 1605 4583 quod
1643 4517 1685 4572 D
1719 4529 1808 4566 rus
1843 4512 2059 4567 diccbat
2098 4511 2166 4566 de
2205 4525 2476 4581 corpore:
2509 4527 2527 4560 t
2552 4509 2618 4563 Et
2661 4510 2715 4562 itt
2765 4509 3047 4580 pulverem
3099 4505 3292 4560 mortis

54 4623 430 4681 destruendum
465 4623 537 4680 sit
581 4623 665 4677 his
711 4619 804 4689 qui
856 4630 964 4671 non
997 4613 1194 4668 debent
1223 4608 1361 4662 ultra
1405 4607 1609 4662 servire

53 4727 274 4783 peccato.
315 4715 458 4786 Quia
493 4729 623 4783 ergo
656 4723 886 4767 uteruue
920 4719 1112 4760 sensus
1143 4702 1195 4755 in
1230 4699 1330 4753 hoc
1367 4697 1485 4752 loco
1515 4699 1608 4750 ad-

145 4855 185 4887 "
212 4854 232 4908 ι
263 4853 425 4909 Joan.
455 4867 537 4914 ιιι,
564 4850 620 4903 2.
733 4847 778 4878 ⁷ο
809 4843 966 4898 Joan.
999 4836 1243 4914 xvn,_2{l_.
1273 4905 1282 4914 _
1350 4835 1392 4864 “
1421 4831 1668 4914 ἰωὴ-³21.

55 4922 91 4954 ’⁸
113 4903 423 4981 Coloss:
451 4903 540 4977 id:
617 4919 662 4951 "
689 4918 842 4971 “Olli.
879 4929 950 4978 vr,
984 4913 1038 4964 6.
1112 4910 1155 4941 ⁷⁷
1180 4905 1399 4981 titiloss.
1443 4919 1540 4981 lll,_
1560 4903 1613 4955 5.

57 4971 605 5056 Col—oss:iil.-'5:_"‘
644 4990 841 5057 Ephes.
883 4971 1134 5057 what.“
1161 4975 1386 5057 f’Psal.
1428 4990 1478 5036 L,

526 5062 568 5094 ⁸⁷
605 5042 748 5114 Ρέείι.
782 5071 898 5120 nt,
930 5042 1014 5107 l6.
1090 5048 1135 5080 ⁸⁸
1157 5047 1302 5102 Psat.
1336 5059 1491 5106 xuii,
1523 5042 1615 5096 ‘25.

119 5183 189 5251 (ὅ)
217 5183 394 5247 Alias,
436 5198 456 5232 ι
485 5178 623 5245 Quid
657 5186 743 5251 est
775 5183 954 5229 autem
995 5161 1342 5251 similitudini
1379 5174 1622 5251 resurirem

59 5231 394 5322 nimiis—clins,
414 5231 546 5306 esse
569 5231 967 5317 corripiantatos
996 5240 1018 5292 ‘l
1073 5235 1312 5292 Joannes
1345 5231 1622 5300 apoStolus

60 5325 211 5377 dicit:
249 5323 462 5386 Filioli,
489 5339 510 5373 ι
543 5332 650 5374 etc.
796 5383 840 5386 __
1220 5372 1232 5385 .
1255 5371 1270 5386 ,
1349 5385 1354 5386 γ

118 5371 746 5464 (ῐ)’δῖ‹έ“ὶῐιέέζθῐέιιίιῑ.
795 5383 894 5464 Ms.
925 5390 1106 5434 tamen
1143 5371 1386 5446 quidam,
1435 5388 1455 5424 ι
1508 5371 1621 5430 illic

61 5453 205 5518 sit'ét
231 5464 487 5517 minister
523 5473 695 5521 meus,
730 5475 748 5508 ι
785 5453 947 5531 male.
1024 5519 1036 5531 .
1171 5529 1180 5531 _
1224 5526 1331 5531 μη,
1383 5519 1426 5531 Α,
1465 5511 1590 5531 ,Μ

122 5511 483 5603 (ἐ)ἶὶἷῖἐὲἰέ
513 5511 641 5603 mss.
670 5511 826 5580 unus.
846 5519 1038 5603 theri
1061 5529 1191 5574 vero
1222 5526 1355 5571 mss.
1379 5519 1431 5566 et
1461 5511 1614 5580 editi,

68 5618 86 5652 ι
111 5596 263 5655 aliam
300 5615 498 5655 rursus
532 5599 758 5668 ﬁguram
801 5596 1016 5668 repetit.
1043 5608 1062 5640 ι

125 5671 195 5742 (6)
216 5673 398 5736 Alias,
436 5687 456 5720 ι
483 5663 648 5742 etiam
683 5681 780 5742 nos
806 5665 903 5742 qui
941 5669 1166 5731 peccato
1188 5663 1494 5742 secundum
1527 5669 1622 5742 ve-

69 5729 223 5797 tereiu
246 5729 525 5796 hominem
555 5737 774 5794 obnoxii
801 5729 1022 5801 fuimus,
1051 5735 1297 5790 cruciﬁxi
1324 5748 1447 5790 esse
1464 5729 1625 5788 debe-

73 5827 266 5870 tutts....
302 5820 368 5867 ιιι
395 5809 557 5866 ultra.
594 5827 617 5861 ι

1665 4974 1711 5005 ⁸³
1751 4973 1907 5028 ltotn.
1948 4989 2039 5041 vn,
2068 4973 2158 5031 24.

1719 4602 1988 4658 deduxisti
2017 4602 2190 4669 me";
2223 4620 2241 4654 ι
2277 4610 2332 4657 et
2359 4602 2552 4656 iterum
2581 4614 2596 4652 :
2623 4597 2959 4682 «illumiliata
2989 4606 3072 4652 est
3093 4596 3149 4651 in
3176 4594 3297 4664 pul-

1721 4710 1847 4750 vere
1901 4696 2080 4748 anima
2129 4693 2400 4748 nostra”.
2432 4713 2450 4746 ι
2499 4692 2765 4750 Jeremias
2821 4703 3037 4760 quoque
3097 4686 3295 4743 similis

1773 4833 1817 4863 ⁷⁸
1844 4831 1977 4887 Luc.
2044 4848 2205 4898 xxm,
2243 4831 2334 4884 42.
2440 4832 2487 4863 "
2523 4830 2653 4886 ibitl.
2683 4828 2770 4881 4'5.

1689 4903 1732 4934 ⁷⁸
1760 4901 1776 4955 1
1806 4905 2061 4966 Cor.'xn,
2099 4904 2189 4959 ‘27.
2296 4903 2340 4935 ⁷⁹
2374 4903 2572 4970 Ephes.
2609 4898 2776 4970 v,-,27.

2265 4971 2310 5004 ⁸⁵
2338 4972 2532 5041 Philip.
2563 4985 2646 5034 tu,
2672 4969 2724 5021 2.

2877 4895 2922 4926 ⁸⁸
2951 4895 3106 4948 Rom.
3135 4893 3296 4958 1,29;

2828 4965 2873 4997 ⁸⁵
2903 4967 3059 5019 Rom.
3095 4979 3212 5030 vui,
3240 4965 3298 5017 5.

1807 5164 1886 5237 (7)
1921 5164 2095 5229 Alias,
2133 5182 2151 5215 t
2175 5163 2258 5218 vel
2288 5161 2413 5237 quia
2443 5170 2918 5237 nostrum_eorpt_is
2954 5152 3161 5222 peccati
3215 5151 3301 5221 ip-

1731 5227 2019 5290 siu‘s'dicat
2053 5227 2193 5299 esse,
2228 5227 2320 5286 vel
2350 5233 2629 5300 proprium
2659 5227 2878 5300 aliquod
2911 5238 3131 5300 corpus.
3165 5240 3185 5273 ι

1803 5305 1878 5377 (8)
1911 5305 2074 5370 Editi,
2111 5323 2130 5357 ι
2162 5295 2256 5358 vos
2289 5295 2422 5360 estis
2452 5295 2695 5356 iucmbra
2730 5295 2958 5361 Christi,
3003 5303 3060 5350 et
3103 5299 3308 5362 corpus

1728 5391 1793 5430 ex
1836 5385 2008 5442 parte.
2039 5393 2057 5426 ι

1801 5437 1878 5517 (ὑ)
1921 5443 2189 5517 Corporis.
2220 5443 2379 5496 Deest
2403 5439 2634 5517 inlibris
2665 5447 2826 5494 antea
2860 5437 3050 5517 editis.

1795 5509 1904 5588 (t0)
1935 5509 2101 5588 Alias,
2135 5531 2153 5563 ι
2180 5513 2515 5588 memoravit.
2541 5528 2560 5561 ι
2813 5577 2826 5588 _
2935 5509 2941 5518 '

1798 5574 1911 5658 (tl)
1947 5574 2110 5658 Cditi,
2146 5601 2164 5634 ι
2186 5593 2240 5658 et
2269 5585 2370 5636 hoc
2395 5594 2594 5650 corpus
2622 5577 2830 5658 peccati
2867 5586 3024 5658 vetus
3068 5574 3254 5658 homo,
3276 5588 3301 5627 ι

1729 5649 2011 5725 θιὸ.;ἐι.,
2047 5672 2065 5706 ‹
2089 5667 2144 5709 et
2185 5656 2288 5725 hoc
2319 5649 2514 5721 corpus
2542 5650 2740 5706 veteris
2770 5649 3070 5716 hominis,»
3107 5655 3221 5703 etc.

1805 5723 1920 5800 (l2)
1950 5725 2116 5794 Editi,
2151 5723 2530 5779 (destruatur.
2560 5739 2588 5774 ι

2878 4826 2924 4857 ⁷⁸
2950 4824 3108 4879 Boni.
3138 4838 3213 4884 vr,
3237 4821 3296 4878 6.
3390 4866 3392 4868 -
