3768 6538
496 382 635 441 1017

1949 384 2268 444 οιιιςΕΝιε

3595 386 3698 444 1018

495 497 741 569 mysterii
771 512 870 569 per
907 499 1000 556 Dei
1059 499 1321 571 Spiritum
1373 501 1643 572 conscius,
1676 505 1730 560 in
1780 505 2074 561 Lamenta-
2102 511 2147 568 Α
2177 506 2340 578 pieta.
2371 502 2655 561 Generaiis
2698 511 2884 560 autem
2927 501 3021 559 illa
3066 500 3588 567 carnisfresurrectio
3609 520 3697 573 qua?

497 590 737 645 tionibus
765 589 882 646 suis
910 591 1067 662 dicit,
1094 591 1221 661 quia
1269 593 1438 661 vincti
1473 594 1587 667 (15)
1618 604 1781 653 terrm
1815 596 1926 652 sint
1955 611 2073 652 om-

495 695 595 736 nes
642 683 912 749 homines,
945 687 1191 755 corporis
1228 685 1439 741 scilicet
1480 701 1666 756 causa,
1698 697 1754 743 et
1796 689 1876 744 ait
1905 707 1917 742 :
1951 709 1971 742 ι
2001 688 2073 746 Ut

495 773 743 830 humiiiet
769 776 870 831 sub
887 777 1113 846 pedibus
1139 775 1258 847 ejus
1280 792 1469 834 omnes
1497 780 1706 838 vinctos
1738 791 1920 847 terrae,
1944 782 2070 852 quia

496 863 915 921 declinaverunt
931 864 1195 936 judicium
1225 870 1328 926 viri
1358 871 1411 924 in
1442 880 1741 941 conspectu
1775 872 2067 942 Altissimi,

501 963 559 1007 et
583 957 1084 1015 condemnarerunt
1109 959 1380 1016 hominem
1406 961 1456 1017 in
1482 961 1852 1032 iudicando”.
1886 983 1906 1018 ι
1935 962 2070 1021 Cor-

497 1061 597 1115 pus
657 1063 789 1117 ergo
833 1050 1040 1120 peccati
1095 1062 1183 1108 est
1227 1067 1429 1127 corpus
1472 1063 1759 1124 nostrum;
1792 1055 1920 1126 quia
1972 1071 2071 1113 nec

493 1135 668 1190 Adam
701 1136 965 1192 scribitur
1004 1142 1327 1211 cognovisse
1358 1141 1526 1196 Evam
1562 1157 1788 1199 uxorem
1836 1154 2072 1200 suamet

497 1228 748 1293 genuisse
791 1229 925 1284 Cain
948 1230 1020 1299 '°,
1062 1232 1165 1288 nisi
1215 1243 1338 1304 post
1391 1246 1701 1306 peccatum.
1739 1236 1984 1307 Denique
2015 1245 2071 1292 ct

496 1321 547 1372 in
580 1318 696 1389 iege
715 1319 758 1351 "
792 1335 892 1390 pro
919 1322 1146 1392 parvulo
1182 1325 1272 1394 qui
1313 1335 1474 1382 natus
1522 1327 1683 1383 fuerit
1706 1328 1819 1400 (11)
1846 1328 2071 1399 jubetur

492 1408 676 1465 otferri
711 1409 913 1480 hostia,
960 1428 1060 1482 par
1100 1422 1388 1482 turturum,
1421 1427 1514 1472 aut
1546 1418 1655 1475 duo
1684 1418 1812 1490 pulli
1855 1420 2067 1476 colum-

492 1500 606 1554 bini
640 1518 654 1555 :
681 1517 747 1556 ex
782 1503 978 1572 quibus
1005 1519 1144 1559 unus
1173 1519 1271 1574 pro
1304 1517 1547 1576 peccato,
1573 1517 1627 1564 et
1659 1508 1801 1566 alius
1836 1510 1888 1565 in
1916 1509 2071 1565 holo-

490 1600 848 1648 caustomate.
895 1593 999 1650 Pro
1050 1610 1157 1665 quo
1205 1608 1436 1667 peccato
1484 1598 1712 1657 oﬂertur
1748 1603 1841 1657 hic
1890 1602 2069 1672 pullus

490 1683 675 1737 unus?
704 1682 957 1754 Nunquid
990 1703 1159 1756 nuper
1189 1689 1370 1746 editus
1404 1691 1663 1761 parvulus
1694 1708 1925 1764 peccare
1951 1692 2065 1763 jam

490 1773 711 1842 potuit?
742 1775 806 1831 Et
839 1786 1017 1833 tamen
1055 1778 1224 1836 habet
1265 1791 1547 1851 peccatum
1587 1798 1688 1853 pro
1732 1801 1841 1856 quo
1880 1787 2064 1842 hostia

2174 598 2242 653 ad
2271 612 2465 654 omnes
2494 596 2754 669 pertinet,
2793 596 2976 651 adhuc
3013 593 3194 649 futura
3231 604 3315 649 est
3340 609 3353 645 :
3381 593 3501 662 quia
3544 593 3637 649 htec
3660 598 3698 649 iu

2173 690 2371 761 primo,
2402 690 2491 745 illa
2526 693 2583 745 in
2616 688 2855 746 secundo
2893 686 3106 742 Domini
3129 683 3486 757 compiebitur
3506 683 3603 756 (i8)
3629 686 3697 739 ad-

2174 790 2357 837 ventu.
2910 804 2916 809 ’

2243 872 2332 927 10.
2365 889 2385 925 ι
2410 871 2467 927 Si
2516 883 2696 927 autem
2729 870 2929 927 mortui
2976 884 3164 927 sumus
3192 884 3318 926 cum
3352 869 3578 935 Christo,
3605 884 3696 925 cre-

2172 962 2352 1020 dimus
2390 963 2517 1033 quia
2564 973 2621 1019 et
2664 964 3017 1020 convivemus
3049 963 3101 1018 ei
3134 961 3273 1035 (t9),
3324 961 3553 1017 scientes
3598 962 3695 1030 quia

2171 1056 2419 1113 Christus
2454 1073 2684 1129 surgens
2706 1074 2737 1112 a
2769 1063 3002 1114 mortuis
3025 1058 3136 1127 jam
3167 1072 3275 1112 non
3315 1055 3558 1119 moritur,
3586 1069 3698 1109 mors

2172 1148 2221 1205 ci
2251 1148 2364 1219 jam
2395 1149 2538 1205 ultra
2585 1166 2691 1206 non
2723 1150 3118 1205 dominabitur.
3144 1148 3302 1216 Quod
3330 1147 3473 1202 enim
3499 1158 3696 1201 mortuus

2170 1249 2256 1296 est
2279 1249 2521 1313 peccato,
2559 1250 2807 1297 mortuus
2836 1251 2921 1297 est
2953 1241 3120 1297 semel
3152 1262 3165 1298 ε
3199 1240 3344 1312 quod
3373 1249 3545 1294 autem
3576 1240 3696 1302 vivit,

2169 1331 2302 1387 vivit
2337 1331 2448 1387 Deo
2468 1333 2534 1386 ".
2566 1351 2586 1384 ι
2629 1332 2686 1389 in
2725 1333 2982 1389 omnibus
3014 1349 3133 1405 quae
3160 1347 3324 1403 supra
3356 1331 3488 1387 dixit
3512 1331 3697 1402 Aposto-

2170 1423 2274 1492 lus,
2303 1425 2409 1480 hoc
2429 1425 2712 1482 ostendere
2735 1424 2921 1489 voluit,
2958 1427 3085 1495 quia
3117 1426 3161 1480 si
3194 1424 3446 1480 Christus
3482 1433 3690 1478 mortuus

2176 1527 2262 1573 est
2290 1518 2438 1586 prior
2467 1526 2710 1588 peccato,
2734 1527 2788 1572 et
2810 1531 2908 1572 nos
2936 1517 3133 1571 mortui
3162 1530 3351 1571 sumus
3376 1522 3584 1584 peccato
3605 1529 3697 1568 cum

2168 1610 2304 1679 ipso.
2341 1608 2408 1666 Et
2442 1623 2565 1664 cum
2612 1607 2741 1663 dicit
2773 1627 2786 1663 :
2821 1607 2984 1680 566
3014 1629 3035 1659 ι
3059 1608 3112 1663 in
3142 1616 3320 1663 morte
3344 1607 3513 1677 ipsius
3554 1605 3698 1673 bapti-

2171 1703 2277 1757 zati
2307 1716 2527 1770 sumus;
2560 1720 2578 1754 ι
2616 1708 2690 1768 ει,
2728 1700 3131 1770 ιοοιιιριιιιιιιιιί
3173 1714 3363 1757 sumus
3402 1698 3699 1753 similitudini

2170 1793 2362 1849 mortis
2397 1792 2515 1862 ejus
2538 1793 2608 1860 °’,
2636 1811 2655 1846 ι
2689 1804 2789 1861 per
2821 1792 2938 1848 haec
2969 1791 3150 1847 omnia
3174 1791 3415 1847 ostendit
3441 1790 3559 1860 quia
3589 1804 3702 1841 mor-

487 1863 709 1933 J'ubelur
726 1864 913 1922 oﬂ'erri
943 1883 971 1921 ιι
1003 1883 1110 1938 quo
1138 1849 1374 1926 mundus
1396 1849 1622 1943 negatur
1650 1849 1776 1945 quis
1801 1889 1942 1941 esse,
1966 1891 2067 1932 nec
2096 1849 2138 1903 Β
2174 1885 2250 1941 ιιιί
2288 1849 2478 1941 sumus
2504 1849 2626 1941 cum
2666 1849 2884 1942 Christo
2926 1895 3172 1956 peccato,
3206 1901 3272 1941 ex
3314 1900 3385 1941 eo
3418 1885 3551 1954 quod
3575 1884 3701 1940 Chri-

489 1956 534 2008 si
564 1956 723 2013 unius
771 1959 877 2013 diei
923 1959 1090 2017 fuerit
1124 1960 1238 2016 vita
1266 1960 1383 2031 ejus
1401 1964 1470 2017 θ’.
1501 1962 1578 2019 De
1611 1966 1714 2020 hoc
1741 1980 1873 2036 ergo
1905 1967 2067 2023 etiam

487 2048 660 2103 David
711 2049 913 2107 dixisse
945 2052 1251 2110 credendus
1286 2063 1372 2109 est
1419 2053 1548 2110 illud
1582 2058 1727 2125 quod
1760 2072 1925 2127 supra
1957 2073 2070 2113 me-

490 2138 843 2208 moravimus,
886 2141 1011 2209 quia
1051 2160 1069 2194 ‹
1102 2143 1156 2198 in
1190 2143 1433 2213 peccatis
1486 2145 1741 2216 concepit
1771 2161 1857 2201 me
1892 2159 2069 2203 mater

490 2230 690 2285 mea".
714 2248 733 2282 ι
775 2229 1085 2288 Secundum
1136 2234 1423 2290 historiam
1453 2235 1596 2290 enim
1634 2236 1836 2293 nullum
1877 2239 2068 2294 matris

487 2319 604 2391 ejus
639 2321 948 2378 declaratur
981 2334 1287 2395 peccatum.
1326 2325 1433 2381 Pro
1484 2328 1588 2383 hoc
1622 2337 1680 2384 et
1724 2329 1964 2386 Ecclesia
1997 2330 2065 2385 ab

488 2411 750 2480 apostolis
782 2413 1133 2469 traditionem
1167 2415 1434 2486 suscepit,
1468 2418 1633 2473 etiam
1668 2421 1910 2489 parvulis
1966 2422 2063 2477 ba-

485 2502 744 2570 ptismum
772 2505 923 2561 dare.
953 2503 1214 2562 Sciebant
1246 2508 1391 2563 enim
1432 2509 1505 2565 illi
1532 2511 1741 2582 quibus
1778 2514 2064 2585 mysterio-

489 2608 609 2648 rum
637 2605 853 2651 secreta
879 2596 1172 2652 commissa
1196 2608 1323 2654 sunt
1354 2599 1685 2669 divinorum,
1711 2604 1853 2673 quod
1881 2615 2064 2662 essent

484 2685 541 2738 in
562 2685 812 2741 omnibus
843 2688 1092 2757 genuinae
1114 2690 1303 2745 sordes
1334 2694 1569 2760 peccati,
1592 2708 1713 2764 quae
1743 2710 1841 2765 per
1865 2711 2060 2766 aquam

481 2782 537 2830 et
584 2774 848 2847 Spiritum
897 2776 1043 2835 ablui
1097 2780 1408 2850 deberent;
1439 2793 1664 2855 propter
1713 2800 1852 2856 quas
1890 2790 2059 2844 etiam

480 2881 682 2937 corpus
730 2869 906 2941 ipsum
956 2884 1154 2942 corpus
1198 2872 1411 2941 peccati
1469 2875 1803 2941 nominatur,
1839 2892 1944 2933 non
1979 2877 2060 2949 (ut

480 2969 674 3031 putant
711 2963 881 3033 aliqui
911 2978 1100 3019 eorum
1148 2964 1241 3035 qui
1272 2964 1582 3021 animarum
1629 2969 2060 3041 transmigratio-

480 3066 603 3106 nem
627 3052 681 3108 in
707 3057 855 3112 varia
876 3071 1107 3127 corpora
1136 3059 1487 3120 introducunt
1510 3064 1627 3139 [15]
1655 3068 1674 3136 )
1700 3081 1799 3137 pro
1828 3068 1913 3122 his
1937 3084 2059 3139 quae

2170 1986 2290 2035 stus
2332 1977 2549 2049 quidem
2589 1990 2687 2048 pro
2730 1977 2973 2047 peccatis
3013 1976 3216 2032 nostris
3268 1986 3512 2030 mortuus
3537 1984 3609 2029 est
3630 1988 3702 2028 se-

2171 2069 2407 2125 cundum
2440 2068 2787 2138 Scripturas;
2818 2075 2873 2123 et
2902 2067 3194 2138 unicuique
3226 2067 3558 2121 credentium
3584 2081 3703 2119 mor-

2170 2171 2279 2217 tem
2313 2160 2521 2232 peccati
2574 2158 2746 2228 ipsius
2794 2166 3049 2226 tanquam
3091 2175 3289 2213 munus
3321 2158 3582 2229 quoddam
3605 2155 3702 2211 ﬁdei

2169 2267 2234 2307 ex
2267 2266 2361 2307 sua
2390 2257 2564 2305 morte
2598 2248 2847 2313 donavit,
2876 2247 2964 2303 his
2992 2247 3205 2303 scilicet
3241 2249 3331 2319 qui
3384 2264 3502 2301 eum
3533 2248 3633 2317 ipso
3657 2262 3703 2301 se

2171 2354 2416 2400 mortuos
2440 2349 2497 2401 et
2518 2341 2811 2398 cruciﬂxos
2845 2351 2899 2396 et
2927 2338 3279 2410 consepultos
3310 2340 3363 2395 ei
3399 2341 3632 2406 credunt,
3659 2348 3704 2392 et

2167 2453 2265 2507 per
2294 2437 2430 2503 haec,
2463 2443 2743 2507 peccatum
2776 2434 2828 2488 in
2868 2433 2950 2489 eis
2989 2442 3248 2501 tanquam
3281 2433 3334 2486 in
3374 2431 3593 2488 mortuis
3616 2446 3701 2484 non

2165 2538 2343 2600 potest
2388 2527 2624 2599 operari,
2667 2535 2832 2596 atque
2861 2526 2933 2581 ita
2971 2526 3226 2580 dicuntur
3256 2523 3371 2593 (ἳο)
3400 2522 3583 2579 mortui
3606 2534 3704 2575 esse
3752 2540 3753 2545 η

2166 2630 2408 2693 peccato.
2449 2618 2659 2675 Idcirco
2682 2632 2813 2688 ergo
2845 2617 3098 2687 praesenti
3146 2629 3402 2672 sermone
3447 2611 3725 2683 Apostolus,

2164 2712 2569 2770 conclusionem
2620 2710 2751 2766 facit
2800 2709 3043 2766 omnium
3100 2724 3223 2779 qua:
3271 2710 3325 2763 in
3374 2706 3703 2778 superioribus

2163 2811 2493 2867 astruxerat,
2573 2810 2628 2857 et
2663 2802 2833 2857 dicit:
2869 2820 2888 2855 ι
2929 2801 2984 2858 Si
3043 2811 3225 2856 autem
3280 2800 3477 2856 mortui
3538 2813 3696 2853 sumus

2162 2909 2286 2950 cum
2314 2893 2557 2962 Christo,
2589 2912 2608 2946 ι
2636 2908 2731 2965 per
2752 2893 2868 2949 haec
2898 2892 3110 2949 scilicet
3138 2908 3259 2962 qua:
3282 2891 3526 2961 superius
3552 2900 3702 2945 osten-

2161 2986 2364 3051 dimus,
2407 3002 2427 3035 ¢
2451 2985 2725 3041 credimus
2762 2985 2889 3055 quia
2944 2993 3001 3040 et
3032 2985 3388 3039 convivemus
3425 2982 3471 3038 ei
3492 2984 3570 3036 ’.ι
3608 2981 3700 3035 Non

2160 3077 2781 3141 dixit:etc0nviximus,
2834 3076 2973 3130 sicut
3001 3075 3159 3140 dixit,
3190 3092 3209 3126 ι
3241 3075 3437 3128 mortui
3468 3088 3697 3134 sumusn
3752 3100 3753 3109 ι

479 3141 533 3201 Ῐ¹¹
566 3143 673 3199 alio
694 3159 925 3216 (³01⁵1³01³⁸
956 3149 1128 3219 POsim
1159 3154 1344 3209 anima
1369 3154 1686 3223 ἀειίίιιιενῖιι
1715 3158 1808 3212 sed
1828 3173 1926 3228 1)το
1953 3160 2057 3215 hoc
2083 3196 2126 3255 ο
2161 3170 2280 3238 sed,
2315 3189 2334 3223 ι
2356 3171 2731 3234 convivemus,
2759 3186 2778 3219 ι
2809 3167 3141 3223 utosteudat
3165 3166 3295 3237 quia
3344 3181 3488 3220 mors
3525 3165 3573 3219 in
3596 3179 3703 3233 prac-
3752 3180 3753 3203 ι

481 3233 600 3303 ipso
644 3238 788 3306 quod
844 3240 899 3294 in
939 3254 1172 3311 corpore
1220 3247 1428 3314 peccati
1477 3255 1532 3303 et
1574 3260 1804 3319 corpore
1862 3252 2057 3308 mortis

481 3333 646 3396 atque
674 3329 999 3390 humilitatis
1029 3332 1219 3390 enecta
1250 3337 1427 3402 sit;ct
1456 3339 1598 3395 sicut
1625 3340 1719 3395 ille
1741 3341 1897 3406 dixit,
1929 3344 2056 3413 quia

485 3433 504 3465 ι
529 3413 830 3474 humiliasti
857 3421 911 3475 in
946 3422 1170 3490 pulvere
1220 3425 1455 3481 animam
1512 3440 1757 3485 nostram
1782 3431 1849 3485 “.
1880 3452 1898 3485 ι
1932 3432 2059 3490 liznc

483 3505 697 3562 interim
742 3509 811 3563 ad
857 3525 1104 3580 praesens
1147 3514 1215 3569 de
1245 3527 1478 3587 corpore
1513 3521 1723 3590 peccati
1760 3522 1914 3578 nobis
1961 3540 2057 3580 oc-

480 3610 707 3654 currere
737 3610 1056 3670 potuerunt.
1094 3604 1227 3672 Qua:
1276 3618 1459 3664 autem
1500 3627 1531 3665 e
1579 3610 1788 3669 duabus
1837 3620 2056 3687 eXposi-

483 3688 559 3741 tio
587 3687 700 3762 (16)
728 3694 914 3749 sensui
943 3698 1236 3755 conveniat
1271 3702 1589 3770 apostolico,
1619 3716 1716 3761 aut
1748 3707 1795 3763 si
1837 3720 2053 3780 neutra,

480 3780 674 3873 probet
706 3786 801 3855 qui
830 3786 979 3857 legit.
1013 3787 1169 3855 Quod
1198 3800 1378 3849 autem
1413 3795 1466 3850 in
1493 3796 1614 3854 aliis
1647 3798 1786 3856 dicit
1819 3800 2056 3873 Aposto-

477 3868 630 3926 lus"
669 3878 1078 3936 consurrexisse
1109 3879 1221 3950 jam
1275 3897 1373 3940 nos
1393 3883 1641 3954 Christo,
1671 3898 1726 3945 et
1763 3868 1925 3948 simul
1965 3910 2056 3950 co-

473 3963 764 4033 excitatos,
814 3969 1089 4042 simulque
1136 3973 1329 4032 sedere
1393 3978 1447 4032 in
1501 3980 1837 4051 ccelestibus,
1873 3996 1926 4042 et
1966 3987 2055 4044 hic

474 4053 645 4111 dicit:
684 4059 781 4114 «Si
838 4062 983 4117 enim
1032 4066 1384 4137 complantati
1435 4085 1625 4127 sumus
1706 4073 2052 4134 similitudini

476 4151 669 4205 mortis
702 4154 843 4223 ejus,
892 4155 1056 4210 etiam
1094 4160 1515 4217 resurrectionis
1564 4164 1767 4221 erimus
1784 4168 1850 4235 ’⁸,
1880 4188 1899 4222 ι
1950 4170 2054 4227 hoc

472 4250 581 4307 est,
615 4246 759 4313 quod
786 4246 912 4303 alibi
941 4248 1056 4315 jam
1087 4249 1292 4305 factum
1326 4253 1482 4321 dixit,
1518 4256 1607 4312 hic
1636 4272 1781 4314 nunc
1809 4260 2051 4318 futurum

471 4341 525 4385 et
560 4336 885 4402 sperandum
911 4337 1066 4406 dicit,
1100 4340 1189 4394 illa
1221 4352 1306 4398 est
1335 4358 1522 4413 causa,
1550 4351 1696 4418 quod
1734 4351 1932 4421 duplex
1967 4355 2051 4409 itt-

473 4423 733 4494 teitigitur
770 4432 1137 4489 resurrectio:
1172 4449 1275 4489 una
1310 4451 1413 4506 qua
1469 4450 1653 4495 mente
1685 4452 1741 4498 et
1773 4446 2052 4514 proposito

2160 3265 2303 3321 senti
2332 3271 2610 3333 operatur,
2642 3261 2750 3315 vita
2783 3270 2964 3317 autem
3021 3259 3077 3314 in
3128 3258 3337 3325 futuro,
3373 3269 3497 3313 tunc
3523 3257 3699 3313 scilicet
3752 3256 3753 3285 ί

2165 3376 2184 3410 ι
2205 3371 2326 3412 cum
2365 3355 2614 3410 Christus
2637 3353 3015 3407 manifestatus
3044 3351 3229 3418 fuerit,
3262 3351 3352 3420 qui
3381 3359 3465 3407 est
3486 3351 3586 3404 vita
3618 3363 3696 3402 no-
3752 3368 3753 3379 π

2158 3456 2272 3503 stra
2332 3445 2654 3502 abscondita
2710 3444 2765 3498 iu
2818 3443 2931 3498 Deo
2950 3444 2991 3496 ⁸.
3017 3462 3036 3495 ι
3074 3441 3230 3497 Nunc
3265 3460 3283 3493 ι
3312 3456 3462 3511 ergo,
3483 3460 3500 3494 ι
3530 3451 3580 3494 ιιι
3610 3442 3700 3510 ipse

2161 3538 2359 3594 Paulus
2385 3538 2566 3603 docet,
2603 3554 2622 3589 ι
2646 3550 2796 3590 mors
2846 3535 2899 3589 in
2936 3534 3093 3590 nobis
3121 3543 3386 3603 operatur
3408 3534 3452 3588 ³.
3480 3552 3498 3585 ι
3535 3531 3630 3587 Sed
3657 3540 3699 3584 et
3752 3536 3753 3541 ‘

2159 3632 2276 3702 ipsa
2310 3645 2455 3686 mors
2476 3644 2598 3701 qua:
2627 3636 2890 3698 Operatur
2919 3627 2971 3681 in
3006 3627 3185 3691 nobis,
3219 3626 3438 3680 videtur
3466 3625 3586 3679 mihi
3623 3623 3700 3675 ali.

2159 3737 2293 3795 quas
2337 3722 2542 3777 habere
2587 3718 2943 3776 differentias.
3000 3715 3353 3803 Sicutpenim
3409 3718 3461 3772 in
3511 3716 3698 3771 Christo
3752 3756 3753 3763 η

2157 3815 2306 3871 aliud
2348 3813 2447 3869 fuit
2480 3823 2693 3882 tempus
2725 3811 2940 3878 mortis,
2978 3810 3046 3866 de
3079 3825 3187 3880 qua
3215 3811 3460 3864 dicitur:
3493 3827 3510 3860 ι
3538 3808 3595 3863 Ει
3621 3823 3700 3861 ex-

2155 3910 2395 3966 clamans
2422 3919 2555 3962 voce
2582 3917 2780 3974 magna
2810 3902 3166 3972 exspiravit‘,
3199 3920 3219 3954 »
3259 3912 3315 3956 ει
3343 3902 3485 3957 aliud
3503 3911 3581 3956 est
3599 3914 3697 3955 cum
3752 3924 3753 3927 η

2156 4004 2209 4059 in
2243 3999 2505 4073 sepulcro
2524 3998 2735 4068 positus
2764 3996 2952 4053 clauso
2982 3994 3131 4052 ostio
3164 3994 3342 4064 jacuit
3362 3996 3405 4062 ³,
3437 3993 3570 4048 aliud
3592 4005 3698 4046 vero
3752 4004 3753 4019 π

2155 4107 2279 4149 eum
2330 4089 2632 4160 requisitos
2682 4087 2734 4142 in
2781 4094 3136 4141 monumento
3183 4100 3291 4140 non
3336 4094 3423 4140 est
3455 4086 3695 4143 inventus.
3752 4100 3753 4177 t

2155 4184 2279 4254 quia
2302 4181 2414 4251 jam
2443 4188 2840 4245 resurrexerat,
2873 4177 3028 4247 cujus
3060 4177 3481 4232 resurrectionis
3512 4175 3695 4229 initium
3752 4192 3753 4209 ι

2153 4271 2368 4329 visibile
2394 4269 2527 4326 nulli
2557 4270 2840 4325 hominum
2871 4267 3007 4333 fuit;
3045 4268 3117 4323 ita
3146 4268 3313 4323 etiam
3356 4268 3409 4322 in
3451 4268 3593 4321 nobis
3621 4262 3695 4333 qui

2153 4367 2427 4422 credimus
2450 4362 2500 4417 ci
2530 4361 2668 4434 (2t),
2707 4360 2901 4431 triplex
2949 4360 3051 4414 ista
3094 4360 3235 4415 ratio
3260 4361 3453 4415 mortis
3486 4358 3696 4413 habenda

2154 4466 2256 4514 est.
2287 4457 2352 4512 Et
2379 4457 2557 4527 primo
2585 4454 2804 4525 quidem
2836 4451 3179 4508 confessione
3228 4456 3376 4508 vocis
3402 4450 3695 4508 ostendenda
3752 4450 3753 4455 ‘

472 4531 537 4571 ac
569 4516 677 4575 ﬁdo
717 4535 841 4576 cum
872 4521 1092 4579 Christo
1136 4540 1166 4580 a
1217 4530 1448 4585 terrenis
1480 4535 1815 4604 resurgimus
1850 4546 1908 4591 ut
1935 4552 2014 4595 ea:

2170 4552 2213 4605 in
2241 4516 2399 4604 nobis
2426 4556 2510 4602 est
2539 4561 2686 4603 mors
2708 4545 2932 4611 Christi,
2963 4560 3086 4600 cum
3122 4563 3141 4596 ι
3163 4546 3329 4600 corde
3368 4546 3574 4615 quidem
3599 4558 3696 4597 cre-

470 4610 625 4667 iestia
673 4617 975 4687 cogitemus
1015 4631 1071 4675 et
1116 4619 1297 4681 futura
1343 4627 1721 4698 requiramus;
1774 4630 1880 4687 alia
1928 4649 2050 4707 qua:

470 4707 737 4773 generalis
786 4711 1032 4766 omnium
1072 4712 1180 4767 erit
1219 4713 1274 4769 in
1307 4730 1474 4773 carne
1520 4723 1872 4781 resurrectio.
1906 4726 2048 4797 Ergo

471 4811 593 4865 quat
628 4802 926 4856 secundum
977 4811 1213 4858 mentem
1265 4813 1350 4861 est
1401 4822 1483 4885 ex,
1526 4809 1631 4865 iide
1689 4817 2046 4883 resurrectio,

470 4888 576 4957 iam
602 4889 716 4961 (i7)
751 4891 804 4946 in
840 4893 925 4948 his
953 4894 1043 4963 qui
1083 4913 1105 4946 ι
1127 4909 1190 4951 ea
1216 4911 1338 4965 quae
1367 4912 1580 4953 sursum
1607 4910 1732 4956 sunt
1759 4921 1777 4954 ι
1808 4906 2044 4976 sapiunt,

471 4997 493 5032 ε
521 4980 611 5036 ubi
642 4982 895 5039 Christus
946 4994 1030 5040 est
1070 4986 1124 5040 in
1159 4987 1380 5041 dextera
1430 4989 1521 5044 Dei
1547 4991 1613 5058 9",
1647 5010 1665 5044 ι
1696 4994 1914 5051 videtur
1951 5001 2047 5054 im-

573 5074 620 5108 ”
642 5075 950 5150 'l_‘i_tren._rtt,
980 5079 1072 5146 54,
1103 5080 1194 5135 36.
1294 5082 1341 5114 '°
1368 5081 1505 5138 Gen.
1536 5100 1608 5150 tv,
1651 5088 1703 5142 1.

470 5158 624 5210 sun,
655 5146 747 5200 25.
853 5148 902 5184 ⁸⁸
928 5150 1126 5218 Ephes.
1157 5167 1217 5218 ιι,
1244 5150 1298 5206 6.
1408 5153 1454 5185 ”
1482 5146 1641 5210 Rom.
1668 5173 1745 5224 vt,
1781 5160 1834 5215 5.
1936 5165 1953 5195 ⁸

470 5212 647 5297 iiii“-
692 5215 745 5269 ⁸·
841 5220 1096 5297 {5301985.-
1126 5221 1279 5297 ιέιοδ.
1308 5223 1365 5279 δι
1396 5293 1446 5297 __
1474 5225 1496 5256 ³
1527 5224 1570 5278 II
1597 5226 1720 5283 Cor.
1758 5244 1833 5297 ιν,
1865 5232 1953 5291 t2.

468 5274 485 5305 ²
507 5283 715 5338 Coioss.
746 5301 829 5353 ιιι,
865 5288 921 5342 5.
974 5274 1017 5324 7‘
1051 5290 1091 5344 ll
1123 5274 1364 5360 Cori”:
1393 5293 1474 5349 10.

545 5377 661 5454 illi)
685 5379 852 5454 Editi,
897 5403 917 5435 ι
944 5383 1137 5454 juncti,
1168 5405 1187 5441 ι
1222 5388 1385 5444 male.

676 5450 849 5537 illius,
875 5447 1242 5537 perperam}
1273 5473 1370 5527 pro
1399 5459 1489 5514 iiio
1512 5461 1604 5537 qui
1630 5468 1793 5537 natus
1820 5461 2036 5537 {uerita

538 5518 652 5639 (1‘5)
687 5518 816 5579 Mss.
845 5518 1043 5591 nostri,
1084 5544 1103 5577 ι
1125 5518 1218 5597 qui
1252 5518 1753 5591 metensoniatositn
1780 5534 2035 5589 introdu-

540 5605 569 5639 lt
600 5628 615 5639 .
647 5606 666 5639 ὓ

466 5604 615 5645 ειιιιι.
647 5606 666 5639 ι

540 5659 833 5745 (Αμιιε,
864 5660 1033 5745 «neua;
1058 5672 1237 5745 autem
1260 5680 1289 5722 e
1315 5665 1521 5745 duabus
1546 5671 2032 5745 expositionibus.»

539 5727 651 5793 (Π)
685 5727 834 5787 1am.
872 5727 1033 5787 Deest
1061 5734 1114 5788 in
1154 5745 1312 5790 antea
1336 5739 1524 5796 editis.

538 5796 651 5860 ttﬂi
685 5798 812 5861 Mss.
844 5802 1069 5865 aliquot.
1106 5822 1125 5857 ι
1151 5806 1469 5865 completur.
1500 5830 1520 5865 ι

1809 5093 1852 5163 9³
1878 5090 2056 5154 Levit.
2085 5113 2187 5163 xu,
2215 5096 2270 5153 8.

1936 5165 1980 5195 θ’
2012 5167 2218 5223 Coioss.
2253 5182 2333 5228 ιιι,
2366 5167 2416 5229 1,
2440 5164 2495 5219 ﬁ.
2584 5168 2605 5199 '

1938 5275 1953 5291 .
2046 5236 2068 5268 ⁸
2093 5237 2284 5292 Matth.
2316 5251 2488 5303 xxvu,
2522 5232 2610 5292 50.

2157 4641 2303 4696 ditur
2328 4637 2394 4694 ad
2417 4637 2707 4705 justitiam,
2733 4650 2828 4691 ore
2857 4644 3036 4690 autem
3066 4634 3342 4691 confessio
3394 4637 3449 4690 iit
3483 4634 3544 4690 ad
3573 4632 3694 4687 salu-

2159 4743 2264 4789 tem
2288 4733 2329 4788 ⁸.
2355 4751 2374 4786 ι
2409 4729 2664 4787 Secundo
2693 4743 2848 4796 vero,
2893 4729 2947 4784 in
2996 4730 3425 4784 mortiﬁcatioue
3458 4724 3695 4783 membro-
3752 4744 3753 4811 δ

2155 4839 2274 4879 rum
2299 4836 2420 4892 quae
2446 4828 2575 4876 sunt
2602 4832 2767 4889 super
2795 4828 2996 4874 terram
3018 4820 3062 4886 τ,
3094 4834 3219 4873 cum
3258 4834 3472 4888 semper
3491 4812 3694 4871 mortiii-
3752 4840 3753 4891 ι

2153 4914 2425 4970 cntionem
2457 4910 2659 4966 Christi
2693 4910 2745 4963 in
2789 4924 3019 4981 corpore
3069 4919 3264 4965 nostro
3309 4922 3453 4963 nunc
3475 4905 3580 4976 (Si)
3604 4903 3694 4959 cir-
3752 4922 3753 4951 ι

2151 5002 2505 5060 cutnferimus
2525 5002 2546 5033 ⁸
2571 5018 2586 5069 ;
2612 5010 2667 5057 ει
2697 5001 2801 5057 hoc
2823 5010 2908 5056 est
2934 5000 3076 5071 quod
3102 5000 3256 5065 dicit,
3292 5000 3421 5067 quia
3451 5017 3470 5051 ι
3494 5012 3625 5054 mors
3650 4996 3695 5049 in
3752 5026 3753 5055 ι

2375 5096 2421 5129 ’⁸
2459 5094 2561 5150 Job
2609 5110 2721 5159 xxv,
2754 5093 2811 5159 4,
2840 5094 2893 5150 5.
2997 5092 3044 5124 ”
3071 5091 3213 5147 Psal.
3247 5108 3299 5151 ι..
3336 5091 3394 5145 7.
3500 5089 3546 5122 ’δ
3571 5085 3692 5159 Psaj.

2584 5168 2630 5199 ’⁸
2659 5156 2916 5230 Ιὶὸηιζγι,
2966 5162 3115 5219 8-10.
3184 5162 3230 5193 ⁸³
3287 5162 3444 5230 Rom.
3484 5175 3549 5220 vt,
3752 5214 3753 5230 1

2709 5235 2731 5266 ⁸
2756 5225 3078 5303 ιιιεζιιιιι,
3102 5232 3195 5288 46.
3307 5232 3329 5263 ⁸
3359 5229 3513 5286 Rom.
3544 5245 3597 5293 x,
3624 5225 3693 5279 10.

2225 5397 2339 5467 (19)
2376 5395 2720 5452 Conviaemus
2751 5395 2821 5454 ei.
2859 5394 2952 5451 Sic
2972 5409 3117 5467 mss.
3157 5395 3302 5449 Editi
3347 5392 3497 5461 vero,
3526 5388 3693 5446 tsimnl
3752 5438 3753 5467 ξ

2150 5464 2397 5550 vivemus
2418 5481 2543 5521 cum
2586 5481 2688 5535 eo;
2712 5484 2730 5518 ι
2764 5466 2862 5532 ai.,
2897 5483 2916 5517 ι
2939 5464 3105 5521 simul
3131 5468 3302 5520 etiam
3339 5467 3569 5523 vivemus
3591 5473 3696 5518 cum

2149 5537 2390 5593 Christo.
2422 5556 2441 5589 ι

2223 5606 2337 5677 (20)
2363 5605 2528 5677 Editi,
2554 5624 2575 5659 ι
2604 5605 2917 5677 dicentur.)

2240 5674 2331 5743 2i)
2370 5676 2456 5729 Ei.
2487 5677 2647 5730 Deest
2685 5677 2736 5729 itt
2769 5674 2950 5730 editis.

2229 5744 2336 5820 [22)
2372 5746 2499 5802 Mss.
2529 5745 2717 5818 plures
2743 5744 3002 5801 omittunt
3040 5757 3294 5801 tnuttc.s
