3766 6540
81 419 217 479 1049

1029 425 1389 482 COMMENT.
1427 424 1497 481 ΙΝ
1531 423 1751 483 EPIST.
1791 425 1882 481 AD
1915 426 2084 484 ROM.
2122 426 2251 485 LIB.
2291 427 2357 484 V.

3206 431 3349 489 1030

80 537 233 594 nobis
272 529 605 608 operatur".
634 559 653 593 ι
698 538 887 599 Tertio
916 557 1069 610 vero,
1095 559 1219 601 cum
1255 546 1369 616 jam
1399 546 1644 615 resurgi-

1825 562 1908 602 em
1957 548 2051 618 qui
2096 562 2219 604 eum
2264 547 2440 618 possit
2477 546 2532 601 in
2572 560 2763 602 amore
2803 546 3004 604 Christi
3038 562 3338 619 superare:

80 645 197 686 ιιιιιε
227 646 260 685 a
292 630 543 698 mortuis,
572 642 629 689 et
668 632 721 688 in
759 634 1002 692 novitate
1046 638 1175 694 vitae
1225 637 1565 694 ambulamus
1591 639 1657 691 '°.

83 720 143 773 Et
185 726 245 776 ut
277 720 494 778 brevius
539 737 605 778 ac
654 722 888 781 lucidius
932 725 1289 796 explicemus,
1328 729 1504 796 prima
1543 728 1662 783 dies

83 814 272 868 mortis
324 822 409 868 est
472 816 824 872 renuntiasse
855 818 1111 887 saeculo;
1149 822 1413 888 secunda,
1454 838 1661 876 renun-

83 903 243 960 tiasse
272 904 437 960 etiam
463 906 615 963 vitiis
646 909 867 977 carnis;
892 909 1174 980 plenitudo
1217 928 1346 967 vero
1375 913 1662 984 perfectio-

82 998 159 1052 nis
206 999 261 1052 in
297 999 500 1056 lumine
556 1000 862 1071 sapientiae,
920 1003 1080 1058 tertia
1114 1007 1535 1062 resurrectionis
1577 1016 1661 1063 est

83 1089 212 1145 dies.
259 1092 404 1159 Quas
440 1100 620 1148 tamen
666 1094 719 1148 in
766 1109 1095 1165 unoquoque
1128 1098 1471 1153 credentium
1508 1097 1660 1155 dide-

85 1184 300 1251 rcntias,
331 1194 386 1238 et
425 1184 764 1254 profectuum
794 1189 996 1257 gradus
1022 1187 1170 1243 solus
1195 1189 1283 1244 ille
1310 1199 1491 1260 potest
1515 1191 1657 1248 scire

83 1286 131 1328 et
167 1274 501 1339 discernere,
540 1276 627 1332 cui
670 1279 771 1333 soli
816 1287 1007 1349 patent
1056 1280 1240 1336 cordis
1271 1282 1508 1337 occulta.
1546 1283 1654 1339 Ve-

84 1382 196 1421 rum
231 1376 286 1420 tu
316 1369 441 1423 vide
475 1367 628 1423 Pauli
664 1370 718 1424 in
771 1370 1066 1426 scribendo
1093 1372 1438 1442 sapientiam,
1469 1375 1561 1444 qui
1587 1376 1653 1430 ad

84 1460 423 1516 Timotheum
472 1461 719 1517 scribens
767 1463 923 1528 dixit,
954 1465 1083 1534 quia
1122 1466 1202 1519 tsi
1243 1468 1653 1533 commnrimur,

82 1558 130 1604 et
157 1552 514 1608 convivemus
535 1553 610 1622 “;
637 1573 655 1606 ι
689 1554 891 1624 quique
918 1558 1404 1613 commorientibus
1437 1559 1657 1615 Christo

83 1643 225 1711 quasi
276 1658 619 1714 consequens
659 1656 714 1700 et
747 1648 1119 1703 necessarium
1170 1665 1295 1703 cum
1322 1634 1653 1723 juuxit-(25)

81 1734 213 1801 quod
238 1735 533 1792 convivant
554 1738 626 1803 ei,
654 1737 743 1793 hic
764 1738 989 1806 addidit,
1017 1743 1378 1808 «credimus,»
1402 1753 1457 1797 ut
1476 1754 1656 1807 osten-

82 1828 222 1882 deret
253 1827 381 1897 quia
409 1831 658 1899 quamvis
710 1846 1058 1903 consequens
1090 1845 1145 1889 et
1180 1838 1550 1891 necessarium
1584 1838 1653 1892 sit

81 1924 449 1979 commorienti
498 1925 811 1992 convivere,
851 1925 958 1982 ﬁde
1008 1937 1190 1984 tamen
1244 1931 1347 1985 hoc
1391 1920 1568 1985 media
1599 1939 1654 1987 et

82 2014 402 2070 credulitate
445 2018 749 2087 perﬁcitur,
791 2020 965 2089 certi,
1019 2023 1217 2093 inquit,
1252 2032 1306 2077 et
1363 2041 1382 2075 ι
1410 2024 1653 2079 scientes

83 2107 197 2172 quia
231 2105 484 2165 Christus
524 2126 756 2182 surgens
793 2129 823 2168 a
870 2115 1105 2170 mortuis
1158 2114 1271 2184 jam
1322 2131 1429 2171 non
1482 2117 1653 2172 mori-

88 2200 297 2254 tur".i
330 2198 387 2254 Si
424 2200 570 2256 enim
625 2203 821 2259 iterum
880 2215 1212 2274 moreretur,
1261 2207 1404 2262 sicut
1459 2222 1653 2263 conse-

82 2303 239 2356 quens
266 2298 321 2345 et
350 2295 716 2348 necessarium
743 2297 1085 2354 ostendimus
1121 2299 1265 2369 quod
1299 2299 1352 2354 hi
1385 2299 1476 2369 qui
1503 2314 1653 2354 com-

81 2383 375 2439 moriuntur
401 2386 567 2440 etiam
605 2387 898 2444 eonviveut
927 2391 1000 2456 ei,
1048 2390 1128 2447 ita
1160 2391 1281 2448 sine
1324 2392 1488 2448 dubio
1519 2408 1651 2449 con-

81 2487 305 2541 sequens
344 2476 630 2532 videbatur
668 2477 808 2549 (24),
842 2488 904 2534 ut
946 2480 993 2536 si
1031 2491 1153 2551 post
1192 2484 1650 2540 resurrectionem

82 2576 129 2621 et
156 2567 320 2623 vitam
363 2569 564 2624 iterum
588 2579 919 2639 moreretur,
956 2571 1124 2628 etiam
1150 2573 1209 2629 hi
1237 2574 1329 2644 qui
1364 2575 1653 2631 convivent

82 2659 145 2720 ei,
172 2659 369 2715 iterum
421 2661 675 2718 morienti
706 2674 1207 2722 commorerentur.
1247 2666 1456 2723 idcirco
1488 2668 1654 2741 igitur

83 2751 313 2807 absoluta
365 2754 640 2809 sententia
681 2755 871 2810 definit
905 2757 1206 2827 Apostolus
1233 2760 1379 2829 quod
1405 2760 1667 2833 Christus,

83 2840 176 2914 jam
200 2859 305 2899 non
331 2847 566 2900 moritur
600 2845 738 2917 (25),
765 2856 824 2901 ut
856 2858 910 2903 et
945 2848 999 2903 hi
1030 2850 1122 2918 qui
1158 2850 1455 2907 convivent
1478 2853 1548 2917 ei,
1586 2852 1653 2907 de

85 2936 377 2991 atternitate
422 2938 546 2992 vita:
583 2939 760 2993 securi
793 2939 927 2993 sint.
959 2939 1089 2995 Post
1129 2941 1243 2995 haec
1272 2951 1455 2997 autem
1493 2944 1654 3012 (utet

83 3040 171 3097 ego
192 3027 367 3097 ipsius
388 3027 633 3100 Apostoli
670 3029 852 3086 verbis
889 3041 1031 3099 utar,
1065 3033 1262 3102 quibus
1286 3034 1402 3088 ait:
1438 3052 1456 3087 ι
1484 3035 1652 3090 Isaias

83 3126 245 3173 autem
274 3120 439 3173 audet
462 3129 517 3174 et
534 3120 781 3193 dicit“),
809 3140 828 3174 ι
858 3131 911 3176 et
929 3138 1029 3194 ego
1048 3123 1203 3178 dico:
1239 3122 1438 3179 Paulus
1470 3136 1650 3181 autem

86 3211 231 3266 audet
260 3220 319 3266 et
345 3210 480 3267 dicit
507 3228 522 3267 :
552 3230 572 3265 ι
593 3212 743 3269 Mors
780 3214 829 3269 ei
863 3213 1004 3269 ultra
1031 3232 1136 3271 non
1158 3215 1638 3273 dominabitur“.i

85 3300 307 3359 iloccine
352 3317 518 3359 ausus
553 3319 614 3360 es
637 3304 776 3376 (‘26),
810 3320 842 3360 ο
872 3304 1065 3373 Paule,
1092 3305 1277 3361 dicere
1304 3305 1371 3360 de
1401 3305 1649 3375 Christo,

86 3394 257 3451 «Mors
293 3396 348 3451 ei
376 3394 516 3449 ultra
548 3410 653 3451 non
690 3396 1087 3464 dominabitur,
1114 3416 1132 3449 ι
1168 3398 1323 3467 quasi
1360 3398 1651 3468 aliquando

84 3487 347 3545 dominata
379 3488 490 3544 sit?
515 3488 686 3558 Cujus
715 3505 821 3544 vox
850 3489 1133 3560 Evangelii
1160 3490 1336 3545 fertur
1365 3507 1464 3561 per
1490 3508 1652 3550 omne

84 3593 262 3651 corpus
283 3581 545 3636 Ecclesia!
573 3580 695 3636 luce
728 3580 928 3636 clarior
962 3580 1097 3653 (Ἠ),
1138 3598 1244 3653 qua
1281 3582 1412 3638 dicit
1442 3601 1454 3638 :
1488 3602 1506 3635 ι
1555 3585 1655 3641 Ne-

85 3689 161 3729 mo
199 3675 343 3731 tollit
384 3690 414 3729 a
461 3689 547 3730 me
580 3677 818 3730 animam
861 3691 1038 3731 meam
1064 3676 1201 3748 (28),
1236 3676 1334 3731 sed
1380 3692 1482 3747 ego
1512 3692 1653 3747 pono

85 3782 210 3832 eam,
235 3777 292 3823 et
325 3775 658 3837 potestatem
690 3766 868 3822 habeo
888 3768 1125 3836 ponendi
1148 3783 1292 3834 eam,
1326 3777 1382 3823 et
1413 3779 1653 3838 potesta-

87 3867 178 3912 tem
229 3860 406 3915 habeo
462 3858 660 3914 iterum
714 3859 968 3915 sumendi
1029 3860 1281 3915 eam".i
1344 3860 1479 3916 Huic
1523 3876 1654 3931 ergo

87 3960 300 4006 mortem
341 3949 479 4006 dicis
518 3965 641 4007 esse
682 3945 1057 4018 dominatam,
1108 3952 1199 4024 qui
1246 3953 1487 4006 animam
1543 3966 1653 4006 non

87 4043 240 4097 solum
261 4044 544 4099 voluntate
564 4043 765 4113 posuit,
789 4043 949 4099 sedet
965 4051 1234 4114 potestate
1257 4044 1495 4113 suscepit
1516 4042 1656 4116 (29)?

86 4137 163 4205 qui
183 4137 332 4192 solus
357 4136 485 4191 fuitt
515 4137 656 4191 inter
691 4146 933 4192 mortuos
956 4136 1097 4192 liber
1122 4137 1213 4205 η’,
1244 4156 1263 4189 ι
1290 4145 1344 4191 et
1372 4150 1534 4206 quem
1562 4130 1654 4191 So-

90 4226 180 4282 lum
210 4245 358 4286 mors
391 4239 577 4285 tenere
601 4244 707 4285 non
741 4230 954 4297 potuit?
981 4228 1126 4294 Haec,
1156 4240 1216 4285 ut
1242 4229 1460 4299 opinor,
1491 4239 1544 4286 et
1567 4229 1656 4284 his

91 4323 269 4379 similia
306 4322 604 4379 movebunt
644 4322 906 4377 adversus
936 4321 1163 4376 Paulum
1199 4322 1253 4376 hi
1287 4321 1379 4391 qui
1409 4320 1535 4392 (50)
1557 4330 1645 4377 te-

92 4432 207 4473 nero
248 4432 379 4488 erga
416 4416 602 4472 Jesum
651 4424 906 4472 tenentur
944 4412 1162 4478 all'ectu.
1218 4422 1275 4469 et
1323 4414 1460 4469 nihil
1490 4415 1559 4471 de
1589 4431 1656 4472 eo

92 4508 294 4574 humile,
322 4509 459 4565 nihil
488 4509 766 4579 indignum
796 4506 1081 4577 patiuntur
1104 4505 1314 4562 audire.
1336 4505 1444 4562 Sed
1475 4514 1529 4561 et
1552 4521 1656 4564 nos

1768 639 1911 694 unde
1957 654 2061 696 nec
2093 639 2370 710 putandus
2401 647 2487 695 est
2521 637 2729 708 aliquid
2774 640 2843 694 de
2870 653 2937 694 eo
2962 649 3151 695 contra
3176 656 3345 710 quam

1769 731 1886 800 ipso
1913 732 2136 800 dignum
2163 740 2246 787 est
2271 731 2590 801 prolocutus
2607 745 2729 787 esse
2748 731 2962 801 (5i).Et
2984 732 3108 789 ideo
3129 733 3347 804 indage-

1763 838 1884 879 mus
1926 823 2179 880 subtilius
2209 840 2308 895 per
2336 826 2570 895 gratiam
2621 825 2797 881 sancti
2850 825 3087 895 Spiritus
3113 828 3341 881 verbum

1760 917 2048 989 sapientiae
2088 933 2197 986 quo
2231 932 2455 974 sensum
2501 917 2650 973 Pauli
2696 919 2970 988 possimus
3018 919 3334 985 advertere,

1758 1010 1868 1066 imo
1891 1024 2109 1065 sensum
2132 1009 2335 1066 Christi
2354 1011 2449 1081 qui
2475 1010 2526 1065 in
2541 1024 2607 1066 eo
2626 1020 2729 1077 est,
2745 1011 3044 1066 secundum
3063 1011 3207 1081 quod
3224 1008 3343 1077 ipse

1758 1103 2041 1173 profitetur
2058 1103 2102 1135 ⁸⁸
2128 1121 2142 1158 :
2170 1121 2190 1155 ι
2217 1101 2327 1157 Nos
2344 1111 2524 1157 autem
2548 1117 2766 1158 sensum
2789 1101 2991 1157 Christi
3020 1102 3334 1157 habemus.»

1758 1194 1919 1267 567
1945 1194 2129 1250 Potest
2153 1210 2286 1267 ergo
2311 1194 2426 1270 (52)
2451 1195 2573 1266 quis
2599 1194 3041 1264 compendiosius
3067 1195 3119 1249 in
3143 1194 3229 1249 his
3257 1192 3339 1247 di-

1757 1303 1885 1344 cere
1910 1288 2038 1359 quia
2070 1289 2159 1345 hic
2178 1301 2439 1355 mortem,
2464 1303 2808 1345 communem
2838 1287 2980 1343 hanc
3002 1287 3209 1342 dicitet
3229 1300 3343 1340 mc-

1755 1381 1901 1436 diam
1929 1397 2035 1451 qua
2066 1400 2084 1435 ι
2118 1392 2368 1438 mortuus
2393 1392 2498 1449 est,
2520 1402 2540 1435 ι
2576 1383 2718 1438 sicut
2751 1383 2893 1438 idem
2928 1379 3227 1449 Apostolus
3253 1379 3341 1435 di-

1756 1474 1854 1539 cit,
1885 1491 1904 1526 (
1930 1474 2228 1529 secundum
2282 1474 2599 1546 Scripturas
2624 1477 2688 1542 ",
2712 1494 2732 1528 ι
2783 1482 2841 1530 et
2877 1472 3012 1528 nihil
3042 1469 3340 1527 absurdum

1757 1564 1952 1632 videri,
1979 1566 2024 1620 si
2061 1567 2107 1622 is
2127 1566 2221 1636 qui
2254 1566 2488 1621 formam
2523 1569 2667 1623 servi
2717 1574 3052 1634 susceperat,
3090 1563 3339 1619 domina-

1760 1669 1870 1713 tum
1922 1657 2210 1729 pertulerit
2257 1659 2471 1721 mortis,
2501 1674 2621 1730 qtue
2654 1659 2771 1714 sine
2821 1657 2984 1713 dubio
3027 1656 3343 1712 dominatur

1736 1750 2008 1807 'omnibus
2034 1750 2126 1820 qui
2155 1751 2207 1806 in
2234 1765 2404 1807 carne
2449 1751 2613 1821 positi
2654 1752 2756 1807 sub
2789 1750 2973 1806 servili
3002 1749 3179 1805 forma
3205 1761 3336 1803 ceu-

1757 1850 1966 1898 sentur.
1999 1843 2106 1898 Sed
2146 1850 2201 1897 et
2234 1843 2370 1898 illud
2403 1843 2699 1899 assertioni
2756 1843 2883 1898 huic
2927 1840 3164 1911 adjaret,
3196 1836 3341 1908 quod

1756 1945 2041 2004 propterea
2088 1932 2269 1990 forma
2299 1934 2415 1990 hac
2448 1933 2617 2000 servi,
2648 1934 2700 1988 id
2736 1940 2820 1987 est
2869 1934 2984 2001 ipsa
3028 1930 3142 2001 (55)
3171 1929 3338 1983 etiam

1756 2036 1942 2081 nostra
1965 2026 2121 2092 ‘caro,
2151 2025 2455 2082 seminatur
2485 2026 2539 2080 in
2567 2024 2944 2094 corruptione,
2974 2031 3030 2076 ut
3055 2027 3244 2091 surgat
3281 2018 3336 2074 in

1756 2118 2181 2187 incorruptione,
2230 2126 2286 2174 et
2314 2118 2621 2173 seminatur
2666 2118 2719 2172 in
2757 2116 3091 2180 inﬁrmitate,
3124 2124 3185 2169 ut
3215 2128 3339 2169 sur-

1754 2222 1849 2283 gat
1882 2213 1935 2267 in
1967 2212 2191 2280 virtute,
2227 2221 2281 2267 et
2319 2212 2629 2268 seminatur
2662 2211 2716 2266 in
2745 2208 3099 2272 contumelia,
3129 2217 3189 2262 ut
3218 2220 3335 2261 sur-

1756 2310 1849 2371 gat
1880 2303 1934 2356 in
1966 2301 2161 2372 gloria,
2191 2310 2248 2356 et
2285 2300 2596 2357 seminatur
2640 2313 2842 2368 corpus
2875 2293 3128 2361 animale,
3160 2302 3217 2346 ut
3246 2304 3337 2346 re-

1756 2401 1944 2464 surgat
1976 2407 2175 2463 corpus
2222 2390 2471 2464 spiritale
2502 2390 2569 2459 “,
2600 2391 2721 2446 sine
2757 2389 2923 2444 dubio
2952 2395 3015 2441 ut
3060 2400 3209 2440 mors
3235 2381 3340 2454 ipsi

1756 2486 1899 2542 ultra
1937 2501 2044 2541 non
2074 2485 2407 2551 dominetur,
2446 2499 2569 2555 quae
2601 2482 2880 2539 dominata
2915 2488 2998 2536 est
3020 2479 3068 2535 ei
3100 2480 3226 2533 dum
3254 2491 3343 2531 es-

1756 2588 1835 2634 set
1869 2577 1923 2632 in
1950 2575 2294 2642 intirmitate,
2327 2583 2379 2631 et
2405 2573 2759 2640 contumelia,
2785 2582 2840 2627 et
2869 2569 3240 2640 corruptione.
3261 2565 3342 2622 De

1758 2670 1847 2723 tali
1872 2669 2017 2723 enim
2053 2683 2220 2723 carne
2241 2681 2362 2737 quae
2385 2667 2565 2723 adhuc
2598 2667 2650 2721 in
2684 2665 2771 2722 his
2800 2674 2886 2721 est
2916 2665 3229 2734 passionum
3258 2658 3344 2714 vi-

1758 2762 1866 2826 tiis,
1893 2760 2007 2830 ipse
2040 2758 2244 2815 Paulus
2298 2758 2433 2814 dicit
2462 2776 2476 2812 :
2516 2777 2535 2810 σ
2567 2758 2702 2826 Quia
2730 2773 2860 2813 caro
2890 2766 2944 2812 et
2990 2754 3213 2824 sanguis
3247 2764 3339 2805 re-

1755 2869 1919 2925 gnum
1949 2852 2043 2907 Dei
2083 2851 2363 2922 possidere
2401 2866 2507 2906 non
2545 2859 2795 2921 possunt,
2831 2862 3005 2918 neque
3057 2842 3338 2912 corruptio

1756 2946 2221 3016 incorruptionem
2246 2943 2550 3015 possidebit
2575 2944 2636 2999 ⁸⁸.
2661 2963 2680 2996 ι
2720 2942 2827 2999 Sed
2862 2950 2917 2997 et
2958 2939 3103 3009 quod
3135 2937 3263 2992 alibi
3287 2935 3337 2969 "

1756 3040 1898 3095 idem
1937 3038 2229 3109 Apostolus
2273 3052 2468 3109 corpus
2502 3056 2521 3089 ι
2549 3036 2737 3091 mortis
2762 3054 2781 3089 ›
2818 3032 3139 3095 nominavit,
3167 3031 3214 3085 is
3245 3028 3334 3099 qui

1754 3132 1872 3186 haec.
1900 3132 2122 3197 asserit,
2156 3130 2317 3201 hujus
2346 3129 2539 3184 media:
2586 3127 2778 3183 mortis
2812 3123 3225 3194 intelligendum
3254 3119 3340 3175 di-

1755 3224 1851 3288 cit,
1876 3238 1997 3294 quzn
2027 3221 2396 3289 hujuscemodi
2426 3220 2645 3291 corpori
2672 3219 2987 3274 dominatur
3011 3215 3185 3269 donec
3213 3210 3335 3266 ani-

1754 3318 1895 3373 male
1929 3325 2013 3373 est
2052 3326 2106 3372 et
2160 3313 2539 3385 corruptibile,
2579 3320 2635 3368 et
2674 3309 2902 3366 necdum
2940 3322 3037 3379 per
3088 3317 3341 3360 resurre-

1753 3409 1952 3467 ctionis
2000 3409 2227 3479 gloriam
2254 3414 2669 3470 commutatum,
2705 3414 2867 3471 atque
2896 3414 2961 3454 ex
3002 3394 3341 3466 corruptibili

1755 3501 2172 3570 incorruptibile
2222 3498 2499 3563 ellectum,
2534 3507 2592 3554 et
2636 3511 2704 3551 ex
2737 3492 2960 3563 ignobili
3013 3489 3334 3561 gloriosum.

1753 3593 1890 3649 Illud
1919 3602 2099 3646 autem
2132 3591 2275 3660 quod
2305 3591 2431 3645 huic
2463 3588 2759 3646 assertioni
2795 3585 2910 3657 (54)
2938 3584 3095 3638 valde
3118 3592 3339 3637 eontra-

1755 3689 1897 3741 riutn
1938 3693 2021 3740 est
2050 3685 2124 3757 (id
2152 3694 2269 3745 est,
2291 3685 2436 3751 quod
2468 3680 2670 3736 mortui
2718 3693 2907 3735 sumus
2942 3693 3065 3732 cum
3092 3676 3338 3740 Christo,

1753 3787 1809 3833 et
1845 3776 2147 3845 co'nsepulti
2181 3790 2371 3830 sumus
2399 3775 2482 3841 ei;
2516 3774 2661 3843 quod
2686 3772 2872 3840 utique
2898 3769 3047 3824 nullo
3079 3768 3242 3824 modo
3268 3765 3337 3819 de

1755 3871 2028 3926 communi
2070 3870 2173 3924 hac
2196 3876 2373 3923 morte
2400 3874 2580 3937 potest
2609 3863 2886 3933 intelligi),
2916 3863 3020 3916 hoc
3054 3860 3214 3915 modo
3239 3873 3340 3912 ex-
3395 3917 3398 3919 Α

1755 3961 1979 4032 planare
2031 3961 2323 4016 conabitur
2355 3957 2491 4029 (55),
2530 3965 2590 4011 ut
2632 3955 2774 4010 sicut
2830 3956 2884 4008 in
2937 3950 3339 4022 superioribus,

1756 4070 1878 4110 cum
1907 4054 1974 4108 de
1997 4052 2316 4108 diversitate
2338 4049 2514 4122 legum
2543 4061 2971 4118 exponeremus,
2998 4041 3340 4099 ostcndimus

1756 4145 2077 4217 Apostolum
2111 4144 2164 4198 in
2195 4156 2302 4196 uno
2337 4141 2638 4209 eodemque
2669 4138 2789 4193 loco
2841 4136 3010 4207 legem
3050 4147 3195 4188 nunc
3240 4147 3340 4187 na-

1761 4237 2015 4301 turalem,
2048 4249 2196 4291 nunc
2230 4233 2423 4305 Moysi,
2461 4246 2603 4287 nunc
2653 4230 2819 4286 etiam
2851 4226 3059 4300 peccati
3090 4223 3340 4279 nomina-

1726 4321 1838 4397 ’re,
1869 4339 1926 4384 et
1953 4329 2058 4384 hoc
2088 4328 2142 4380 in
2176 4341 2277 4380 usu
2313 4340 2434 4381 esse
2479 4322 2781 4394 Scriptura:
2830 4320 3027 4374 divina:
3074 4316 3239 4370 etiam
3274 4327 3339 4368 ex

1760 4421 1881 4477 aliis
1915 4420 2046 4475 locis
2080 4417 2343 4473 adhibitis
2374 4415 2658 4470 docuimus
2693 4410 3043 4475 testimoniis,
3075 4409 3149 4462 ita
3193 4414 3247 4460 et
3287 4405 3340 4457 in

1713 4511 1717 4515 ’
1758 4512 2012 4585 prmsenti
2054 4525 2198 4566 nunc
2249 4520 2478 4564 mortem
2526 4519 2896 4571 communem,
2930 4517 3076 4558 nunc
3111 4496 3341 4569 peccati,

91 4615 196 4654 Cum
235 4602 560 4672 Γθευίείιηυε
589 4603 656 4656 ad
690 4599 939 4664 Paulum.
975 4614 1084 4654 ῐιοη
1118 4607 1371 4667 Ρυιθηιυε
1398 4611 1515 4654 esse
1547 4599 1653 4653 3η-
1686 4598 1730 4653 Ι)
1761 4620 1904 4661 nunc
1931 4604 2096 4659 etiam
2129 4601 2305 4672 ipsum
2331 4590 2611 4656 auctorem
2640 4598 2855 4664 mortis,
2889 4595 2983 4665 qui
3013 4602 3066 4648 et
3105 4587 3340 4646 novissi-

144 4693 165 4725 '
190 4693 226 4748 Il
251 4694 468 4760 Comv,
508 4693 594 4749 i2.
705 4693 750 4726 ¹⁶
777 4689 932 4744 Rom.
965 4706 1037 4755 v1,
1079 4690 1132 4746 4.

92 4764 296 4821 "Joan.
339 4781 397 4831 x,
440 4764 526 4819 18.
604 4762 836 4819 “'Psal.
887 4775 1130 4826 Lxxxvn,
1157 4759 1212 4815 5.

92 4834 129 4869 ¹⁶
154 4834 305 4891 Rom.
337 4851 437 4901 vit,
462 4835 555 4890 24.

149 4923 257 4992 (25)
286 4925 472 4992 Editi,
492 4943 511 4978 ι
532 4934 589 4982 et
618 4922 993 4980 necessarium
1035 4922 1129 4988 sit,
1168 4919 1474 4990 conjunxit,
1499 4939 1519 4974 ι
1550 4932 1659 4981 etc.

151 4995 256 5065 (24)
285 4997 455 5062 Editi,
494 5012 515 5047 ι
536 4995 826 5052 videbitur.
855 5013 875 5046 ›

149 5063 256 5133 (25)
294 5067 470 5130 Alias,
503 5085 524 5118 ι
548 5066 843 5131 morietur;
866 5084 886 5117 ι
926 5063 1025 5127 al.,
1064 5081 1083 5114 ι
1107 5070 1429 5118 moreretur.
1456 5082 1476 5118 ι

152 5068 237 5133 [25
294 5067 470 5130 Alias,
503 5085 524 5118 ι
548 5067 843 5131 morietur;
866 5084 886 5117 ι
926 5067 1025 5127 al.,
1064 5081 1083 5114 ι
1107 5070 1429 5118 moreretur.
1456 5082 1476 5118 ι

152 5067 256 5211 (26)
288 5136 700 5211 Sie_iiabanus.
730 5134 902 5211 ⁸ΕιΙἎὶ-ιαί
953 5148 1107 5211 vero,
1136 5150 1159 5211 ς
1184 5133 1282 5187 ilic
1313 5133 1365 5186 in
1391 5149 1457 5189 eo
1489 5148 1657 5190 ausus

96 5202 170 5273 es,
186 5225 206 5261 ι
236 5202 356 5263 'ete.
396 5206 543 5262 Mss;
573 5206 745 5261 nostri
794 5204 912 5269 alii,
953 5221 973 5254 ι
997 5202 1109 5259 Hoc
1136 5204 1190 5257 in
1214 5216 1280 5257 eo
1305 5218 1472 5260 ausus
1498 5218 1599 5271 es;
1627 5223 1646 5256 ι

95 5278 174 5339 aL,
204 5277 356 5334 «Hoc
380 5278 519 5332 adeo
548 5289 713 5332 ausus
742 5290 840 5341 es;
874 5292 894 5327 ι
928 5273 1026 5337 aL,
1071 5292 1089 5326 ι
1121 5273 1236 5328 Hoc
1264 5286 1426 5327 ausus
1449 5289 1528 5329 es.
1560 5293 1580 5327 ι

154 5347 262 5431 (27)
296 5348 390 5405 Sic
418 5357 568 5403 recte
582 5360 705 5431 ius.
748 5343 1121 5431 unus‘iiegi'us
1153 5356 1313 5431 nam.
1341 5343 1651 5431 1359:.Cae-

96 5413 183 5472 teri
207 5413 335 5475 vero
373 5432 533 5482 mss.,
582 5416 863 5474 Rabanus.
907 5413 1229 5470 Salodianus
1260 5422 1318 5468 et
1363 5413 1651 5481 Merlinus,

103 5488 279 5558 tcujus
328 5502 435 5543 vox
480 5502 577 5558 per
627 5484 978 5558 Evangelium
1019 5484 1194 5558 fertur
1240 5486 1388 5558 omni
1424 5499 1656 5558 corpore

103 5503 279 5558 tcujus
328 5502 435 5543 vox
550 5502 577 5542 ι·
627 5502 978 5555 evangelium
1019 5502 1194 5541 tertur
1240 5502 1388 5539 Olllnl
1424 5502 1652 5554 corpore

99 5554 342 5628 lucidior;
370 5576 391 5611 ι
444 5502 545 5624 at):
579 5554 971 5628 «collucidior;
1005 5573 1029 5628 ι
1061 5555 1160 5628 al._,
1191 5554 1602 5628 (perlucidior.
1633 5573 1652 5606 ι

100 5623 257 5684 Editio
283 5623 417 5685 vero
451 5623 812 5690 Ge’nebrardi,
848 5640 867 5674 ι
889 5625 1035 5679 omni
1074 5625 1189 5680 sole
1220 5623 1469 5678 lucidior.
1499 5643 1519 5678 ι
1558 5623 1658 5679 Ms.

101 5695 278 5767 Regius
306 5713 459 5753 num.
499 5696 662 5761 1641,
697 5713 716 5748 ι
742 5695 890 5749 omni
929 5708 1158 5750 corusco
1190 5691 1443 5767 lucidior.
1474 5713 1494 5747 ι

156 5764 261 5839 (28)
294 5768 350 5824 in
375 5767 539 5825 editis
586 5766 915 5822 omittuntur
961 5783 980 5818 ι
1008 5779 1209 5831 meam,
1250 5764 1343 5820 sed
1373 5778 1475 5834 ego
1508 5777 1650 5835 pono

100 5852 218 5894 eam.
240 5857 263 5898 ι

158 5907 259 5979 (ibi
290 5908 381 5968 Sic
416 5916 568 5970 recte
592 5922 698 5965 ms.
739 5919 882 5964 unus
905 5905 1109 5973 Regius
1149 5920 1301 5964 num.
1341 5904 1507 5965 1659.
1536 5904 1652 5963 Cac-

1238 4689 1279 4721 ¹¹
1312 4686 1353 4741 ΙΙ
1379 4688 1520 4745 Tim.
1545 4706 1608 4756 ll,
1640 4693 1724 4747 Η.

1289 4758 1369 4813 “l
1423 4760 1551 4817 Cor.
1583 4778 1645 4829 ιι,
1686 4766 1776 4821 16.

2348 4692 2391 4724 ¹³
2423 4691 2577 4745 Rom.
2625 4706 2680 4749 x.
2715 4688 2808 4744 20.
2887 4688 2932 4719 ¹¹⁶
2978 4685 3133 4739 Rom.
3187 4696 3259 4745 vr,
3290 4680 3345 4735 9.

1792 4737 1801 4747 .
1835 4696 1876 4729 "
1905 4695 2162 4756 an.vt,
2193 4692 2248 4746 9.
2348 4692 2391 4724 ¹³
2423 4692 2577 4745 Rom.
2625 4706 2680 4749 x.
2715 4692 2808 4744 20.
2887 4692 2932 4719 η
2978 4692 3133 4739 Rom.
3187 4696 3259 4745 vr,
3290 4692 3345 4735 υ.

1855 4768 1897 4799 ιτ
1925 4767 1940 4809 I
1967 4766 2091 4809 (ἴαν-
2129 4780 2217 4809 ιν-
2240 4763 2294 4809 5-
2374 4760 2457 4809 ⁸⁸1
2486 4762 2611 4809 (lor.
2638 4777 2729 4809 xv-
2756 4758 2943 4809 Διὶ-Μ.
3022 4755 3064 4787 ⁸³
3092 4753 3221 4809 ιιιὶιι.
3252 4750 3345 4807 50.

1855 4768 1897 4799 "’
1922 4767 1943 4822 Ι
1967 4766 2093 4823 Cor.
2127 4780 2218 4830 xv,
2240 4763 2294 4820 5.
2374 4760 2458 4815 ⁸⁸1
2486 4762 2611 4818 Cor.
2637 4777 2730 4829 xv,
2756 4758 2943 4814 42-44.

1776 4923 1876 4980 teri
1899 4937 2030 4979 vero
2069 4936 2227 4987 mss.,
2256 4920 2517 4976 Rabanus
2540 4926 2595 4972 et
2619 4916 2773 4982 editi,
2811 4934 2831 4966 ι
2857 4914 2957 4987 qui
2974 4926 3094 4987 eam
3118 4924 3223 4965 non
3255 4922 3345 4964 so-

1772 4994 1882 5050 lum
1909 4982 2330 5057 voluntate,'sed
2357 5004 2412 5045 et
2452 4997 2720 5058 potestate
2745 4982 3021 5054 suscepit?
3047 5000 3064 5031 ι

1843 5065 1958 5132 (50)
1988 5063 2154 5127 Editi,
2193 5081 2212 5116 ι
2243 5076 2337 5132 cois
2369 5061 2523 5129 qui,»
2559 5057 2734 5132 male_._
2894 5122 2947 5132 Μ
3130 5128 3139 5132 _
3221 5119 3256 5132 η

1842 5119 1955 5207 (5t)
1990 5134 2096 5207 ιις..Δ
2130 5119 2520 5207 (alienabis.
2548 5142 2652 5183 ms.
2689 5122 3063 5207 Vallis—Clam
3090 5128 3144 5207 et
3170 5119 3343 5207 sunt?

1767 5190 1978 5262 Ve‘net'a
2008 5202 2310 5262 Salodiani,
2346 5190 2540 5253 (unde
2574 5210 2672 5252 nec
2695 5195 2994 5264 putandum
3028 5200 3110 5246 est
3128 5190 3341 5264 aliquid

1769 5277 1837 5332 de
1862 5291 1928 5331 eo
1952 5286 2146 5329 contra
2196 5261 2321 5343 quia
2352 5278 2411 5343 ut
2452 5270 2568 5339 ipso
2620 5261 2843 5343 dignum
2888 5275 2968 5343 est
3025 5261 3343 5343 prolocutus

1763 5355 1869 5402 ost.
1899 5365 1918 5399 ι
1954 5343 2030 5415 ita
2054 5331 2509 5398 etiatn'Merlinu's
2528 5351 2593 5393 ac
2615 5331 3030 5415 Genelirardus,
3058 5332 3159 5386 nisi
3189 5331 3333 5415 quod

1764 5418 1817 5472 in
1861 5418 1967 5470 line
1990 5414 2255 5475 habeant,
2289 5429 2307 5463 ι
2336 5417 2527 5464 contra
2554 5421 2719 5478 quam
2749 5405 2950 5478 etipso
2980 5405 3204 5478 digium}
3238 5408 3340 5463 est,

1762 5486 2122 5557 prolocutum
2144 5472 2305 5536 esse:
2338 5481 2402 5534 Et
2424 5472 3006 5557 ideo—indagabi’mus.
3035 5492 3055 5526 ›
3092 5472 3203 5528 Sed
3250 5483 3342 5527 re-

1768 5549 1907 5612 ctius
1941 5553 2127 5610 caeteri
2169 5567 2301 5607 mss.
2334 5559 2392 5605 ut
2422 5549 2477 5603 in
2508 5555 2694 5603 nostro
2731 5556 2906 5601 textu.

1860 5624 1953 5693 52)
1990 5622 2157 5693 Ergo.
2174 5621 2546 5693 Desiderantur
2566 5620 2622 5673 in
2649 5626 2817 5693 antea
2851 5614 3036 5693 editis.

1859 5685 1949 5761 55)
1986 5685 2138 5761 Pps'a.
2170 5690 2447 5761 Nusquam
2486 5689 2759 5761 reperitur
2795 5685 2849 5761 in
2878 5685 3063 5761 editis.

1861 5757 1953 5832 34)
1994 5757 2162 5831 Editi,
2199 5779 2218 5814 ι
2242 5757 2403 5832 quod
2423 5757 2630 5817 addidit
2656 5757 2970 5824 assertioni,
2998 5773 3017 5809 ι
3049 5763 3162 5812 etc.

1861 5767 1928 5819 54
1994 5767 2162 5831 Editi,
2199 5779 2218 5814 ι
2242 5767 2387 5832 quod
2423 5767 2615 5815 addidit

1858 5767 1953 5923 55)
1984 5835 2199 5913 Aliasgt
2218 5831 2557 5893 conabimur.
2575 5848 2615 5913 ρ,
