3766 6546
398 415 542 469 tusi.
609 477 612 480 δ

1891 381 2214 442 ORIGENIS

3534 350 3666 402 10:2

398 539 524 584 mus
575 520 942 580 destruendus
994 515 1200 574 dicitur
1236 511 1494 570 inimicus
1515 513 1583 579 ’⁸,
1637 523 1782 566 nunc
1821 508 1987 563 etiam
2020 510 2066 566 Α
2094 501 2254 558 bebat
2283 495 2473 552 mortis
2497 485 2812 584 imperium,
2847 479 2902 536 id
2936 487 3026 534 est
3053 468 3667 584 diabolum'utiiber'a-

399 615 580 670 locum
610 611 834 680 inferni,
859 605 1056 678 in'quo
1085 606 1277 662 mortis
1302 606 1506 660 habere
1536 602 1824 673 imperium
1864 598 1984 655 dia-

409 706 569 762 bolus
595 705 816 768 dicitur,
858 701 1147 758 confirmet
1193 697 1264 753 ab
1298 695 1558 766 Apostolo
1594 692 1883 750 nominari.
1920 689 1988 745 Et

403 799 497 856 hic
526 814 657 870 ergo
689 796 802 869 (56)
839 794 982 866 quod
1008 792 1086 846 ait
1120 809 1133 845 :
1169 809 1188 843 ι
1214 788 1360 846 Mors
1385 789 1434 844 ei
1470 786 1612 840 ultra
1660 801 1764 840 non
1809 782 1988 838 domi-

409 891 709 954 nabitur",
736 906 755 940 ι
787 888 854 942 de
881 886 983 940 ista
1031 890 1209 936 morte
1246 881 1450 936 dictum
1482 874 1852 938 confirmabit,
1880 887 1989 942 qua

407 981 770 1038 communiter
795 985 1044 1034 mortuus
1067 975 1310 1032 creditur
1331 971 1610 1028 Christus.
1635 969 1768 1037 Qua:
1803 977 1986 1020 tamen

407 1075 640 1130 assertio
659 1086 825 1143 quam
850 1070 924 1125 sit
941 1069 1146 1134 valida,
1168 1067 1359 1138 probet
1383 1063 1476 1133 qui
1498 1062 1651 1133 legit.
1676 1060 1833 1114 Alius
1857 1073 1987 1113 vero

408 1164 501 1235 qui
555 1161 964 1234 profundiorem
1007 1163 1060 1216 in
1112 1160 1200 1215 his
1232 1157 1389 1213 "Pauli
1432 1170 1652 1212 sensum
1708 1153 1762 1207 in
1790 1152 1993 1205 virtute

411 1253 650 1323 Spiritus
681 1263 988 1319 contuetur,
1011 1253 1154 1307 dicet
1180 1251 1307 1321 quia
1336 1263 1488 1305 mors
1517 1246 1606 1301 hic
1631 1242 1765 1314 (37),
1790 1244 1855 1298 de
1885 1257 1991 1311 Qua

408 1346 610 1402 dicitur
659 1348 803 1418 quod
854 1348 1000 1403 ultra
1042 1360 1150 1402 non
1201 1342 1575 1401 dominabitur
1621 1338 1866 1403 Christo,
1903 1337 1994 1392 ille

409 1437 525 1505 ipse
559 1437 940 1509 intelligendus
978 1445 1063 1492 est
1095 1435 1429 1491 novissimus
1466 1430 1755 1496 inimicus,
1797 1428 1890 1499 qui
1925 1429 1990 1482 li-

410 1543 602 1597 gnram
647 1531 836 1585 habuit
881 1529 993 1601 (58)
1045 1530 1148 1584 ceti
1183 1528 1330 1582 illius
1364 1526 1456 1596 qui
1502 1525 1865 1580 absorbuerat
1896 1521 1994 1578 Jo-

408 1636 565 1686 nam,
602 1623 668 1677 de
694 1637 802 1692 quo
834 1623 888 1676 in
916 1621 1018 1677 Job
1049 1623 1315 1690 scriptum
1348 1629 1434 1674 est
1461 1636 1474 1672 :
1516 1635 1535 1667 ‹
1567 1615 1672 1670 Sed
1703 1614 1996 1668 maledicat

414 1711 559 1766 illam
593 1714 681 1783 qui
704 1715 981 1770 maledixit
1001 1714 1146 1769 illam
1175 1713 1342 1776 diem,
1371 1711 1461 1766 ille
1481 1710 1572 1780 qui
1597 1724 1850 1780 magnum
1877 1707 2016 1777 (39')-

412 1815 593 1859 cetum
639 1817 1019 1876 perempturus
1052 1805 1220 1862 est“.
1261 1824 1280 1857 ›
1310 1803 1366 1857 ln
1403 1818 1564 1875 quam
1601 1811 1831 1858 mortem
1875 1811 1995 1854 tan-

414 1913 576 1968 quam
599 1899 768 1956 Jonas
800 1900 910 1971 (Ml)
946 1900 997 1954 in
1030 1907 1277 1954 ventrem
1307 1898 1413 1954 ceti
1487 1895 1744 1956 Christus
1783 1893 1996 1962 ingres-

415 2005 510 2044 sus
539 2002 645 2058 est,
683 1993 736 2047 in
777 2007 900 2048 eum
929 1993 1142 2048 scilicet
1173 1991 1350 2047 locum
1382 2005 1544 2060 quem
1583 1988 1832 2044 Salvator
1885 1986 1999 2056 ipse

415 2097 514 2138 eor
545 2093 704 2138 terrae
727 2083 1026 2138 nominavit
1053 2083 1118 2146 “,
1153 2083 1206 2137 in
1232 2097 1345 2152 quo
1370 2090 1481 2136 tres
1511 2083 1623 2134 dies
1651 2089 1706 2135 et
1736 2087 1848 2132 tres
1871 2092 1968 2132 no-

420 2183 539 2228 ctes
563 2173 812 2243 exemplo
837 2170 989 2228 Jonas
1013 2172 1280 2228 facturum
1305 2171 1418 2241 (41)
1449 2183 1568 2226 esse
1596 2168 1789 2223 Filium
1820 2167 2001 2221 homi-

419 2265 505 2317 nis
563 2263 717 2327 dicit,
753 2271 812 2317 ut
868 2277 964 2318 eos
1022 2264 1115 2334 qui
1172 2263 1305 2318 inibi
1352 2277 1380 2316 a
1422 2270 1596 2316 morte
1622 2259 2005 2316 detinebantur

421 2355 711 2407 eximeret.
747 2352 1040 2421 Propterea
1086 2352 1233 2408 enim
1274 2352 1508 2407 formam
1544 2349 1688 2405 servi
1743 2362 2004 2416 suscepe-

424 2456 535 2509 rat,
561 2453 618 2497 ut
653 2446 718 2498 ad
746 2447 919 2514 ipsum
952 2444 1150 2506 locum,
1182 2443 1271 2498 ubi
1315 2458 1464 2498 mors
1501 2456 1728 2514 regnum
1763 2439 2003 2504 tenebat,

421 2546 604 2604 posset
633 2537 865 2600 intrare,
899 2538 1196 2592 secundum
1222 2538 1367 2606 quod
1395 2544 1451 2591 et
1478 2535 1751 2604 Propheta
1784 2549 1848 2587 ex
1885 2545 2008 2601 per-

424 2640 557 2680 sona
585 2625 760 2696 ipsius
797 2627 968 2684 dicit:
1014 2647 1032 2680 ι
1064 2628 1130 2682 Et
1159 2627 1448 2698 deputatus
1493 2641 1612 2681 sum
1645 2623 1884 2680 cumbis
1913 2621 2003 2690 qui

423 2715 764 2774 descendunt
795 2719 848 2773 in
888 2719 1062 2775 lacum
1093 2719 1175 2784 ²⁸;
1207 2737 1225 2770 ι
1265 2727 1322 2774 ει
1358 2718 1555 2773 iterum
1588 2732 1604 2771 :
1641 2736 1660 2768 ι
1694 2714 1828 2782 Quae
1861 2713 2008 2768 utili-

427 2815 511 2862 tas
542 2808 594 2862 in
643 2810 910 2879 sanguine
962 2825 1107 2875 meo,
1140 2810 1266 2865 dum
1301 2809 1572 2864 descendo
1618 2808 1671 2862 in
1700 2807 2006 2877 corruptio—

427 2909 554 2996 ttetn
577 2897 660 2952 “7
688 2916 707 2949 ι
739 2898 891 2966 Quod
917 2909 976 2953 ut
1011 2901 1187 2965 adhuc
1217 2899 1430 2970 planius
1468 2899 1891 2969 possitadverti,
1917 2899 2007 2953 tali

428 2990 630 3042 iterum
685 2990 1047 3046 similitudine
1082 2999 1320 3046 utemur.
1373 2991 1573 3061 Regem
1621 3005 1889 3061 ponamus
1917 2990 2006 3058 ju-

435 3091 579 3134 Stutn
611 3089 665 3135 et
696 3081 956 3147 nobilem,
999 3083 1285 3138 adversum
1337 3083 1594 3152 injustum
1645 3083 1880 3154 aliquem
1927 3093 2009 3153 ty-

430 3185 660 3224 rannum
695 3169 769 3226 ita
819 3171 1018 3226 bellum
1073 3187 1265 3240 gerere
1291 3172 1405 3243 (42)
1444 3172 1736 3239 volentem,
1772 3187 1840 3226 ne
1890 3173 2009 3228 vio—

430 3261 578 3317 lento
631 3263 880 3318 videatur
940 3273 1275 3332 cruentoque
1323 3263 1523 3318 vicisse
1565 3263 1844 3328 conﬂictu,
1880 3263 2006 3333 quia

432 3355 734 3410 militantes
764 3357 864 3411 sub
897 3365 1128 3426 tyranno
1160 3355 1243 3410 sui
1281 3364 1460 3419 erant,
1493 3371 1632 3426 quos
1682 3372 1788 3410 non
1821 3356 2017 3426 perde-

434 3463 515 3510 re,
549 3448 645 3502 sed
701 3448 936 3502 liberare
983 3449 1257 3517 cupiebat.
1299 3445 1540 3503 Consilio
1593 3448 1758 3517 igitur
1793 3448 2018 3504 meliore

435 3538 679 3594 habitum
708 3540 873 3593 sumit
899 3553 1086 3593 eorum
1113 3539 1224 3609 (45)
1247 3539 1338 3609 qui
1365 3539 1508 3608 apud
1531 3549 1817 3608 tyrannum
1836 3549 2014 3607 erant,

433 3639 490 3685 et
519 3631 700 3698 specie
724 3646 820 3700 per
843 3632 1024 3686 omnia
1046 3631 1104 3685 iit
1126 3630 1320 3687 similis
1342 3629 1622 3694 cis,donec
1651 3631 1752 3685 sub
1768 3632 2017 3686 domina-

437 3724 583 3778 tione
602 3725 808 3794 positus
832 3725 1046 3794 tyranni
1068 3739 1162 3781 eos
1183 3725 1403 3795 quidem
1429 3723 1540 3794 (44)
1564 3724 1655 3793 qui
1681 3723 1728 3777 ei
1749 3725 2018 3794 parebant

437 3818 693 3872 suaderet
719 3817 1038 3883 abscedere,
1071 3827 1126 3872 et
1149 3817 1217 3872 ad
1251 3830 1477 3888 regnum
1529 3815 1827 3884 legitimum
1861 3831 2020 3885 repe-

434 3908 592 3972 dare,
624 3911 801 3980 ipsum
846 3925 976 3965 vero
1013 3909 1208 3966 fortem
1255 3920 1505 3981 tempore
1551 3917 1862 3979 opportuno
1897 3908 2018 3961 alli-

437 4014 594 4071 garet
625 4002 763 4073 (45),
796 4010 850 4057 ει
883 4010 1183 4072 potestates
1207 4000 1326 4069 ejus
1367 4015 1430 4056 ac
1475 4000 1818 4071 principatus
1850 4013 2021 4054 exue-

437 4105 544 4163 ret,
570 4105 626 4150 et
660 4096 903 4150 avulsam
957 4095 1330 4164 captivitatem
1361 4108 1482 4163 quae
1509 4093 1578 4147 ab
1605 4107 1670 4147 eo
1712 4091 2020 4156 tenebatur,

439 4188 807 4242 abstraheret.
837 4187 948 4241 lloc
988 4201 1118 4257 ergo
1150 4187 1310 4240 modo
1344 4185 1512 4239 etiam
1554 4182 1803 4238 Christus
1833 4183 2025 4238 volun-

443 4287 552 4333 tate
612 4278 828 4347 quidem
887 4297 906 4330 ι
947 4277 1251 4332 exinanivit
1299 4296 1319 4330 ι
1367 4288 1492 4330 tunc
1544 4293 1562 4327 r
1599 4275 2018 4343 semetipsum,»

441 4382 498 4426 et
539 4390 560 4423 ι
595 4371 826 4426 fortnam
867 4372 1008 4425 servi
1037 4392 1054 4424 ι
1099 4370 1331 4439 accepit,
1388 4382 1691 4440 passusque
1738 4376 1824 4421 cst
1854 4364 2027 4419 domi-

441 4475 631 4521 natum
689 4467 927 4534 tyranni,
967 4483 985 4515 ι
1018 4465 1191 4519 factus
1248 4462 1511 4519 obediens
1563 4475 1736 4530 usque
1781 4460 1848 4512 ad
1882 4473 2027 4514 mor-

2087 599 2170 664 r_et
2195 587 2310 662 (46)
2343 598 2438 640 eos
2466 559 2929 652 qui'tenebantur
2952 584 2984 623 a
3016 575 3216 622 morte.
3243 563 3342 618 llic
3369 560 3525 614 enim
3555 559 3665 610 alli-

2087 647 2215 753 gato
2262 647 2428 741 forte,
2459 647 2514 728 et
2571 671 2628 725 in
2675 676 2840 721 cruce
2896 673 2993 717 sua
3040 655 3394 725 triumphato,
3425 647 3664 721 perrexit

2088 771 2252 828 etiam
2283 771 2334 824 in
2375 767 2594 822 domum
2624 759 2764 830 ejus,
2809 757 2862 813 in
2899 755 3116 809 domum
3169 746 3385 820 mortis,
3414 743 3472 798 in
3509 739 3664 794 infer-

2093 882 2246 930 num,
2268 873 2325 920 et
2365 861 2491 917 inde
2523 871 2650 913 vasa
2671 852 2789 922 eius
2812 847 3053 918 diripuit,
3083 844 3134 899 id
3167 850 3254 898 est
3273 839 3490 894 animas
3539 846 3665 901 quas

2092 961 2310 1017 tenebat
2336 950 2626 1011 abstraxit.
2656 948 2720 1002 Et
2764 945 2868 1000 hoc
2904 949 3023 997 erat
3057 936 3198 1006 quod
3238 933 3356 1001 ipse
3397 944 3499 1000 per
3545 924 3666 979 zmi-

2092 1059 2268 1120 gmata
2299 1044 2618 1116 loquebatur
2641 1040 2693 1094 in
2722 1033 3014 1106 Evangelio
3036 1031 3222 1085 dicens
3238 1025 3286 1058 ¹⁸
3317 1043 3334 1079 :
3363 1042 3382 1076 ι
3412 1021 3556 1089 Quis
3582 1034 3666 1086 po-

2095 1115 2199 1200 test
2227 1115 2458 1195 introire
2480 1137 2535 1190 in
2563 1136 2785 1188 domum
2815 1127 2994 1189 fortis,
3026 1132 3080 1178 et
3105 1137 3230 1177 vasa
3263 1118 3381 1189 ejus
3405 1115 3663 1182 diripere,

2095 1233 2198 1288 nisi
2224 1229 2390 1302 568
2410 1227 2559 1296 prius
2583 1219 2889 1294 alligaverit
2911 1213 3147 1270 fortem?
3171 1229 3188 1262 ι
3220 1209 3381 1263 Prius
3394 1218 3535 1273 ergo
3557 1216 3666 1254 eum

2096 1325 2338 1395 alligavit
2360 1322 2416 1376 in
2447 1332 2632 1383 cruce,
2653 1323 2708 1370 et
2741 1312 2822 1368 sic
2853 1311 3134 1380 ingressus
3167 1309 3249 1358 est
3274 1301 3500 1354 domum
3563 1296 3668 1363 eius

2097 1382 2297 1488 (4752M
2328 1409 2719 1470 estinfernum,
2739 1414 2794 1460 ct
2825 1403 2950 1457 inde
2979 1417 2998 1451 ι
3031 1395 3331 1452 ascendens
3369 1388 3489 1460 (48)
3523 1385 3581 1439 in
3610 1382 3669 1435 al-

2100 1475 2237 1573 tum,
2258 1503 2526 1574 captivam
2541 1499 2695 1556 duxit
2716 1492 3084 1566 captivitatem
3108 1487 3175 1552 ",
3197 1505 3215 1538 ι
3239 1498 3332 1539 eos
3350 1480 3571 1535 scilicet
3595 1475 3669 1544 qui

2100 1615 2226 1655 cum
2250 1598 2373 1668 ipso
2405 1597 2787 1652 surrexerunt,
2823 1597 2880 1640 et
2904 1580 3140 1654 ingressi
3171 1585 3298 1633 sunt
3326 1580 3581 1627 sanctam
3613 1567 3672 1619 ci-

2103 1663 2328 1746 vitatein
2349 1683 2657 1743 Jerusalem
2683 1680 2970 1737 ctelestem
2992 1676 3059 1728 ³ο.
3099 1672 3254 1728 Unde
3283 1675 3433 1722 recte
3458 1663 3674 1731 Aposto-

2103 1785 2185 1838 lus
2235 1782 2290 1836 in
2349 1779 2602 1850 praesenti
2628 1773 2764 1828 'loco
2795 1770 2930 1825 dicit
2957 1767 3024 1830 ³¹,
3052 1763 3179 1834 quia
3214 1779 3233 1812 ι
3269 1772 3416 1814 mors
3447 1755 3503 1810 ei
3549 1750 3672 1806 ultra

2030 1865 2071 1918 Β
2104 1890 2208 1929 non
2243 1841 2638 1928 dominabitur.
2664 1883 2683 1916 ι
2719 1862 2836 1918 Non
2875 1859 3025 1926 enim
3061 1855 3209 1909 dabit
3239 1851 3387 1906 ultra
3427 1841 3675 1910 semetip-

2105 1979 2226 2022 Snm
2259 1963 2311 2016 in
2343 1957 2771 2016 dominationem
2805 1947 3044 2024 tyranni,
3070 1957 3244 2013 neque
3272 1944 3469 1995 iterum
3505 1934 3674 1990 exina-

2107 2059 2221 2112 niet
2249 2069 2309 2109 se
2343 2063 2406 2108 ut
2439 2051 2674 2105 formam
2722 2042 2866 2100 servi
2918 2039 3172 2108 accipiat,
3209 2043 3265 2089 et
3307 2031 3404 2086 fiat
3429 2026 3677 2084 obediens

2106 2163 2280 2219 usque
2309 2147 2376 2204 ad
2406 2150 2676 2206 mortem;
2715 2151 2785 2192 ne
2815 2134 2930 2206 (49)
2959 2146 3174 2186 rursum
3212 2129 3267 2181 in
3317 2118 3495 2178 forma
3529 2116 3676 2180 servi,

2107 2241 2364 2315 quamvis
2400 2237 2683 2293 voluntate
2719 2242 2775 2286 et
2813 2244 2918 2282 non
2959 2223 3294 2280 necessitate
3328 2217 3565 2287 positus,
3598 2213 3677 2265 do-

2110 2306 2462 2389 minationem
2535 2335 2719 2380 tamen
2794 2316 3014 2391 tyranni
3076 2314 3374 2379 mortisque
3430 2306 3678 2377 patiatur.

2113 2429 2270 2486 Unde
2306 2425 2474 2480 miror
2507 2417 2770 2490 quosdam
2812 2422 3008 2470 (outra
3053 2410 3196 2465 hanc
3226 2401 3682 2462 evidentissimam

2117 2518 2264 2574 Pauli
2302 2513 2628 2572 sententiam
2649 2509 2788 2564 velle
2807 2517 3079 2567 asserere,
3105 2501 3249 2570 quod
3276 2498 3330 2552 in
3363 2493 3570 2549 futuris
3600 2493 3683 2545 ite-

2113 2629 2234 2666 rum
2269 2606 2483 2666 saaculis
2517 2603 2600 2658 vel
2634 2600 2821 2654 eadem
2851 2595 2935 2650 vel
2991 2590 3187 2648 similia
3223 2588 3332 2660 pati
3369 2597 3599 2640 necesse
3625 2581 3685 2634 sit

2114 2704 2414 2769 Christum,
2445 2706 2503 2753 ut
2527 2691 2751 2750 liberari
2780 2688 2988 2760 possint
3017 2686 3183 2738 etiam
3210 2681 3264 2734 hi
3297 2693 3437 2750 quos
3467 2677 3525 2728 in
3563 2689 3684 2744 pra:—

2119 2796 2258 2853 seuti
2290 2794 2400 2847 vita
2434 2781 2858 2859 dispensationis
2892 2779 3010 2846 ejus
3054 2773 3328 2830 medicina
3359 2783 3560 2826 sanare
3595 2780 3682 2817 non

2117 2888 2316 2961 potuit.
2365 2858 2546 2940 Aiunt‘
2587 2877 2776 2934 enim:
2833 2890 2852 2923 t
2883 2866 3143 2938 Nunquid
3199 2873 3382 2934 potest
3436 2858 3684 2915 saeculum

2114 2953 2236 3038 esse
2268 2975 2482 3045 aliquod
2508 2972 2560 3026 in
2594 2969 2774 3024 futuro
2797 2966 2887 3020 ubi
2916 2977 3091 3032 neque
3115 2958 3240 3013 boni
3269 2953 3502 3024 aliquid,
3521 2960 3682 3016 neque

2117 3072 2242 3128 mali
2277 3064 2488 3140 agatur,
2517 3064 2612 3127 sed
2641 3065 2895 3130 stupeant
2919 3069 3025 3122 res,
3050 3062 3106 3106 et
3137 3056 3395 3104 maneant
3427 3038 3682 3114 profunda

2116 3130 2370 3220 silentia"!
2402 3179 2419 3210 ι
2460 3130 2768 3212 Absurdutn
2830 3151 2933 3204 hoc
2971 3143 3143 3201 videri
3197 3147 3474 3196 asserunt.
3542 3130 3686 3187 Dabi-

2119 3273 2240 3313 mus
2275 3268 2406 3324 ergo
2463 3249 2548 3321 agi
2597 3245 2820 3316 aliquid.
2859 3261 2876 3294 ι
2903 3241 2969 3296 Ει
3001 3239 3091 3294 ubi
3125 3245 3317 3324 agatur
3343 3229 3575 3300 aliquid,
3603 3242 3684 3280 ne-

2119 3362 2272 3404 cesse
2305 3320 2408 3412 est,
2439 3320 2611 3405 aiunt,
2646 3347 2706 3393 ut
2732 3335 2935 3404 aliquid
2960 3342 3128 3395 recte,
3158 3322 3364 3397 aliquid
3404 3325 3571 3378 etiam
3597 3320 3686 3374 mi-

2121 3454 2224 3496 nus
2269 3446 2417 3492 recte
2451 3442 2668 3503 agatur,
2700 3439 2754 3482 et
2787 3427 2843 3480 in
2879 3425 2998 3494 ipso
3034 3430 3157 3474 actu
3189 3417 3280 3478 alii
3313 3413 3622 3486 proliciant,
3645 3419 3690 3461 et

2121 3532 2376 3588 meliores
2405 3502 2558 3592 fiant,
2593 3523 2683 3577 alii
2713 3518 3035 3576 deteriores.
3072 3511 3330 3568 Libertas
3373 3507 3521 3563 enim
3549 3502 3683 3557 arbi-

2123 3626 2211 3680 trii
2234 3635 2452 3690 semper
2477 3627 2684 3672 naturae
2719 3608 3034 3668 rationabili
3063 3602 3442 3677 permanebit,
3476 3608 3532 3651 et
3563 3597 3691 3648 sicut

2121 3686 2376 3790 possibile
2409 3711 2508 3764 fuit
2541 3708 2705 3762 etiam
2744 3706 2892 3759 illum
2939 3703 3030 3773 qui
3063 3714 3160 3771 pro
3193 3693 3486 3766 splendore
3517 3686 3688 3758 gloria:

2124 3786 2341 3864 Lucifer
2371 3812 2487 3858 erat
2511 3799 2648 3872 (50),
2672 3810 2726 3851 ει
2774 3805 2997 3866 propter
3041 3793 3225 3846 lumen
3260 3786 3505 3842 scientia:
3548 3793 3692 3834 mane

2125 3901 2406 3957 oriebatur
2437 3897 2505 3960 δ’,
2547 3889 2869 3946 commutari
2909 3887 2975 3942 de
3006 3884 3178 3955 gloria
3215 3895 3339 3944 sua,
3375 3886 3431 3931 et
3460 3873 3592 3930 efﬁci
3625 3882 3692 3923 te-

2128 3993 2328 4047 nebras
2352 3997 2577 4060 propter
2600 3983 2861 4038 malitiam
2885 3993 3046 4048 quam
3081 3973 3322 4041 recepit;
3353 3980 3408 4024 et
3436 3956 3581 4022 illum
3610 3960 3692 4032 qui

2129 4085 2231 4138 fuit
2259 4059 2647 4137 immaculatus
2680 4093 2708 4146 a
2745 4073 3028 4128 nativitate
3058 4085 3180 4133 sua,
3207 4075 3261 4121 et
3286 4059 3552 4132 habitavit
3579 4071 3692 4111 cum

2127 4174 2436 4237 cherubim,
2463 4181 2519 4226 et
2549 4171 2601 4226 iu
2630 4167 2808 4224 medio
2832 4165 3068 4234 lapidum
3098 4161 3384 4230 igneorum
3417 4163 3696 4208 conversa-

2131 4279 2218 4322 tus
2244 4277 2352 4330 est,
2384 4273 2440 4320 et
2460 4262 2684 4317 indutus
2708 4269 2791 4313 est
2819 4269 2981 4312 omne
3007 4259 3395 4309 ornamentum
3421 4246 3693 4299 virtutum,

2131 4376 2232 4416 nec
2260 4359 2365 4414 fuit
2386 4356 2492 4412 ulla
2527 4355 2578 4409 in
2615 4351 2869 4424 paradiso
2902 4347 2996 4401 Dei
3023 4345 3188 4400 arbor
3223 4343 3483 4396 virtutum
3511 4351 3628 4403 qua:
3651 4331 3696 4385 ei

2131 4450 2440 4521 comparari
2466 4457 2668 4518 posset,
2695 4453 2820 4516 post
2845 4443 2960 4496 haec
2985 4439 3217 4493 iuventte
3240 4442 3370 4488 sunt
3397 4427 3698 4499 iniquitates

446 4570 554 4614 tein
579 4559 660 4612 ’τε
703 4577 721 4610 ι
757 4574 853 4629 per
889 4574 1048 4628 quam
1087 4565 1315 4614 mortem
1340 4556 1612 4613 destruxit
1643 4569 1764 4610 eum
1795 4553 1889 4624 qui
1926 4553 2022 4607 ba-
2057 4564 2101 4619 ι)
2135 4549 2186 4604 iu
2225 4561 2310 4612 eo,
2344 4553 2398 4598 et
2439 4516 2506 4596 de
2545 4538 2684 4594 ctelo
2735 4537 2787 4590 iu
2841 4543 3042 4589 terram
3095 4526 3370 4599 proiectus
3408 4532 3490 4578 est
3515 4519 3598 4573 u:
3629 4516 3696 4569 ita

551 4699 594 4730 ²¹
629 4696 648 4751 1
680 4697 927 4762 Cor._xv,
967 4695 1058 4749 26.

445 4769 532 4825 10.
604 4771 652 4808 «³⁷
684 4760 960 4836 Philith,
982 4767 1033 4818 7.
1109 4765 1154 4798 ³⁸
1185 4764 1375 4836 Matth.
1409 4781 1506 4836 itu,
1529 4764 1621 4820 ‘29.
1699 4766 1744 4796 ²⁹
1776 4765 1970 4835 Ephes.
2005 4780 2013 4818 l

446 4856 558 4905 xw,
595 4841 676 4895 12.
753 4840 797 4871 ³³
821 4834 1021 4893 Ezech.
1047 4849 1240 4897 xxvut,
1277 4834 1464 4890 14-17.

449 4931 631 5056 MSS)
654 4929 839 5053 ’Editi,
877 4948 896 4982 ι
921 4941 975 4985 et
1017 4932 1132 4985 lucc
1161 4941 1315 4997 ergo.
1345 4944 1363 4977 ι
1412 4925 1636 4994 Deinde,
1685 4945 1705 4978 ι
1731 4926 2022 4982 confirma-

521 5072 636 5143 (57)
677 5074 847 5140 Alias,
883 5090 902 5124 ι
927 5070 1194 5132 continet,
1233 5069 1364 5125 dicit
1398 5068 1720 5143 quia__mors
1772 5068 1909 5143 haec,
1961 5066 2027 5120 de

447 5139 807 5268 $213,353.;
836 5139 955 5209 al.,
995 5160 1014 5194 ι
1042 5150 1355 5206 contuetur,
1403 5139 1655 5209 intelligit
1703 5139 1846 5208 quod
1881 5151 2028 5192 mors

475 5235 486 5266 |
527 5228 563 5278 ‘,
735 5253 748 5266 .

523 5279 636 5420 (58)
678 5283 840 5348 Editi,
878 5302 896 5335 ι
930 5283 1216 5339 habuerat.
1243 5300 1262 5334 ι

547 5351 638 5419 59)
677 5352 839 5417 Editi,
873 5371 890 5403 ι
923 5355 1016 5406 sed
1045 5353 1262 5408 maledit

497 5349 839 5434 .(biilnEditi,
873 5371 890 5403 ι
923 5355 1016 5406 sed
1045 5353 1378 5434 maledicam
1399 5351 1547 5406 illam
1576 5350 1665 5421 qui
1697 5349 2029 5406 maledicunt

455 5423 563 5477 diei
597 5423 672 5476 illi
701 5425 792 5489 qui
823 5439 1100 5490 maguum,
1123 5443 1142 5476 ι
1176 5433 1284 5479 etc.

683 5491 873 5547 Jonas.
908 5494 1064 5549 Deest
1099 5496 1151 5548 in
1183 5492 1512 5548 editi‘onibus
1536 5490 1748 5546 llierlini
1774 5500 1827 5545 et
1854 5491 2030 5546 Gene-

528 5631 641 5703 (Η)
683 5631 775 5703 Sic
818 5647 1007 5690 omnes
1041 5648 1175 5689 mss.
1229 5634 1420 5690 nostri.
1459 5632 1599 5687 Editi
1650 5645 1800 5697 vero,
1830 5645 1849 5681 ι
1883 5627 2028 5683 futu-

461 5702 614 5768 rutn;
643 5723 663 5758 ι
702 5702 978 5766 liabanus,
1014 5723 1033 5756 ι
1057 5720 1387 5759 mansurum.
1413 5723 1431 5755 ι

532 5773 645 5843 (43)
687 5773 850 5837 Editi,
888 5793 907 5824 ι
932 5774 1128 5829 bellum
1162 5785 1458 5844 gerentem.
1485 5791 1503 5824 ι

434 5855 480 5917 '_
534 5841 647 5917 (45)
686 5844 851 5908 Editi,
888 5863 906 5896 ι
933 5845 1117 5917 habito
1140 5841 1308 5917 sumit
1338 5859 1452 5897 eos.
1487 5861 1505 5917 ξ
1537 5841 1737 5896 Deinde
1762 5857 1864 5896 ms.
1895 5853 2034 5917 unus

464 5909 670 5985 Regius
719 5931 868 5970 nqu.
923 5915 1079 5978 1040,
1138 5915 1322 5973 habet.
1373 5913 1506 5972 ι(ιυί
1550 5929 1580 5966 a
1615 5923 1769 5970 uarte
1817 5909 2037 5968 tvranni

1165 4696 1210 4726 “
1239 4694 1394 4752 Rom.
1428 4711 1504 4758 vt,
1535 4693 1588 4749 9.
1667 4695 1713 4726 ²³
1737 4693 1838 4750 Job
1895 4709 1975 4754 Ill,
2008 4697 2013 4743 ε

2176 4699 2183 4717 ⁵
2212 4682 2400 4758 Matth.
2425 4695 2526 4758 x_tt,
2558 4677 2648 4732 40.
2725 4672 2943 4758 ipsa}.
2976 4683 3148 4758 xxvii,
3178 4667 3232 4722 i.

3311 4664 3359 4695 “
3388 4659 3520 4716 Psal.
3550 4673 3695 4717 uix,

2243 4730 2701 4815 ii'iiiiuiil’xivu,
2726 4745 2813 4813 52,
2840 4743 2930 4798 55.
3007 4742 3050 4772 ³⁸
3088 4741 3246 4796 ltont.
3273 4751 3348 4800 Vl.
3380 4735 3434 4789 9ο
3501 4731 3540 4762 ³’
3577 4730 3695 4783 ‘5'“-

2125 4926 2314 5056 θᾟὶ.)
2343 4931 2526 5056 Ἀιίιις,
2553 4996 2580 5056 Δι
2612 4978 2797 5056 donec
2817 4973 2916 5027 sub
2945 4969 3320 5056 dominatione
3351 4962 3556 5056 tquni
3602 4977 3696 5029 po-

2130 5035 2398 5116 sitiis,'eis
2436 5035 2716 5119 quidem,»
2751 5055 2892 5119 etc.;
2929 5042 3026 5103 al.,
3049 5041 3282 5119 _r_donec
3328 5035 3700 5119 subndomma-

2321 5103 2526 5192 positos
2548 5103 2810 5192 tyranni,
2843 5103 2940 5168 eos
2967 5111 3247 5192 quidem,»
3290 5117 3398 5161 etc.
3432 5103 3699 5184 flabatius.

2141 5175 2492 5250 idonei-sub
2528 5175 2899 5243 dominatione
2931 5175 3092 5253 positi
3117 5181 3242 5250 ejus
3274 5175 3500 5248 tyranni,
3518 5181 3581 5234 et
3611 5187 3700 5225 eos

2134 5268 2566 5337 qttiiletttLt__e_tc.

2207 5334 2320 5406 (45)
2358 5332 2528 5406 βιιίιὶ,
2567 5329 2856 5406 «alligare.
2880 5343 2899 5376 ι

2209 5386 2318 5477 (ξύ)
2356 5386 2485 5477 Mss.
2515 5386 2739 5477 quidam
2772 5393 3016 5477 etpediti,‘
3043 5410 3062 5444 ι
3086 5386 3438 5477 ει.1ξι)ει;ειι·ἱι³
3465 5400 3482 5434 ι
3518 5392 3632 5477 ειεὲ

2526 5452 2774 5548 plerique
2803 5475 2858 5520 et
2889 5463 3020 5548 editi
3052 5461 3316 5548 otttitrtunt
3347 5475 3365 5508 t
3387 5454 3511 5548 ejus:
3540 5470 3560 5504 I
3581 5452 3699 5548 .Ms.

2140 5522 2320 5612 unius,’
2339 5565 2356 5597 ι
2389 5553 2443 5598 ει
2465 5522 2544 5596 sic
2577 5522 2858 5608 ingressus
2883 5533 3092 5591 domuit
3115 5531 3471 5594 inferuum,et
3497 5522 3650 5586 inde,
3676 5542 3695 5574 ι

2137 5630 2245 5675 ειε.

2214 5687 2327 5758 (48)
2370 5683 2537 5758 Edili,
2578 5700 2596 5732 ι
2635 5678 2898 5758 ascendit.
2937 5694 2956 5728 ι

2371 5737 2463 5808 Sic
2514 5737 2644 5807 mss.
2679 5749 2924 5818 plerique
2961 5754 3015 5799 et
3059 5741 3334 5802 Rabanus.
3362 5737 3490 5794 Editi
3541 5749 3696 5796 vero.

2148 5849 2166 5882 ι
2199 5841 2392 5895 neque.
2420 5843 2438 5876 ι

2219 5884 2330 5961 (50)
2377 5896 2532 5952 Erat.
2570 5893 2625 5950 ln
2655 5889 2814 5949 editis
2842 5884 3138 5945 omittitur.
