3766 6534
153 377 296 438 1055

1114 391 1465 451 COMMENT.
1508 395 1580 450 lN
1613 396 1830 455 EPIST.
1872 401 1963 456 AD
2001 402 2167 460 ROM.
2207 405 2337 463 LIB.
2375 407 2441 464 ν.

3269 415 3407 474 1054

151 507 336 599 potest
374 495 494 553 fieri
537 506 596 552 ut
643 498 720 599 in-
743 513 1069 599 quocunque
1091 515 1235 564 statu
1267 509 1429 567 fuerit
1453 513 1652 579 anima,
1683 522 1738 571 et
1764 521 1811 578 Α
1840 521 1964 591 quia
1991 538 2165 593 neque
2198 525 2331 594 vita,
2369 539 2547 596 neque
2574 539 2741 593 mors,
2775 542 2950 598 neque
2971 532 3282 599 praesentia.
3307 550 3404 590 ne-

151 587 210 643 in
236 603 564 660 quacunque
595 590 931 660 perfectione
951 595 1243 666 virtutum,
1277 604 1533 672 quoniam
1563 606 1735 663 virtus

151 680 436 736 mutabilis
463 690 568 748 est,
603 680 812 752 lapsum
843 686 1022 754 possit
1070 689 1376 758 incurrere,
1424 704 1484 749 ut
1524 696 1669 752 sicut
1701 713 1731 752 a

149 773 302 827 vitiis
349 773 416 827 ad
457 774 737 840 virtutem,
771 775 846 830 ita
887 787 941 832 et
964 793 993 832 a
1017 781 1308 838 virtutibus
1339 784 1633 844 inclinetur
1662 790 1730 844 ad

151 863 314 917 vitia.
347 863 502 930 Quod
537 866 583 920 si
618 879 726 932 eat,
758 883 1103 939 consequens
1149 875 1422 933 videbitur
1452 881 1734 950 requirere

145 955 424 1009 medicum
453 957 544 1011 ubi
581 957 803 1030 languor
826 970 929 1028 est,
961 965 1120 1032 quia,
1141 970 1438 1023 secundum
1480 971 1728 1028 Salvato-

147 1045 227 1098 ris
259 1046 434 1113 ipsius
465 1063 678 1116 vocem,
710 1066 881 1122 ιορυε
909 1062 989 1107 est
1014 1057 1220 1111 medico
1249 1060 1332 1114 his
1359 1062 1605 1130 quimale
1633 1064 1730 1119 ha-

148 1137 426 1194 rbent'm
475 1137 601 1195 Haec
659 1156 788 1212 ergo
829 1153 885 1198 et
945 1147 1030 1200 his
1086 1149 1287 1202 similia
1339 1165 1724 1224 preponentes,

143 1229 365 1282 easdem
392 1230 557 1284 etiam
603 1232 656 1286 in
706 1233 906 1291 futuris
955 1239 1175 1294 sreculis
1215 1240 1648 1310 dispensationes
1694 1264 1726 1302 a

143 1313 368 1372 Christo
422 1323 750 1389 repetendas
795 1339 917 1380 esse
963 1327 1321 1384 arbitrantur.
1357 1331 1462 1388 Sed
1496 1335 1562 1389 ad
1610 1335 1726 1394 hinc

143 1418 249 1460 nos
287 1406 530 1463 breviter
562 1422 723 1480 prout
764 1429 1053 1483 possumus
1093 1423 1570 1490 respondebimus.
1607 1425 1723 1481 Ma-

142 1511 282 1552 nere
313 1500 531 1568 quidem
557 1511 766 1558 naturae
797 1507 1108 1564 rationabili
1136 1526 1352 1581 semper
1375 1513 1606 1571 liberum
1630 1532 1723 1572 ar-

144 1587 375 1644 bitrium
408 1606 512 1647 non
547 1607 841 1663 negamus;
879 1599 974 1653 sed
1015 1610 1216 1656 tantam
1250 1619 1371 1660 esse
1405 1606 1514 1661 vim
1545 1611 1724 1667 crucis

141 1676 372 1747 Christi,
404 1691 460 1735 et
487 1684 681 1738 mortis
719 1686 901 1756 hujus,
937 1704 1100 1758 quam
1148 1693 1202 1747 in
1243 1696 1565 1751 saeculorum
1616 1700 1750 1764 fine,

142 1773 414 1842 suscepit,
437 1775 758 1842 asserimus,
780 1793 900 1847 qum
925 1783 991 1834 ad
1015 1783 1306 1839 sanitatem
1334 1797 1390 1843 et
1421 1792 1719 1848 remedium

143 1877 255 1916 non
283 1865 459 1918 solum
487 1867 772 1932 praesentis
805 1876 860 1923 et
901 1868 1096 1938 futuri,
1143 1875 1238 1928 sed
1275 1876 1440 1932 etiam
1475 1883 1720 1950 praeteri—
1754 1853 1798 1914 Β

143 1962 326 2008 torum
356 1955 700 2024 saeculorum,
736 1969 791 2014 et
822 1975 928 2014 non
975 1962 1150 2018 solum
1195 1966 1433 2023 humano
1469 1971 1593 2026 huic
1621 1987 1722 2028 no-

141 2057 264 2104 stro
292 2049 497 2117 ordini,
531 2051 628 2107 sed
664 2053 830 2107 etiam
853 2055 1171 2113 coelestibus
1199 2061 1492 2118 virtutibus
1512 2067 1722 2120 ordini-

140 2143 358 2209 busque
413 2141 665 2198 sufﬁciat.
727 2143 1040 2202 Secundum
1096 2153 1427 2208 sententiam
1488 2171 1724 2228 namque

140 2233 316 2304 ipsius
349 2231 498 2286 Pauli
533 2235 1048 2303 apostoli.Christus
1075 2241 1382 2308 pacificavit
1421 2263 1448 2296 ιτ
1473 2260 1572 2314 per
1601 2262 1724 2303 san-

140 2322 363 2392 guinem
384 2324 570 2379 crucis
592 2339 703 2379 sua:
725 2344 744 2377 ι
773 2341 878 2380 non
906 2327 1082 2382 solum
1111 2349 1130 2381 ι
1154 2344 1274 2400 quae
1300 2332 1513 2388 interra
1535 2347 1717 2401 sunt,»

139 2415 235 2470 sed
272 2423 328 2469 et
364 2432 384 2467 ι
411 2429 533 2486 qua:
558 2417 610 2471 in
656 2418 816 2473 caelis
837 2419 905 2474 ³⁸.
933 2439 951 2472 ι
992 2419 1131 2486 Quid
1171 2432 1350 2478 autem
1390 2426 1461 2481 sit
1491 2430 1635 2497 quod
1667 2430 1721 2484 in

141 2505 348 2562 futuris
394 2508 608 2563 szecnlis
661 2520 842 2564 teneat
892 2512 1103 2567 arbitrii
1142 2515 1474 2584 libertatem,
1503 2535 1568 2573 ne
1607 2521 1721 2592 (5l)

140 2611 362 2653 rursum
399 2609 621 2654 corruat
678 2601 731 2654 in
784 2615 1091 2668 peccatum,
1141 2605 1286 2659 brevi
1331 2623 1429 2662 nos
1466 2624 1722 2664 sermone

137 2689 434 2759 Apostolus
485 2691 661 2757 docet,
693 2692 923 2748 dicens:
963 2711 981 2746 ι
1015 2693 1268 2750 Charitas
1320 2713 1598 2768 nunquam
1629 2716 1724 2756 ca-

138 2781 218 2835 dit
244 2780 314 2834 ³⁶.
345 2800 363 2835 ι
397 2780 606 2837 Idcirco
649 2784 795 2838 enim
823 2797 879 2840 et
913 2785 1019 2840 fide
1052 2795 1106 2840 et
1145 2803 1240 2857 spe
1282 2789 1456 2858 major
1484 2793 1724 2848 charitas

139 2873 348 2926 dicitur
379 2874 592 2943 ",quia
614 2876 729 2930 sola
758 2877 862 2931 erit
891 2892 988 2946 per
1009 2893 1167 2946 quam
1195 2880 1430 2950 delinqui
1459 2883 1596 2938 ultra
1617 2901 1721 2940 non

139 2966 362 3034 poterit.
401 2966 458 3020 Si
500 2967 643 3022 enim
691 2968 742 3022 in
785 2969 836 3022 id
870 2971 1052 3024 anima
1084 2972 1433 3040 perfectionis
1465 2979 1725 3031 ascende.

140 3058 234 3120 rit,
266 3067 326 3111 ut
357 3072 423 3113 ex
461 3067 574 3114 toto
613 3060 778 3115 corde
817 3076 937 3125 suo,
973 3070 1027 3115 et
1052 3078 1119 3117 ex
1161 3073 1270 3119 tota
1301 3066 1482 3120 anima
1520 3082 1639 3134 sua,
1672 3077 1725 3122 et

1835 629 1945 684 que
1966 614 2168 684 futura,
2194 633 2370 687 neque
2391 617 2595 688 angeli,
2611 634 2788 689 neque
2812 621 3062 687 virtutes,
3079 638 3255 693 neque
3278 626 3404 681 alti-

1837 701 1989 767 tudo,
2021 719 2194 774 neque
2216 705 2565 776 profundum,
2597 721 2772 776 neque
2794 718 3046 764 creatura
3071 711 3176 766 alia
3202 716 3405 781 poterit

1836 807 1934 846 nos
1983 807 2239 861 separare
2286 809 2322 850 a
2365 795 2635 851 charitate
2666 797 2782 862 Dei,
2815 814 2935 867 quae
2966 809 3049 854 est
3095 801 3148 855 in
3181 802 3405 860 Christo

1831 883 1955 940 Jesu
2008 885 2240 942 Domino
2280 898 2469 946 nostro
2490 890 2559 946 η.
2584 910 2603 944 ι
2646 891 2724 947 Ex
2756 891 2952 962 quibus
3001 894 3256 950 omnibus
3285 897 3403 952 evi-

1831 974 2027 1031 denter
2072 978 2402 1045 ostenditur,
2456 979 2582 1049 quia
2640 980 2684 1035 si
2732 981 2848 1037 hzec
2884 983 3065 1037 omnia
3106 999 3228 1054 quae
3273 1001 3405 1040 enu-

1831 1067 2062 1120 mcravit
2115 1067 2430 1138 Apostolus,
2479 1085 2737 1137 separare
2797 1087 2896 1128 nos
2949 1089 3057 1128 non
3109 1085 3336 1142 possunt
3373 1091 3404 1129 a

1839 1158 2128 1215 charitate.
2172 1160 2291 1226 Dei,
2329 1176 2454 1216 cum
2494 1162 2549 1216 in
2608 1163 2739 1218 illud
2795 1165 2917 1235 quis
2970 1166 3186 1222 culmen
3225 1167 3406 1237 perfe-

1834 1251 2034 1308 ctionis
2117 1254 2469 1320 ascenderit,
2530 1255 2696 1312 multo
2764 1258 3196 1327 magislibertas
3258 1259 3406 1313 arbi-

1829 1341 1919 1396 trii
1983 1357 2082 1397 nos
2135 1343 2204 1399 ab
2259 1342 2376 1413 ejus
2438 1345 2709 1404 charitate
2761 1364 3020 1420 separare
3063 1365 3170 1406 non
3233 1349 3401 1421 569

1826 1434 2043 1503 poterit.
2101 1435 2363 1502 Quamvis
2414 1438 2557 1493 enim
2608 1439 2681 1495 sit
2727 1437 2888 1494 etiam
2946 1437 3050 1494 ista
3102 1437 3237 1508 (Μ’)
3294 1439 3406 1490 vir-

1826 1529 1952 1588 tus,
1986 1531 2286 1577 etmaneat
2323 1522 2376 1576 in
2426 1533 2650 1591 natura,
2702 1534 2879 1580 tamen
2919 1534 3067 1581 tanta
3117 1526 3402 1582 charitatis

1828 1611 1907 1665 vis
1936 1621 2053 1678 est,
2088 1623 2146 1667 ιιι
2182 1614 2247 1666 ad
2290 1628 2350 1668 se
2377 1615 2561 1669 omnia
2611 1615 2822 1682 trahat,
2850 1631 3144 1685 omnesque
3184 1617 3286 1672 sibi
3314 1631 3404 1670 so-

1823 1705 2303 1775 cietvindicetque
2329 1706 2592 1773 virtutes,
2646 1707 2882 1762 maxime
2937 1723 3059 1762 cum
3114 1709 3402 1764 charitatis

1825 1813 2018 1854 causas
2048 1798 2200 1868 prior
2237 1799 2395 1853 nobis
2430 1799 2640 1855 dederit
2667 1799 2833 1866 Deus,
2880 1817 2900 1850 ι
2938 1800 3026 1868 qui
3061 1800 3217 1853 unico
3261 1799 3402 1854 Fdio

1824 1907 1925 1947 suo
1956 1905 2063 1945 non
2090 1891 2349 1961 pepercit,
2376 1892 2470 1945 sed
2499 1907 2596 1961 pro
2620 1891 2774 1945 nobis
2801 1890 3055 1946 omnibus
3085 1893 3305 1946 tradidit
3335 1892 3400 1945 il-

1822 1983 1933 2037 lum
1954 1991 2050 2048 t,et
2069 2001 2089 2035 ι
2109 1981 2340 2038 cumillo
2357 1982 2512 2038 nobis
2533 1983 2714 2038 omnia
2731 1984 2952 2039 donavit
2978 1983 3044 2037 “.
3080 2002 3100 2036 ι
3140 1982 3290 2038 Unde
3315 1982 3399 2037 vel

1822 2076 1910 2132 ille
1941 2076 2030 2146 qui
2065 2075 2282 2130 Lucifer
2305 2074 2427 2139 fuit,
2453 2084 2508 2128 et
2535 2076 2585 2129 in
2616 2076 2756 2130 coelo
2785 2077 3062 2132 oriebatur
3084 2075 3195 2147 (55)
3220 2075 3287 2140 ⁸⁸,
3316 2074 3400 2128 vel

1822 2169 1912 2239 ille
1936 2170 2026 2240 qui
2063 2166 2438 2224 immaculatus
2460 2176 2580 2222 erat
2611 2183 2640 2220 a
2669 2168 2950 2222 nativitate
2971 2182 3068 2223 sua
3097 2166 3163 2232 “,
3197 2175 3249 2222 et
3274 2180 3398 2220 cum

1823 2260 2105 2317 cherubim
2146 2259 2356 2327 positus
2385 2257 2494 2312 labi
2525 2259 2703 2326 putuit
2743 2267 3032 2327 antequam
3074 2271 3204 2325 erga
3242 2257 3406 2311 bene-

1825 2345 1945 2402 ficia
1979 2346 2107 2402 Filii
2136 2347 2230 2402 Dei
2261 2348 2548 2404 charitatis
2593 2348 2826 2403 vinculis
2879 2347 3272 2416 stringeretur,
3302 2361 3402 2416 po-

1825 2448 1939 2495 stea
1970 2455 2099 2496 vero
2127 2456 2288 2512 quam
2321 2442 2562 2498 charitas
2613 2442 2704 2496 Dei
2760 2439 2986 2496 diﬂ'undi
3041 2440 3096 2495 in
3144 2439 3402 2494 cordibus

1823 2541 2064 2595 omnium
2091 2539 2319 2608 coeperit
2365 2553 2464 2607 per
2509 2537 2769 2606 Spiritum
2811 2546 3058 2591 sanctum
3085 2535 3149 2601 ⁸⁷,
3187 2545 3398 2590 certum

1823 2633 1926 2686 erit
1950 2628 2076 2684 illud
2098 2628 2244 2698 quod
2274 2627 2650 2698 pronuntiavit
2690 2627 3015 2695 Apostolus,
3049 2625 3174 2693 quia
3208 2642 3228 2675 ι
3271 2625 3402 2678 cha-

1827 2723 1959 2777 ritas
2034 2733 2307 2790 nunquam
2367 2719 2525 2774 cadet
2554 2718 2620 2770 ‘3.
2675 2737 2694 2770 ι
2743 2718 2866 2772 llaec
2908 2726 3068 2786 prout
3124 2715 3401 2784 potuimus

1824 2814 1890 2868 ad
1919 2827 1980 2867 ea
2017 2827 2138 2882 qua:
2163 2812 2266 2865 hoc
2294 2809 2411 2864 loco
2443 2819 2713 2864 commota
2746 2808 2858 2878 (56)
2895 2815 3019 2861 sunt
3048 2805 3302 2866 diximus,
3342 2811 3401 2856 ut

1825 2907 2170 2964 manifestius
2225 2905 2555 2960 claresceret
2601 2904 2870 2972 quomodo
2917 2899 3086 2956 semel
3150 2898 3398 2954 Christus

1826 3010 2067 3056 mortuus
2094 3008 2178 3054 est
2208 3008 2448 3067 peccato,
2485 3007 2542 3052 et
2572 2996 2840 3063 nltrajam
2884 3009 2988 3048 non
3035 2993 3297 3056 moritur;
3344 2997 3401 3044 et

1827 3093 1954 3162 quia
2004 3092 2146 3159 quod
2181 3089 2352 3152 vivit,
2383 3088 2520 3141 vivit
2549 3088 2680 3144 Deo.
2721 3087 2913 3140 Vivere
2961 3094 3140 3138 autem
3189 3083 3396 3136 Deoita

139 3160 203 3252 ex
249 3149 378 3252 totis
421 3150 634 3206 viribus
687 3151 802 3252 suis
859 3153 1272 3252 diligat-Deum,
1317 3168 1372 3212 et
1409 3161 1716 3228 proximum
1747 3197 1788 3252 Ο
1829 3149 2239 3252 i'nwmg'endum
2269 3149 2388 3248 est,
2429 3179 2585 3250 quasi
2641 3180 2857 3246 expleto
2899 3191 2966 3232 eo
2997 3175 3112 3246 (57)
3151 3173 3295 3243 quod
3344 3173 3399 3226 in

138 3251 300 3291 suum
333 3247 590 3308 tamquam
622 3241 862 3308 seipsam
894 3244 964 3309 ³⁸,
993 3245 1083 3299 ubi
1128 3248 1234 3301 erit
1274 3252 1483 3317 peccati
1531 3252 1719 3308 locus?

139 3332 354 3389 ideirco
385 3335 622 3405 denique
653 3345 715 3392 et
749 3337 801 3392 in
831 3337 952 3408 lege
975 3340 1078 3394 hoe
1103 3342 1300 3397 dicitur
1329 3343 1563 3412 primum
1598 3361 1720 3403 esse

140 3428 482 3496 mandatum,
513 3437 569 3483 et
615 3429 669 3483 in
730 3428 1040 3500 Evangeliis
1093 3447 1256 3503 supra
1288 3446 1484 3493 caetera
1534 3441 1717 3493 omnia

142 3517 204 3571 de
230 3518 496 3572 charitate
527 3521 848 3586 mandatur;
883 3532 935 3575 et
962 3523 1124 3580 Petro
1152 3541 1272 3580 cum
1299 3543 1511 3582 summa
1538 3546 1717 3584 rerum

141 3607 206 3661 de
238 3611 530 3676 pascendis
554 3611 748 3666 ovibus
775 3615 1099 3681 traderetur,
1128 3627 1182 3670 et
1225 3621 1579 3690 superipsum
1609 3621 1720 3674 vel-

144 3708 207 3753 ut
254 3716 420 3769 super
449 3712 651 3757 terram
696 3703 1016 3760 fundaretur
1052 3708 1316 3777 Ecclesia,
1353 3712 1553 3767 nullius
1582 3713 1716 3765 alte-

143 3791 257 3846 rius
304 3792 376 3847 ab
417 3807 484 3847 eo
523 3794 743 3849 virtutis
793 3794 1092 3862 confessio,
1140 3798 1242 3853 nisi
1291 3800 1578 3858 eharitatis
1603 3801 1716 3874 (52)

143 3889 379 3958 exigitur
400 3889 482 3955 κς
517 3901 574 3944 et
597 3888 836 3947 Joannes
861 3907 982 3947 cum
1010 3895 1175 3950 multa
1205 3897 1272 3952 de
1294 3899 1584 3968 charitate,
1606 3910 1716 3956 tum

144 3980 306 4032 etiam
342 3980 446 4033 hoc
476 3981 629 4048 dicit,
655 3983 782 4051 quia
825 3999 846 4034 ε
884 3986 974 4054 qui
1022 3997 1206 4056 manet
1245 3989 1297 4042 in
1342 3979 1716 4057 charitatefin

147 4066 253 4121 Deo
304 4069 572 4124 manet“.
596 4089 614 4122 ι
669 4069 736 4124 Ει
774 4071 896 4127 ideo
938 4077 1133 4130 merito
1164 4078 1403 4133 charitas
1450 4097 1572 4151 quze
1601 4085 1718 4140 sola

143 4162 385 4215 omnium
420 4161 593 4231 major
612 4172 720 4230 est,
760 4178 978 4220 omnem
1011 4178 1320 4226 creaturam
1364 4176 1664 4230 continebit
1690 4193 1719 4233 a

147 4251 318 4321 lapsu.
351 4253 506 4310 Tunc
553 4255 660 4310 erit
699 4253 842 4312 Deus
897 4257 1012 4329 (53)
1043 4263 1222 4316 omnia
1271 4263 1324 4318 in
1377 4268 1629 4322 omnibus
1653 4268 1717 4324 “.

145 4344 224 4398 Ad
254 4348 400 4401 hune
449 4363 682 4418 namque
732 4350 1088 4419 perfectionis
1133 4355 1360 4424 gradum
1395 4362 1721 4416 ascenderat

146 4439 423 4506 apostolus
453 4438 675 4508 Paulus,
707 4451 762 4496 et
807 4443 858 4497 in
891 4443 994 4499 hoc
1045 4453 1194 4500 stans
1230 4449 1571 4506 confidenter
1605 4453 1720 4526 (54)

1823 3277 1993 3331 forma
2019 3274 2112 3329 Dei
2137 3273 2343 3344 positus
2364 3271 2663 3328 exinanivit
2687 3271 3060 3339 semetipsum,
3087 3276 3142 3321 et
3165 3266 3397 3319 formam

1822 3367 1962 3421 servi
1999 3365 2232 3434 accepit,
2270 3373 2324 3419 et
2351 3364 2524 3418 factus
2553 3371 2636 3416 est
2665 3360 2921 3416 obediens
2956 3371 3125 3425 usque
3149 3355 3216 3409 ad
3247 3369 3396 3407 mor-

1824 3468 1930 3513 tem
1965 3457 2038 3516 δ’,
2091 3469 2308 3510 rursum
2355 3460 2672 3522 permaneat
2720 3452 2772 3504 in
2829 3450 3002 3504 forma
3059 3448 3192 3510 Dei,
3238 3456 3400 3513 atque

1821 3545 2045 3616 :rqualis
2097 3544 2266 3598 Patri.
2321 3542 2472 3598 Unde
2504 3549 2558 3596 et
2603 3541 2798 3594 merito
2841 3539 2893 3593 in
2942 3535 3401 3605 consequentibus

1821 3639 1973 3708 ponit
2023 3637 2134 3708 (58)
2181 3655 2195 3691 :
2253 3655 2271 3687 ι
2302 3635 2379 3689 lta
2411 3643 2466 3688 et
2505 3648 2601 3688 vos
2651 3631 2965 3686 existimate
3016 3643 3112 3683 vos
3157 3636 3400 3682 mortuos

1821 3731 2038 3801 quidem
2065 3743 2186 3782 esse
2217 3735 2464 3797 peccato,
2486 3725 2731 3779 viventes
2757 3733 2937 3778 autem
2969 3722 3078 3774 Deo
3107 3719 3158 3772 in
3180 3718 3399 3773 Christe

1820 3821 1945 3877 Jesu
1993 3819 2219 3874 Domino
2245 3827 2431 3871 nostro
2457 3814 2608 3880 ⁸⁰·⁸¹;
2647 3832 2666 3866 ι
2710 3828 2818 3882 quo
2863 3807 3400 3866 scilicetimitatione

1819 3911 2021 3968 Christi
2054 3917 2278 3980 peccato
2313 3907 2612 3962 moriamur
2663 3903 2828 3958 alieni
2870 3902 2939 3960 ab
2985 3915 3052 3956 eo
3098 3898 3316 3962 effecti,
3342 3905 3400 3954 et

1823 4005 1931 4059 Deo
1959 4003 2204 4057 vivamus
2230 3999 2518 4070 iungentes
2561 4011 2660 4051 nos
2689 3996 2772 4058 ei,
2829 4002 2880 4049 et
2931 4008 3070 4046 unus
3099 4006 3221 4046 cum
3279 3990 3399 4060 ipso

1821 4097 2050 4168 spiritus
2073 4096 2200 4149 facti
2229 4093 2362 4161 (59).
2394 4090 2508 4146 Non
2532 4091 2654 4144 sine
2680 4101 2843 4143 causa
2866 4094 3046 4140 autem
3074 4083 3178 4137 hoc
3213 4081 3350 4135 dixit
3381 4097 3394 4133 :

1828 4206 1846 4239 ι
1885 4187 2202 4242 Existimate
2235 4201 2326 4240 vos
2379 4192 2622 4239 mortuos
2681 4195 2805 4236 esse
2861 4187 3120 4249 peccato;
3180 4193 3200 4226 ι
3255 4171 3398 4240 quod

1824 4285 2019 4340 melius
2050 4283 2265 4350 quidem
2307 4281 2358 4334 in
2405 4277 2594 4333 Cra-co
2639 4273 2870 4330 habetur
2911 4285 2925 4322 :
2977 4287 2995 4320 ι
3028 4267 3278 4336 Cogitate
3306 4277 3399 4316 vos

1824 4385 2071 4432 mortuos
2129 4387 2248 4428 esse
2283 4379 2528 4440 peccato.
2569 4385 2586 4418 ι
2618 4365 2732 4421 Res
2789 4365 2934 4420 enim
2970 4361 3039 4416 de
3062 4374 3169 4428 qua
3220 4369 3400 4411 sermo

1827 4481 1932 4535 est,
1969 4468 2021 4521 in
2052 4463 2378 4536 cogitatione
2407 4459 2597 4527 magis,
2631 4467 2686 4512 ct
2717 4455 2930 4511 ratione
2959 4451 3232 4512 subsistit,
3271 4445 3400 4516 quia

149 4530 402 4585 (licebat:
445 4547 464 4581 ι
497 4530 628 4597 Quis
652 4533 797 4586 enim
831 4549 928 4590 nos
954 4538 1229 4604 separabit
1257 4554 1285 4593 a
1320 4542 1588 4600 charitate
1628 4550 1719 4603 Dei
1755 4529 1798 4582 θ
1830 4529 2148 4630 huiusmodi.
2181 4570 2326 4609 mors
2359 4568 2464 4607 non
2499 4553 2552 4605 in
2577 4549 2796 4615 effectu,
2839 4547 2936 4603 sed
2964 4546 3019 4601 in
3067 4540 3401 4610 cogilalione

149 4637 263 4688 qua.-
283 4633 370 4675 cst
401 4623 455 4676 in
490 4622 710 4677 Christo
745 4622 906 4680 Jesu?
955 4627 1300 4687 Tribulatio?
1334 4648 1400 4687 an
1433 4639 1722 4705 angustia?

151 4726 218 4764 an
252 4714 604 4781 persecutio?
635 4730 701 4769 an
735 4716 954 4773 fames?
1000 4734 1069 4774 an
1123 4723 1382 4779 nuditas?
1408 4741 1475 4781 an
1510 4731 1723 4797 pericu-

154 4801 298 4856 Ιιιιιιν
330 4821 396 4859 an
424 4806 637 4874 gladius
659 4807 738 4862 ιη
761 4827 780 4859 ›
811 4817 867 4862 et
887 4811 1084 4864 iterum
1117 4831 1130 4866 :
1168 4831 1186 4864 ι
1217 4813 1411 4872 Certus
1435 4833 1550 4872 sum
1577 4824 1719 4878 enim

1830 4628 2074 4707 habenda
2097 4658 2197 4702 est.
2238 4645 2338 4713 Qui
2372 4645 2517 4699 enim
2555 4641 2759 4711 cogitat
2805 4638 2891 4694 vel
2935 4635 3212 4692 existimat
3258 4628 3400 4698 apud

1832 4739 2181 4808 semetipsum
2214 4745 2488 4789 mortuum
2538 4747 2597 4786 se
2639 4746 2791 4796 esse,
2847 4743 2952 4782 non
2987 4731 3192 4795 peccat.
3236 4717 3398 4774 Verbi

1828 4833 1998 4904 gratia
2035 4850 2047 4886 :
2080 4833 2125 4887 si
2156 4846 2240 4884 me
2285 4827 2726 4896 concupiscentia
2780 4819 3024 4877 mulieris
3082 4815 3300 4876 trahat;
3349 4810 3398 4865 si

227 4941 272 4973 ³⁵
297 4941 483 5027 ἔπειμι),
516 4961 592 5008 ix,
624 4944 833 5027 (ἔκ-³³
863 4945 1070 5027 Coloss.
1103 4965 1135 5008 I.
1173 4949 1272 5027 20.
1295 5021 1316 5027 Α
1342 4951 1386 4984 ³⁸
1409 4953 1568 5027 l_Cor.
1599 4978 1716 5027 xm,

1885 4966 1918 4997 ’⁷
1945 4965 2074 5018 ibid.
2110 4965 2194 5018 l3.
2272 4963 2318 4994 ³⁸
2342 4961 2531 5018 Matth.
2557 4976 2695 5022 χιιι,
2733 4957 2913 5012 57-59.
2978 4950 3260 5027 ﬂabianii.
3285 4963 3396 5027 x_v_t,

157 5009 256 5083 i8;
288 5011 444 5069 Joan.
474 5030 588 5076 xxx.
620 5015 800 5071 l5-l7.
878 5016 1338 5083 "’lJoan.tv,16.

154 5080 355 5152 ffihid.
429 5085 518 5141 5‘2.
597 5084 640 5116 “
697 5085 1080 5152 lsai.\'|v,12.

154 5150 269 5187 ¹⁹·⁸²
292 5154 449 5208 lieni.
481 5171 554 5219 vr,
589 5156 673 5209 ll.

229 5263 339 5335 (51)
382 5266 691 5335 Legendum
726 5271 943 5324 videtur
973 5286 1147 5337 «nec;
1175 5293 1194 5325 ι
1249 5282 1484 5330 attamen
1535 5290 1726 5336 omnes

160 5349 286 5406 mss.
320 5337 493 5391 nostri
519 5346 571 5391 et
593 5339 723 5393 editi
756 5340 980 5406 habent,
1018 5359 1035 5392 ι
1057 5359 1141 5398 tte.
1166 5362 1185 5394 ι

253 5406 339 5474 5'2)
381 5406 542 5472 Editi,
573 5425 592 5458 ι
619 5410 880 5463 charitas.
911 5431 928 5461 ι

378 5476 544 5542 Editi,
581 5494 600 5529 ι
632 5479 864 5532 maxima
892 5491 1042 5535 est...
1071 5489 1198 5535 tunc
1227 5497 1347 5535 cum
1380 5485 1486 5538 erit
1517 5487 1678 5552 Deus,
1701 5508 1720 5542 ι

161 5547 404 5620 εις.)ιὲ
431 5562 596 5620 unus,
639 5564 660 5599 ι
691 5559 864 5603 mater
892 5560 1044 5604 est...
1077 5567 1199 5605 cum
1233 5554 1337 5607 erit
1368 5554 1531 5620 Deus,
1562 5577 1580 5608 ι
1614 5547 1723 5613 etc.

235 5616 340 5690 (5})
364 5617 531 5690 Editi,
568 5637 589 5668 ‹
615 5620 945 5674 ascendebat
968 5623 1277 5690 Apostolus,
1300 5634 1353 5678 et
1370 5625 1421 5677 in
1452 5616 1554 5681 hoc
1577 5641 1726 5683 stans

163 5685 456 5807 (innitle'ns,
487 5685 615 5758 [ωε.
645 5704 808 5756 unus,
836 5708 854 5741 ι
879 5701 933 5746 et
958 5685 1140 5747 in'hoc
1168 5685 1324 5750 stans
1345 5703 1398 5748 et
1416 5697 1724 5770 conlidens]

167 5773 278 5807 ιιι-ε
318 5772 343 5807 a
376 5796 388 5807 .
416 5777 434 5807 ι

167 5767 388 5809 tltt'ehai.
416 5777 434 5808 ι

239 5826 366 5891 (56⁸)
402 5827 536 5886 Ista.
573 5828 916 5890 Desideratttr
945 5836 998 5891 in
1027 5835 1178 5891 libris
1205 5845 1356 5890 aulca
1398 5836 1576 5889 editis.

1420 5024 1462 5055 “
1488 5026 1653 5091 lCor.
1682 5019 1723 5087 ιιι

1885 5037 1923 5098 ἱς
1953 5035 1968 5088 l
1996 5035 2119 5089 Cor.
2144 5035 2234 5100 xv,
2261 5033 2353 5088 28.
2430 5033 2475 5064 ⁸³
2495 5033 2649 5084 llum.
2673 5019 2790 5092 vttt,
2809 5027 2897 5100 55.
2967 5023 3020 5100 ξ’
3039 5022 3172 5100 ibid.
3196 5019 3394 5100 διδάξει.

1175 5090 1442 5148 "Ezech.
1492 5090 1681 5170 λιιι-ιιι,
1739 5090 1826 5162 lt.
1900 5090 1944 5138 ίτ
1997 5090 2314 5168 Rom.v,5.
2386 5090 2784 5167 “lCor.xut,
2807 5099 2861 5153 8.

2963 5094 3008 5126 ⁵⁸
3039 5092 3234 5161 Philip.
3255 5105 3318 5152 tt.
3339 5088 3398 5142 7ο

1906 5255 2214 5362 (55)Ει1ἷιί,
2249 5297 2268 5330 ι
2302 5277 2648 5349 Operabatur.
2696 5293 2716 5327 ι
2756 5273 2964 5330 Deinde
3009 5291 3029 5326 ι
3077 5274 3400 5329 immacula-

1836 5351 2226 5495 ul?§fl_:i')u.l§d,iti,_
2255 5435 2275 5470 ι
2323 5425 2740 5495 commemorata
2763 5421 2909 5495 sunt.
2952 5431 2997 5495 t_
3053 5482 3065 5495 .

2058 5489 2226 5570 Queri
2259 5488 2463 5557 expleto
2507 5503 2587 5540 eo.
2645 5485 2770 5540 Haec
2811 5485 3006 5539 desunt
3053 5483 3105 5538 in
3156 5483 3400 5541 editione

1829 5558 2182 5618 Geuebrardi.

1901 5630 2014 5701 (58)
2054 5628 2219 5701 Editi,
2251 5648 2268 5680 ι
2311 5629 2364 5682 in
2393 5627 2743 5701 con_scqu_enti
2776 5627 2890 5680 hmc
2918 5624 3090 5695 ponit.
3121 5643 3140 5677 ι

1897 5695 2009 5771 (59)
2051 5698 2313 5771 Merlinus
2337 5769 2342 5771 _
2368 5708 2422 5753 et
2473 5697 2855 5755 Genebrardus
2880 5737 2896 5764 ,
2936 5715 2954 5749 ι
2991 5706 3048 5751 ut
3073 5695 3234 5752 unius
3265 5705 3396 5754 cum

1833 5769 1948 5842 ipso
1971 5769 2194 5841 Spiritus
2222 5769 2369 5825 facti.
2413 5789 2431 5821 ι
