3766 6574
393 427 530 486 1053

1853 429 2173 488 ORIGENIS

3509 439 3529 493 1
3539 441 3614 494 05b

389 540 632 611 argenti,
665 540 707 595 si
736 541 887 607 auri,
924 542 966 596 si
994 541 1478 612 prtediieupiditas
1525 544 1736 614 pulset,
1773 554 1828 600 et
1867 561 1964 614 po-
1995 558 2037 608 Α
2070 546 2234 611 didit,
2301 563 2320 596 ι
2378 547 2627 604 Viventes
2703 550 2812 603 Deo
2861 550 2914 603 in
2992 548 3210 605 Christo
3255 548 3404 616 Jesu,
3453 570 3471 604 ι
3525 568 3606 606 non

392 650 513 687 nam
546 633 597 686 in
635 633 799 688 corde
832 648 952 689 meo
981 635 1123 703 quod
1150 645 1395 692 mortuus
1430 637 1535 692 sim
1571 652 1692 693 cum
1721 637 1961 707 Christo,

390 733 447 778 et
476 725 542 779 de
581 732 756 780 morte
805 727 1076 795 cogitem,
1123 727 1486 798 exstinguitur
1525 729 1783 784 continuo
1827 745 1964 785 con-

391 818 726 886 eupiscentia
752 825 805 871 ct
835 815 1102 887 eﬂ‘ugatur
1130 828 1434 888 peccatum.
1466 820 1576 875 Aut
1627 820 1672 876 si
1718 820 1844 876 odio
1882 819 1967 874 vel

389 908 468 965 ira
499 906 863 962 inflammatus
889 909 955 963 ad
988 923 1173 963 necem
1210 910 1459 965 coneiter
1502 911 1708 966 inimici
1735 912 1880 978 mei;
1921 911 1967 966 si

390 1011 476 1066 ine
516 997 822 1052 existimem
861 1008 1132 1053 mortuum
1165 1014 1285 1055 esse
1328 1015 1450 1055 cum
1481 999 1731 1065 Christo,
1784 1011 1839 1057 et
1875 1015 1968 1056 co-

388 1087 676 1154 gitationes
711 1092 899 1144 mortis
940 1105 1133 1160 ponam
1168 1091 1222 1146 in
1255 1091 1437 1147 animo
1480 1107 1634 1158 meo,
1665 1091 1968 1162 exstingui-

391 1187 478 1230 tur
501 1178 616 1232 sine
639 1179 805 1234 dubio
836 1180 1006 1246 furor,
1037 1190 1214 1236 cessat
1251 1182 1461 1248 odium,
1486 1184 1828 1254 conquiescit
1854 1183 1962 1249 ira,

387 1277 613 1336 peccato
639 1284 744 1324 non
778 1271 941 1326 datur
972 1272 1142 1340 locus,
1178 1282 1233 1328 et
1265 1273 1369 1329 hoc
1402 1275 1560 1329 modo
1591 1283 1814 1344 peccato
1840 1273 1962 1344 quis

388 1358 522 1410 mori
554 1358 846 1428 invenitur,
874 1371 927 1417 et
955 1362 1134 1418 vivere
1166 1364 1292 1420 Deo.
1339 1364 1443 1419 Sed
1471 1373 1526 1420 et
1557 1365 1659 1420 hoc
1687 1364 1830 1436 quod
1859 1365 1959 1420 ad-

2067 639 2199 693 mihi
2233 639 2464 695 otiosum
2493 641 2726 695 videtur.
2770 640 2960 696 Simile
2983 642 3126 696 enim
3159 653 3288 710 puto
3313 657 3457 708 esse,
3485 644 3611 712 quasi

2063 731 2295 784 dixisset
2327 747 2342 785 :
2380 730 2636 786 Viventes
2665 731 2776 786 Deo
2809 732 2861 786 in
2890 732 3179 800 sapientia,
3209 734 3260 786 in
3293 746 3454 801 pace,
3485 735 3536 786 in
3554 733 3614 801 juo

2065 823 2237 885 stitia,
2270 821 2322 875 in
2363 821 2834 890 sanctificatione,
2867 839 2986 893 qua:
3025 827 3206 878 omnia
3248 824 3503 880 Christus
3537 837 3611 879 est.

2069 912 2126 966 ιιι
2156 912 2242 969 his
2275 927 2404 983 ergo
2439 914 2622 969 vivere
2656 914 2789 978 Deo,
2828 913 2932 968 hoc
2957 922 3038 968 est
3070 915 3121 968 in
3149 913 3370 970 Christo
3398 913 3526 968 Jesu
3557 916 3613 968 vi-

2066 1019 2194 1060 vere
2248 1006 2377 1062 Deo.
2430 1005 2585 1073 Quod
2648 1006 2695 1060 si
2744 1006 2862 1061 sine
2902 1005 3153 1074 justitia,
3183 1007 3299 1061 sine
3328 1021 3498 1076 pace,
3527 1006 3614 1060 sine

2067 1095 2499 1152 sanctificatione
2549 1097 2866 1168 eaaterisque
2931 1097 3222 1151 virtutibus
3280 1111 3443 1150 nemo
3514 1096 3615 1150 vivit

2065 1189 2211 1255 Deo,
2247 1198 2456 1244 certum
2504 1198 2590 1244 est
2628 1191 2770 1259 quod
2824 1203 2982 1244 nemo
3039 1186 3186 1243 vivat
3232 1186 3379 1254 Deo,
3427 1186 3531 1242 nisi
3575 1188 3612 1242 in

2059 1279 2276 1336 Christo
2300 1279 2448 1335 Jesu.
2477 1279 2641 1336 Amen
2673 1277 2808 1351 (60).

397 1540 3581 1568 -———————-—_——_—.—_—__—_——————_

1533 1757 1891 1847 LIBER
1963 1751 2460 1845 SEXTUS.

459 2148 510 2203 1.
551 2169 568 2201 ι
623 2149 740 2205 Non
789 2165 918 2221 ergo
974 2161 1163 2221 regnet
1198 2158 1486 2220 peccatum
1528 2150 1580 2204 in
1611 2158 1790 2204 vestro
1825 2162 1967 2202 inor-
1999 2156 2041 2210 Β
2073 2146 2182 2214 bet,
2215 2145 2567 2224 concupiscat
2600 2145 2714 2216 (65)
2747 2163 2764 2196 α
2804 2159 2937 2200 caro
2983 2147 3243 2202 adversus
3270 2148 3552 2216 spiritum,
3575 2158 3617 2202 et

381 2243 473 2296 tali
503 2258 763 2314 corpore,
811 2244 878 2298 ad
910 2244 1270 2298 obediendum
1321 2243 1607 2298 desideriis
1653 2241 1766 2308 ejus
1819 2240 1958 2311 (61),

382 2346 559 2402 neque
603 2335 906 2389 exhibeatis
942 2335 1184 2388 membra
1220 2343 1396 2387 vestra
1442 2347 1595 2386 arma
1652 2331 1958 2399 iniquitatis

377 2435 604 2491 peccato
632 2443 646 2479 :
677 2427 770 2480 sed
797 2426 1049 2482 exhibete
1081 2442 1175 2482 vos
1225 2425 1334 2480 Deo
1355 2464 1370 2489 ,
1403 2435 1661 2492 tanquam
1710 2439 1777 2478 ex
1809 2439 1957 2478 mor-

380 2514 490 2569 tuis
517 2515 764 2571 viventes
799 2532 812 2570 :
845 2525 896 2571 et
921 2517 1162 2571 membra
1188 2525 1369 2571 vestra
1399 2529 1549 2569 arma
1571 2513 1799 2584 justitias
1821 2514 1950 2568 Deo.

375 2605 664 2660 Peccatum
697 2608 840 2662 enim
873 2609 1028 2663 vobis
1059 2623 1166 2662 non
1207 2607 1576 2664 dominabitur
1613 2624 1626 2660 :
1662 2621 1767 2660 non
1805 2607 1949 2660 enim

376 2698 476 2750 sub
508 2697 626 2767 lege
655 2699 808 2764 estis,
842 2699 934 2754 sed
975 2701 1074 2755 sub
1108 2703 1282 2770 gratia
1315 2700 1384 2755 ⁸³.
1425 2720 1443 2754 ι
1487 2700 1543 2754 ln
1581 2700 1958 2770 superioribus

373 2789 450 2842 ait
507 2805 522 2841 :
578 2807 599 2840 ι
639 2790 792 2844 Sicut
848 2795 1099 2861 regnavit
1140 2801 1424 2864 peccatum
1487 2795 1540 2848 in
1586 2802 1761 2849 morte
1810 2794 1876 2845 ⁵⁵.
1927 2811 1946 2846 ι

373 2878 529 2935 Nunc
553 2891 735 2936 autem
777 2898 886 2937 non
917 2884 1056 2937 dixit
1084 2899 1097 2936 :
1135 2883 1250 2938 Non
1278 2900 1408 2955 ergo
1442 2894 1632 2955 regnet
1665 2891 1948 2955 peccatum

372 2971 424 3024 in
458 2982 666 3039 morte;
709 2974 802 3028 sed
830 2975 906 3028 ait
936 2991 949 3028 :
985 2993 1004 3025 σ
1038 2975 1156 3030 Νοη
1191 2992 1320 3046 ergo
1359 2987 1548 3046 regnet
1575 2985 1858 3046 peccatum
1895 2977 1948 3030 in

371 3073 552 3118 vestro
585 3064 797 3119 mortali
843 3081 1106 3136 corpore,
1147 3068 1214 3120 ad
1247 3068 1608 3122 obediendum
1662 3067 1945 3123 desideriis

367 3153 520 3222 ejus;
563 3174 582 3208 ι
620 3157 820 3212 docens
843 3173 942 3227 per
970 3160 1070 3212 hoc
1100 3161 1281 3214 sedem
1315 3159 1601 3227 quamdam
1635 3169 1690 3212 et
1718 3173 1941 3229 regnum

369 3258 645 3314 peccatum
677 3251 875 3305 habere
892 3251 1003 3320 (62)
1029 3251 1191 3321 570
1207 3252 1258 3304 in
1283 3265 1530 3318 corpore.
1553 3249 1665 3305 lloc
1686 3259 1770 3304 est
1798 3251 1940 3319 quod

2068 2238 2294 2307 spiritus
2334 2239 2592 2294 adversus
2615 2253 2859 2304 carnem,
2883 2248 2938 2294 et
2962 2239 3074 2293 haec
3097 2239 3197 2294 sibi
3228 2239 3464 2294 invicem
3498 2258 3514 2290 ι
3539 2242 3615 2293 ad-

2063 2339 2352 2384 versentur
2379 2330 2447 2384 ”.
2477 2329 2619 2385 Illud
2675 2339 2858 2384 tamen
2887 2332 3142 2398 adverte,
3183 2332 3326 2400 quod
3351 2332 3616 2386 ostendens

2062 2420 2115 2473 in
2147 2429 2333 2474 nostra
2361 2429 2625 2490 potestate
2651 2421 2884 2490 positum
2918 2430 2975 2475 ut
3005 2436 3108 2476 non
3143 2432 3332 2492 regnet
3364 2424 3419 2476 in
3457 2435 3615 2477 nostra

2063 2510 2276 2563 mortali
2333 2524 2564 2578 corpore
2621 2517 2906 2579 peccatum
2957 2507 3106 2578 (66),
3159 2519 3490 2579 praeceptum
3544 2509 3614 2560 dat

2060 2600 2370 2669 Apostolus,
2417 2601 2604 2656 dicens
2645 2624 2656 2656 :
2698 2619 2715 2652 ι
2752 2599 2869 2654 Non
2889 2615 3018 2669 ergo
3048 2611 3234 2670 regnet
3269 2613 3544 2670 peccatum
3571 2601 3613 2652 in

2060 2701 2242 2744 vestro
2276 2692 2494 2747 mortali
2532 2708 2794 2762 corpore,
2840 2694 2906 2747 ad
2954 2693 3318 2748 obediendum
3356 2693 3615 2746 desideriis

2057 2781 2272 2851 ejus“.
2321 2802 2340 2836 ›
2378 2782 2490 2839 Nisi
2522 2787 2667 2840 enim
2720 2793 2865 2841 esset
2913 2786 2966 2840 in
3015 2796 3199 2840 nostra
3256 2794 3524 2856 potestate
3569 2794 3616 2835 ut

2052 2889 2162 2928 non
2198 2885 2457 2942 regnaret
2488 2876 2540 2930 in
2570 2877 2725 2932 nobis
2753 2886 3052 2947 peccatum,
3087 2887 3419 2948 prareeptum
3453 2878 3615 2946 utique

2047 2979 2152 3019 non
2199 2966 2457 3021 dedisset.
2508 2967 2787 3033 Quomodo
2831 2984 2960 3040 ergo
2995 2968 3252 3038 possibile
3280 2980 3367 3024 est
3409 2979 3464 3022 ut
3508 2984 3615 3038 pec-

2053 3067 2232 3111 eatum
2263 3059 2314 3112 in
2343 3074 2510 3114 carne
2539 3069 2724 3115 nostra
2778 3076 2883 3115 non
2915 3062 3136 3130 regnet?
3169 3060 3227 3116 Si
3260 3061 3523 3116 faciamus
3549 3061 3604 3114 il-

2056 3146 2146 3203 lud
2169 3149 2310 3217 quod
2335 3149 2474 3202 idem
2493 3149 2782 3218 Apostolus
2805 3150 2966 3206 dicit:
2997 3168 3015 3203 ι
3043 3149 3365 3206 Mortificate
3384 3152 3610 3207 membra

2057 3247 2241 3292 vestra
2273 3254 2390 3305 qme
2418 3249 2544 3294 sunt
2572 3255 2734 3310 supra
2773 3250 2973 3295 terram
3006 3241 3073 3308 ⁸⁸,
3116 3260 3136 3294 ι
3189 3253 3246 3297 et
3275 3243 3320 3297 si
3369 3261 3389 3294 ι
3423 3257 3616 3312 semper

369 3343 423 3388 et
445 3337 569 3391 alibi
596 3339 836 3394 dixit":
863 3340 1189 3396 «Prudentia
1215 3341 1395 3396 carnis
1420 3341 1635 3395 inimica
1655 3350 1735 3395 est
1754 3340 1940 3404 Deo;i
1980 3323 2021 3381 (ί
2057 3339 2285 3384 ιηυτιοηι
2331 3330 2532 3386 Οιιτίεῑί
2589 3332 2644 3386 in
2701 3347 2932 3402 corpore
2971 3342 3159 3388 υοείτο
3195 3352 3215 3384 ³
3275 3335 3614 3390 Circumfer”

367 3432 425 3476 et
463 3425 659 3479 iterum
692 3447 706 3482 :
745 3446 762 3479 ι
802 3428 1098 3484 Prudentia
1151 3431 1331 3485 carnis
1383 3446 1529 3486 mors
1572 3440 1652 3487 est
1677 3431 1745 3484 ⁵³.
1786 3451 1804 3484 ›
1839 3432 1946 3487 Sed

366 3524 422 3570 et
451 3519 633 3573 omnia
671 3531 891 3588 peccata
921 3522 1206 3592 Apostolus
1235 3539 1399 3593 opera
1433 3525 1614 3579 carnis
1654 3539 1774 3578 esse
1813 3539 1938 3594 pro-

366 3607 580 3662 nuntiat
609 3611 674 3677 ⁸⁷,
703 3627 824 3680 quae
854 3613 984 3667 dicit
1009 3628 1130 3670 esse
1166 3615 1581 3669 fornicationem
1601 3658 1616 3683 ,
1651 3615 1940 3669 immundi-

366 3698 520 3764 tiam,
551 3703 857 3770 passionem
881 3743 897 3769 ,
925 3708 1416 3776 concupiscentiam
1455 3707 1678 3772 malam,
1707 3707 1941 3775 impudi-

364 3788 550 3844 citiam
574 3831 589 3858 ,
629 3792 994 3850 idololatriam
1016 3836 1030 3862 ,
1063 3795 1348 3864 maleficia,
1386 3797 1724 3862 inimicitias,
1757 3806 1937 3851 certa-

362 3880 541 3946 mina,
573 3883 785 3950 zelum,
822 3885 1079 3955 furorem,
1109 3887 1512 3954 contentiones,
1543 3889 1932 3954 dissensiones,

359 3971 618 4041 hmreses,
649 3976 930 4043 invidiam,
956 3980 1274 4045 ebrietates,
1303 3982 1752 4044 comessationes,
1773 3989 1826 4035 et
1852 3981 1937 4035 his

358 4062 578 4119 similia.
625 4066 734 4123 Sed
763 4069 808 4124 si
857 4071 1105 4140 requiras
1149 4074 1419 4142 quomodo
1468 4073 1634 4128 etiam
1696 4073 1934 4126 haereses

358 4155 504 4211 inter
550 4160 732 4215 carnis
778 4176 942 4230 opera
995 4175 1381 4230 numerentur,
1431 4163 1678 4219 invenies
1723 4178 1817 4218 eas
1867 4163 1935 4216 de

358 4265 521 4304 sensu
555 4253 737 4309 carnis
789 4260 1106 4324 procedere.
1146 4261 1238 4316 Sic
1285 4261 1429 4315 enim
1467 4245 1612 4314 dicit
1641 4258 1934 4328 Apostolus

353 4340 422 4396 de
449 4345 679 4411 quodam
713 4362 726 4398 :
758 4365 777 4398 t
817 4347 1064 4415 Frustra,
1089 4351 1289 4420 inquit,
1316 4351 1534 4406 inflatus
1556 4367 1586 4404 a
1611 4364 1773 4406 sensu
1817 4349 1929 4420 (65)

352 4434 534 4487 carnis
571 4450 717 4503 suae,
763 4447 817 4493 et
849 4455 959 4495 non
990 4449 1178 4496 tenens
1211 4443 1459 4512 caput”.
1511 4462 1530 4494 ι
1579 4441 1705 4496 Haec
1745 4452 1928 4495 autem

351 4523 592 4579 diximus
628 4535 686 4578 ut
720 4527 1064 4586 manifestior
1106 4531 1258 4587 fieret
1289 4532 1618 4599 intellectus,
1656 4532 1929 4600 quomodo

347 4626 632 4682 peceatum
663 4628 850 4687 regnet
889 4621 942 4675 in
995 4637 1244 4692 corpore.
1306 4622 1498 4678 Omnia
1548 4638 1788 4693 namque
1836 4622 1922 4676 illa

2057 3436 2179 3477 mus
2211 3422 2277 3476 ⁸³.
2310 3423 2531 3476 Certum
2564 3437 2799 3498 namque
2827 3432 2932 3489 est,
2968 3425 3094 3493 quia
3128 3424 3223 3479 ubi
3253 3441 3402 3482 mors
3431 3424 3613 3481 Christi

2056 3512 2462 3579 circumfertur,
2515 3529 2621 3570 non
2672 3523 2850 3583 potest
2896 3531 3131 3586 regnare
3180 3527 3485 3585 peceatum.
3532 3515 3614 3569 Est

2053 3604 2196 3658 enim
2235 3612 2384 3658 tanta
2435 3605 2518 3660 vis
2562 3606 2744 3661 crucis
2785 3606 3030 3672 Christi,
3082 3617 3143 3662 ut
3187 3609 3232 3663 si
3286 3620 3414 3664 ante
3447 3608 3615 3663 oculos

2051 3706 2306 3762 ponatur,
2341 3705 2396 3752 et
2427 3697 2482 3752 iu
2508 3707 2688 3752 mente
2724 3698 2960 3753 ﬁdeliter
2985 3700 3322 3765 retineatur,
3356 3702 3430 3756 ita
3475 3711 3530 3754 ut
3565 3701 3609 3753 in

2051 3788 2222 3855 ipsam
2252 3799 2478 3843 mortem
2510 3789 2711 3845 Christi
2741 3792 2978 3845 intentus
3021 3792 3218 3846 oculus
3251 3798 3450 3848 mentis
3479 3792 3612 3861 aspi-

2048 3879 2177 3946 ciat,
2209 3879 2352 3934 nulla
2384 3881 2860 3951 concupiscentia,
2896 3881 3043 3935 nulla
3090 3881 3291 3949 libido,
3326 3885 3499 3938 nullus
3539 3883 3612 3936 fu-

2049 3984 2162 4038 ror,
2194 3972 2343 4026 nulla
2373 3986 2637 4042 superare
2660 3976 2834 4043 possit
2873 3975 3111 4040 invidia;
3147 3977 3242 4030 sed
3271 3977 3520 4030 continuo
3551 3977 3612 4028 ad

2045 4063 2161 4132 ejus
2191 4063 2542 4133 praesentiam
2579 4074 2722 4120 totus
2750 4065 2839 4120 ille
2861 4082 3025 4136 quem
3060 4083 3225 4136 supra
3274 4067 3608 4123 enumeravi-

2046 4170 2169 4209 mus
2220 4159 2430 4225 peccati
2482 4167 2538 4212 et
2586 4157 2766 4212 carnis
2818 4159 3037 4229 fugatur
3084 4160 3363 4215 exercitus
3396 4175 3410 4212 :
3442 4159 3604 4229 ipsum

2045 4262 2172 4302 vero
2205 4259 2482 4316 peceatum
2517 4266 2615 4305 nec
2661 4251 2924 4315 subsistit,
2956 4253 3153 4323 quippe
3183 4268 3310 4309 cum
3352 4269 3447 4309 nec
3490 4255 3610 4307 sub-

2042 4339 2244 4393 stantia
2272 4340 2389 4410 ejus
2427 4356 2655 4411 usquam
2693 4343 2763 4398 sit
2795 4345 2897 4399 nisi
2932 4347 2983 4399 in
3011 4360 3174 4415 opere
3217 4355 3273 4402 et
3312 4347 3488 4418 gestis.
3521 4345 3608 4400 Est

2038 4448 2167 4502 ergo
2203 4432 2256 4486 in
2299 4433 2458 4489 nobis
2486 4443 2541 4489 et
2586 4435 3031 4505 concupiscentia
3088 4438 3340 4506 peccati,
3374 4453 3487 4508 quze
3526 4451 3606 4490 re-

2049 4538 2212 4591 gnum
2248 4525 2408 4578 habet
2441 4525 2493 4578 in
2531 4540 2698 4580 carne
2736 4544 2750 4592 ;
2785 4536 2952 4583 estet
2993 4529 3429 4598 concupiscentia
3457 4528 3606 4596 spiri-

2037 4623 2143 4679 tus,
2171 4630 2289 4683 quze
2317 4629 2540 4686 regnum
2574 4614 2736 4672 habet
2766 4617 2818 4670 in
2848 4626 3050 4681 mente,
3071 4621 3368 4674 secundum
3397 4619 3445 4672 id
3468 4619 3606 4686 quod

347 4721 466 4775 qua:
495 4711 747 4779 superius
773 4725 934 4781 opera
963 4716 1142 4771 carnis
1167 4731 1288 4772 esse
1323 4717 1782 4780 enumeravimus,
1809 4715 1908 4769 vel-

2061 4719 2188 4774 npra
2230 4705 2486 4770 diximus,
2533 4706 2662 4774 quia
2721 4726 2741 4759 ι
2799 4722 2931 4763 caro
2974 4711 3310 4778 concupiscit
3364 4713 3605 4767 adversus

347 4809 404 4852 ut
455 4803 729 4858 exercitus
755 4805 974 4874 quidam
1007 4815 1249 4862 armatus
1271 4818 1354 4862 est
1383 4807 1500 4878 (61)
1529 4807 1629 4862 sub
1660 4809 1763 4862 hoc
1799 4821 1923 4876 rege

347 4892 552 4958 peccati
586 4894 844 4960 militans,
873 4906 928 4950 et
963 4895 1063 4966 legi
1110 4897 1229 4964 ejus
1263 4913 1458 4968 parens
1482 4937 1498 4964 ,
1522 4913 1642 4967 qua:
1669 4897 1722 4951 in
1754 4912 1924 4952 mem-

347 4980 463 5035 bris
489 4984 673 5039 earnls
700 4986 962 5056 inscripta
999 5000 1104 5044 est.
1130 4990 1352 5044 Certum
1389 5001 1475 5046 est
1511 4992 1678 5056 enim,
1707 4993 1831 5060 quia
1858 5005 1924 5044 ex

345 5084 411 5124 eo
445 5075 589 5141 quod
627 5075 912 5134 desideriis
956 5083 1169 5149 peccati
1215 5096 1346 5138 caro
1388 5082 1751 5138 obedientiam
1782 5097 1923 5150 prae-

441 5210 486 5284 έξ
509 5211 662 5284 Rom.
699 5229 772 5280 Vl,
801 5215 982 5276 12-11.
1091 5220 1137 5253 ⁸⁵
1168 5219 1322 5275 Rom.
1348 5236 1400 5284 v,
1448 5219 1538 5274 2|.

342 5299 404 5347 tt,
427 5281 513 5346 18,
549 5281 634 5337 19.
711 5286 756 5317 ⁸³
788 5285 966 5343 Galat.
989 5303 1041 5354 v,
1068 5292 1152 5345 17.
1231 5293 1274 5323 ⁵ο
1302 5281 1458 5346 Rom.
1484 5306 1558 5357 νι,
1599 5289 1686 5343 12.

356 5491 365 5503 _
402 5420 515 5503 (θρ)
557 5421 707 5477 Jesu.
743 5425 927 5503 Amen.
960 5429 1084 5503 llaec
1113 5433 1309 5489 desunt
1334 5436 1385 5488 in
1417 5435 1574 5487 libris
1613 5442 1772 5488 antea
1801 5431 1912 5486 edi-

331 5489 612 5574 tis.n§fss._
635 5503 812 5548 tamen
838 5498 1084 5574 plerique
1111 5506 1371 5557 omittunt
1408 5522 1426 5554 ι
1469 5507 1662 5560 Amen.
1704 5523 1723 5556 ι

368 5560 650 5643 ,(6l)_§ic
679 5578 814 5643 _mss.
838 5560 1180 5636 Editi'vero,
1215 5591 1234 5625 ‹
1280 5584 1340 5628 ιιι
1381 5575 1654 5631 obediatis
1703 5587 1906 5630 concu-

330 5636 616 5699 piscentiis
650 5636 788 5700 ejus.
825 5654 846 5688 ι

401 5700 726 5785 (6°z)_d§di_ti,
767 5723 785 5756 ι
824 5720 922 5774 per
950 5708 1063 5763 tunc
1109 5711 1292 5768 sedem
1340 5714 1632 5784 quamdam
1682 5726 1908 5785 regnum

332 5773 542 5842 peccati
560 5773 796 5842 habere,
825 5773 850 5826 ὀ
894 5787 1002 5831 etc.

406 5839 522 5911 (65)
557 5841 724 5915 Editi,
755 5839 1008 5903 (frustra
1043 5853 1182 5920 quod
1211 5853 1424 5911 amatus
1447 5855 1511 5913 de
1538 5871 1723 5914 sensu.
1756 5874 1779 5909 ι

1649 5218 1695 5250 ⁵⁸
1724 5217 1883 5272 Rom.
1914 5230 2031 5281 vm,
2078 5214 2130 5267 7.
2243 5215 2289 5246 ⁵⁸
2320 5216 2448 5270 ibid.
2483 5215 2539 5270 6.
2613 5218 2658 5248 ⁸⁷
2685 5217 2796 5272 Gal:

1649 5289 1686 5342 ἒ..
1763 5287 1804 5318 ⁶¹
1835 5287 2045 5341 Coloss.
2079 5285 2235 5351 ut,5.
2311 5286 2355 5318 θ’
2387 5285 2428 5340 ll
2453 5287 2577 5342 Cor.
2607 5304 2680 5353 ιν,
2707 5289 2796 5343 10.

2025 4799 2296 4868 spiritum,
2325 4798 2552 4867 spiritus
2579 4809 2758 4856 autem
2789 4803 3050 4858 adversus
3072 4819 3293 4860 carnem
3324 4806 3387 4862 ⁵³.
3419 4825 3436 4857 ι
3470 4805 3604 4861 Cum

2037 4905 2166 4959 ergo
2194 4891 2631 4960 concupiscimus
2663 4893 2809 4961 quod
2844 4909 2951 4950 non
2986 4895 3155 4962 licet,
3192 4899 3282 4954 vel
3313 4898 3446 4965 quod
3494 4913 3598 4952 non

2038 4983 2212 5048 decet,
2248 4982 2329 5038 vel
2362 4983 2503 5052 quod
2539 4999 2644 5038 non
2677 4987 2918 5055 expedit,
2954 4989 3392 5058 concupiscentia
3426 4992 3606 5044 carnis

2033 5086 2140 5132 est.
2183 5074 2317 5130 Cum
2363 5090 2493 5131 vero
2529 5079 2866 5149 concupiscit
2895 5091 2950 5135 et
2992 5079 3176 5136 deficit
3215 5083 3391 5137 anima
3424 5090 3602 5136 nostra

2243 5215 2289 5246 ⁵⁸
2320 5216 2448 5270 ibid.
2483 5215 2539 5270 6.
2613 5218 2658 5248 ⁸⁷
2685 5217 2860 5272 Galat.
2892 5236 2945 5283 ν.
2979 5221 3064 5285 19,
3097 5237 3216 5290 seq.

2311 5286 2355 5318 θ’
2387 5285 2428 5340 ll
2453 5287 2577 5342 Cor.
2607 5304 2680 5353 ιν,
2707 5289 2796 5343 10.
2873 5291 3174 5359 “Galat.v,
3205 5295 3290 5350 17.

3327 5225 3371 5258 ⁵⁸
3393 5225 3599 5280 Coloss.

2085 5429 2198 5503 (64)
2243 5431 2432 5504 Alias,
2491 5450 2508 5482 ι
2563 5433 2852 5492 damnatus
2897 5448 3010 5504 est;
3068 5458 3085 5490 ι
3140 5439 3214 5493 al.
3271 5457 3288 5492 ι
3341 5439 3598 5493 clamatus

2013 5513 2132 5563 est;
2178 5502 2197 5551 ὼ
2232 5502 2394 5555 male.

2087 5570 2200 5639 (65)
2244 5571 2412 5639 Editi,
2448 5590 2466 5624 ‹
2512 5576 2875 5646 concupiscit,
2909 5595 2928 5629 ι
2963 5586 3015 5632 et
3045 5578 3206 5648 paulo
3236 5590 3386 5650 post,
3433 5596 3453 5630 ι
3492 5580 3592 5634 ad-

2017 5654 2176 5694 versa
2189 5650 2333 5694 οων.
2386 5659 2404 5693 ι

2090 5709 2199 5792 (βο)
2247 5712 2302 5764 In
2335 5713 2574 5792 editione
2612 5713 2952 5792 Genehrardi
2997 5733 3096 5790 pro
3143 5738 3162 5773 ι
3195 5730 3468 5792 peccatum
3499 5757 3518 5788 ,
3563 5739 3585 5774 ι

2017 5779 2216 5853 legitur
2251 5799 2269 5834 ‹
2308 5782 2376 5837 ad
2405 5785 2792 5844 obediendum.
2831 5808 2851 5842 ι
