3768 6534
164 452 282 511 1057

1101 448 1460 506 COMMENT.
1503 449 1571 504 ΙΝ
1612 449 1832 504 EPIS'I.
1877 450 1966 499 AD
1995 451 2160 501 RUM.
2203 452 2332 501 ΜΒ.
2382 453 2472 502 γι.

3273 462 3408 514 1058

160 567 362 642 quando
410 565 592 622 videat
625 565 736 639 (67)
782 563 1017 621 salutare
1071 565 1162 620 Dei
1200 567 1267 630 6‘,
1307 567 1414 620 ista
1464 563 1728 634 concupi-
1759 566 1803 622 Α
1836 560 1903 614 tis
1932 570 2191 630 peccato;
2229 562 2324 616 sed
2349 559 2603 616 exhibete
2623 574 2719 617 vos
2753 561 2863 619 Deo
2887 570 3142 635 tanquam
3167 581 3231 623 ex
3263 586 3410 624 mor-

159 660 345 718 scentia
376 659 605 729 spiritus
636 666 743 713 est.
774 656 928 714 Unde
954 665 1182 728 apparet
1201 657 1436 711 mediam
1462 656 1725 724 quodam-

161 751 302 808 modo
344 766 469 806 esse
502 751 741 806 animam
792 749 937 804 inter
980 764 1204 804 carnem
1251 757 1308 803 et
1355 749 1645 818 spiritum;
1674 756 1728 803 et

160 845 198 900 si
233 844 451 913 quidem
482 843 731 914 junxerit
763 857 820 897 se
865 840 978 912 (68)
1029 839 1184 895 carni
1235 841 1302 895 ad
1362 841 1721 896 obedientium

161 936 432 992 desideriis
482 935 729 1006 peccati,
764 933 996 989 ellicitur
1025 949 1146 990 cum
1196 947 1258 988 ea
1289 947 1454 987 unum
1485 947 1722 1004 corpus;

161 1029 197 1086 si
223 1043 349 1085 vero
379 1027 630 1097 iunxerit
658 1041 718 1082 se
745 1026 876 1090 Deo,
914 1025 1150 1080 ellieilur
1179 1040 1303 1080 cum
1343 1039 1411 1080 eo
1436 1039 1578 1080 unus
1613 1025 1724 1094 spi-

162 1122 302 1186 ritus,
353 1121 655 1174 secnndum
706 1119 837 1174 illud
893 1120 1036 1189 quod
1106 1118 1310 1174 dictum
1367 1125 1498 1172 est:
1555 1137 1574 1170 ‹
1619 1118 1721 1184 Qui

160 1214 284 1267 enim
309 1212 497 1282 jungit
535 1226 596 1266 se
641 1211 952 1278 meretrici,
989 1226 1158 1266 unum
1213 1225 1411 1281 corpus
1451 1220 1566 1276 est;
1627 1212 1717 1279 qui

161 1316 326 1359 autem
370 1303 554 1373 jungit
600 1318 660 1358 se
703 1302 967 1367 Domino,
1018 1317 1159 1357 unus
1197 1303 1420 1371 spiritus
1464 1311 1545 1357 est
1589 1302 1656 1356 ⁸⁵.
1697 1321 1715 1353 t

160 1395 255 1452 Nec
285 1396 505 1450 mireris
550 1395 599 1450 si
633 1409 848 1450 carnem
881 1395 1225 1449 meretricem
1251 1402 1439 1461 vocet,
1472 1410 1587 1464 quit
1618 1394 1721 1449 illis

159 1490 392 1544 omnibus
425 1503 548 1557 qua:
573 1501 738 1556 supra
768 1486 1208 1542 enumeravimus
1237 1486 1384 1541 vitiis
1407 1496 1570 1556 atque
1593 1501 1720 1555 pec-

160 1583 315 1648 catis,
365 1591 628 1652 tanquam
682 1580 1011 1649 turpissimis
1055 1579 1401 1634 amatoribus
1451 1579 1716 1648 subjacct.

160 1673 386 1744 Requiro
412 1685 595 1730 autem
631 1689 729 1728 cur
756 1673 1065 1735 addiderit,
1099 1691 1117 1724 ι
1161 1673 1213 1725 in
1253 1685 1486 1741 corpore
1530 1679 1719 1725 vestro

160 1768 399 1835 mortali,
443 1786 464 1820 ι
518 1783 642 1822 cum
679 1769 866 1837 utique
919 1762 1226 1820 suﬂ‘ccisset
1277 1764 1504 1818 dicere:
1547 1781 1564 1814 t
1604 1762 1718 1817 Non

160 1874 276 1930 ergo
323 1870 517 1932 regnet
577 1870 863 1930 peccatum
916 1859 969 1912 in
1019 1867 1202 1912 vestro
1257 1869 1507 1926 corpore.
1547 1875 1566 1907 ι
1627 1855 1720 1912 Ut-

1833 647 1938 702 tuis
1962 649 2224 713 viventes,
2255 658 2309 704 et
2345 649 2584 706 membra
2625 659 2806 706 vestra
2862 655 3034 724 magis
3067 670 3215 711 arma
3245 657 3412 726 justi-

1833 739 1916 794 tiae
1945 739 2072 795 Deo.
2105 760 2124 794 ι
2183 742 2397 796 Intuere
2447 756 2548 811 per
2592 741 2804 812 singula
2845 745 3166 814 sapientiam
3204 745 3353 802 Pauli
3390 788 3407 814 ,

1829 832 1952 901 quia
1989 831 2101 904 (76)
2144 831 2470 888 necessariis
2526 832 3025 903 discrepationibus
3051 836 3245 892 utitur.
3301 837 3405 895 Ubi

1828 921 1960 977 dicit
1997 938 2150 977 arma
2196 939 2301 977 non
2335 935 2454 978 esse
2483 924 2772 993 prmbenda
2831 936 3053 995 peccan
3088 929 3171 983 vel
3207 929 3407 999 iniqui-

1831 1015 1948 1079 tati,
1983 1031 2090 1070 non
2123 1030 2241 1080 nos,
2279 1015 2374 1071 sed
2407 1017 2648 1071 membra
2681 1027 2866 1072 nostra
2900 1019 3048 1088 ponit
3088 1037 3100 1074 :
3135 1021 3222 1076 ubi
3275 1037 3406 1080 vero

1825 1105 2015 1162 suadet
2072 1115 2131 1160 ut
2161 1107 2268 1162 Deo
2318 1121 2417 1162 nos
2462 1107 2854 1174 exliibeamus,
2913 1124 3019 1164 non
3053 1121 3179 1166 ante
3229 1127 3404 1168 mem-

1824 1198 1923 1252 bra
1953 1197 2086 1269 (77),
2116 1214 2278 1268 quam
2327 1214 2424 1254 nos
2479 1200 2624 1268 ipsos
2666 1201 2912 1256 exhiberi
2945 1204 3052 1257 vult
3089 1204 3198 1258 Deo
3229 1245 3244 1270 ,
3303 1207 3406 1261 hoc

1823 1298 1907 1343 est
1961 1292 2216 1355 animam,
2252 1291 2334 1345 vel
2368 1291 2702 1361 propositqu
2733 1303 3015 1359 nostrum,
3046 1304 3104 1350 ut
3130 1311 3250 1351 cum
3289 1298 3406 1366 pios

1824 1396 1924 1436 nos
1956 1382 2100 1450 ipsos
2123 1384 2531 1439 exhibuerimus
2559 1387 2689 1451 Deo,
2728 1395 2780 1440 et
2811 1386 3203 1442 adhzeserimus
3232 1388 3305 1453 ei,
3327 1387 3403 1442 ita

1823 1472 2038 1526 demum
2071 1475 2232 1528 etiam
2287 1476 2532 1531 membra
2575 1486 2759 1532 nostra
2804 1476 3100 1533 el‘liciamus
3133 1493 3283 1533 arma
3313 1478 3403 1547 ju-

1823 1566 1982 1620 stitiae
2011 1565 2148 1647 Deo.
2185 1566 2337 1623 Sicut
2369 1569 2514 1624 enim
2541 1585 2732 1624 manus
2763 1580 2964 1626 sancta:
2988 1571 3264 1637 dicuntur,
3283 1587 3402 1641 quas

1823 1657 2030 1712 sanctis
2058 1660 2320 1726 operibus
2346 1661 2798 1728 ministraverint,
2827 1673 2885 1716 ut
2913 1662 3200 1732 Apostolus
3235 1665 3396 1720 dicit:

1829 1767 1846 1798 α
1881 1746 2149 1806 Levanles
2201 1766 2364 1819 puras
2413 1767 2606 1807 manus
2658 1754 2776 1809 sine
2820 1756 2899 1807 ira
2953 1767 3009 1810 et
3045 1756 3399 1827 disceptatio-

1823 1852 1892 1890 ne
1913 1838 1958 1869 ⁷ο
1990 1854 2006 1902 ;
2048 1859 2065 1889 ι
2097 1850 2152 1894 et
2175 1857 2389 1896 rursum
2415 1858 2607 1898 manus
2642 1844 2895 1898 dicuntur
2918 1844 3088 1914 plenae
3111 1847 3398 1917 sanguine,

158 1922 272 2022 quid
305 1922 524 2008 adJimr
548 1922 602 2007 εὶ
636 1970 656 2004 ε
691 1950 901 2006 mortali
929 1949 1062 2019 (69),
1090 1967 1109 2000 ,
1137 1946 1290 2017 quasi
1315 1922 1584 2002 αξιωιπει
1615 1948 1684 2002 an
1703 1978 1718 1988 ,
1754 1922 1796 1980 Β
1825 1943 1944 2022 quae
1963 1930 2025 1982 ad
2043 1929 2426 1987 eli'nndendum
2446 1935 2764 2003 sanguinem
2793 1935 3224 1990 ministraverint
3250 1935 3395 2008 (78):

158 2043 267 2112 quis
297 2057 497 2113 corpus
544 2057 669 2098 esse
699 2039 968 2096 mortale?
1003 2039 1108 2093 Sed
1163 2038 1293 2092 mihi
1329 2037 1541 2092 videtur
1573 2038 1717 2104 quod

156 2150 251 2191 non
278 2135 393 2191 sine
413 2150 580 2192 causa
607 2135 770 2191 etiam
795 2135 895 2190 hoc
927 2132 1220 2188 addiderit.
1249 2131 1545 2187 Admonuit
1571 2132 1716 2185 enim

158 2239 246 2296 per
267 2225 364 2282 hoc
396 2225 671 2296 quomodo
717 2224 832 2297 (70)
869 2223 1040 2294 possit
1086 2222 1138 2276 in
1192 2237 1420 2291 corpore
1472 2222 1578 2276 non
1634 2235 1720 2277 re-

159 2333 308 2388 gnare
339 2328 643 2388 peccatum,
675 2316 976 2373 secundum
1015 2315 1158 2384 quod
1188 2323 1243 2370 et
1267 2314 1393 2369 alibi
1423 2314 1536 2382 ipse
1564 2312 1722 2368 dixe-

161 2419 239 2464 rat
269 2427 281 2462 :
320 2428 338 2461 t
369 2409 584 2479 Corpus
613 2408 836 2478 quidem
868 2414 1142 2461 mortuum
1191 2411 1278 2459 est
1325 2413 1544 2474 pr0pter
1587 2418 1719 2472 pec-

155 2510 360 2566 catum,
415 2501 642 2571 spiritus
695 2514 828 2555 vero
877 2498 984 2552 vita
1037 2506 1120 2553 est
1161 2497 1273 2568 (7i)
1306 2506 1525 2566 propter
1553 2495 1718 2565 justi-

158 2594 274 2648 tiam
298 2595 363 2648 ⁸⁸.
404 2611 423 2645 ι
460 2593 517 2647 Si
568 2607 698 2661 ergo
750 2591 991 2646 sciamus
1039 2590 1167 2659 quia
1216 2603 1413 2657 corpus
1465 2598 1714 2643 nostrum

156 2686 456 2742 mortiﬁcari
501 2692 716 2753 potest,
756 2691 811 2737 et
841 2691 1116 2736 mortuum
1149 2694 1273 2735 esse
1319 2689 1578 2748 peccato,
1627 2692 1721 2747 po-

157 2785 251 2832 test
278 2779 387 2832 tieri
423 2788 482 2832 ut
511 2791 618 2831 non
660 2783 849 2846 regnet
877 2775 932 2828 in
965 2788 1030 2830 eo
1059 2781 1368 2842 peccatum.
1399 2770 1714 2827 Secundum

156 2869 249 2924 hoc
277 2883 505 2940 namque
536 2867 680 2937 quod
716 2877 986 2922 mortuum
1020 2875 1134 2929 cst,
1166 2863 1526 2934 justificatum
1580 2861 1720 2917 dici-

157 2971 236 3016 tur
263 2963 372 3032 (7s)
404 2977 432 3014 a
464 2972 690 3032 peccato
718 2960 784 3014 ⁸⁷.
847 2958 1037 3028 Neque
1074 2957 1218 3012 enim
1275 2964 1525 3010 mortuus
1582 2969 1718 3008 con-

155 3053 370 3123 cupiscit
397 3063 490 3107 aut
520 3052 816 3116 irascitur,
869 3061 960 3104 aut
1017 3048 1152 3103 furit
1206 3046 1344 3118 (75),
1389 3055 1482 3102 aut
1529 3045 1720 3115 diripit

157 3143 336 3199 aliena.
395 3143 453 3200 Si
505 3158 638 3214 ergo
689 3144 758 3198 ab
811 3141 896 3198 bis
939 3141 1194 3196 omnibus
1259 3137 1720 3206 concupiscentiis

157 3249 338 3304 corpus
365 3236 760 3305 reprimamus,
800 3240 1070 3288 mortuum
1106 3239 1334 3300 peccato
1359 3229 1561 3284 dicitur
1599 3242 1720 3284 esse

157 3342 361 3398 corpus.
401 3329 468 3383 Et
496 3327 600 3382 hoc
625 3325 874 3395 estquod
905 3324 959 3378 in
994 3322 1252 3393 presenti
1288 3321 1404 3377 loco
1435 3321 1537 3376 ista
1567 3320 1717 3390 Apo-

158 3422 267 3476 stoli
319 3433 666 3477 commonere
711 3418 926 3472 videtur
971 3413 1206 3486 adiectio
1277 3413 1510 3469 dicentis
1577 3413 1716 3484 (74),

163 3530 182 3564 ι
216 3513 266 3568 in
297 3527 523 3584 corpore
553 3520 739 3567 vestro
767 3493 1003 3564 mortali.
1049 3527 1069 3561 ι
1105 3507 1261 3561 Alius
1294 3505 1526 3560 fortasse
1550 3503 1714 3572 dicet,

153 3605 271 3674 quia
309 3607 374 3660 ad
412 3604 823 3661 distinctionem
856 3601 1088 3656 alterius
1131 3584 1380 3669 corporis
1410 3597 1556 3666 quod
1614 3597 1717 3650 im-

155 3697 368 3752 mortale
398 3705 506 3762 est,
535 3697 643 3752 hoc
677 3710 877 3766 corpus
910 3695 963 3750 in
997 3709 1106 3765 quo
1136 3708 1282 3748 nunc
1316 3707 1529 3756 sumus,
1560 3705 1710 3744 mor-

155 3786 252 3841 tale
299 3786 623 3842 nominavit.
673 3785 811 3852 Quid
852 3785 923 3840 sit
980 3793 1162 3839 antem
1212 3795 1412 3850 corpus
1490 3781 1716 3835 immor-

156 3877 285 3945 tale,
319 3879 457 3934 idem
495 3877 788 3948 Apostolus
843 3877 1002 3933 docet
1050 3877 1106 3931 in
1161 3875 1284 3930 aliis
1331 3875 1403 3940 ⁸³,
1439 3874 1529 3929 ubi
1588 3873 1714 3928 ait:

159 3989 179 4022 ι
221 3972 438 4028 Necesse
489 3980 576 4028 est
623 3971 771 4027 enim
838 3979 900 4025 ut
953 3967 1308 4036 corruptibile
1349 3967 1450 4022 hoc
1524 3965 1718 4020 induat

155 4064 297 4136 571
331 4067 823 4136 incorruptionem,
855 4071 910 4117 et
936 4060 1167 4116 mortale
1223 4061 1327 4115 hoc
1377 4060 1564 4113 induat
1614 4057 1716 4110 im-

157 4159 556 4219 mortalitatem;
613 4175 632 4208 ι
672 4163 728 4209 et
780 4154 1004 4209 dubium
1045 4168 1151 4208 non
1206 4161 1294 4207 est
1329 4149 1458 4219 quin
1495 4150 1712 4217 dempta

157 4247 468 4304 mortalitate
498 4248 613 4319 (75)
647 4247 750 4303 hoc
783 4247 956 4316 ipsum
993 4245 1136 4315 quod
1173 4257 1316 4298 nunc
1348 4240 1579 4297 mortale
1609 4247 1714 4302 est,

157 4338 440 4396 immortale
493 4339 760 4395 efﬁciatur
779 4354 998 4409 corpus.
1027 4337 1157 4393 Post
1209 4337 1328 4391 haec
1359 4333 1606 4404 sequitur
1627 4331 1672 4362 ⁶⁹
1702 4348 1716 4384 :

163 4449 183 4484 ι
222 4433 392 4504 Neque
421 4433 734 4489 exhibeatis
786 4433 1033 4486 membra
1059 4439 1242 4486 vestra
1271 4441 1423 4482 arma
1456 4423 1718 4494 iniquita-

1825 2018 1894 2072 ita
1929 2030 1984 2074 et
2017 2022 2069 2074 in
2101 2024 2353 2090 praesenti
2384 2024 2504 2079 loco
2532 2026 2774 2080 membra
2815 2041 2934 2096 quae
2959 2037 3179 2096 peccato
3211 2029 3400 2083 deser-

1825 2108 1978 2161 viunt
2005 2119 2058 2163 et
2089 2111 2387 2179 iniquitati,
2422 2128 2571 2166 arma
2605 2113 2906 2184 iniquitatis
2932 2117 3306 2185 appellantur:
3344 2129 3399 2173 et

1825 2216 2043 2255 rursum
2079 2204 2123 2257 si
2167 2203 2374 2270 peccati
2399 2205 2894 2275 concupiscentiam
2923 2208 3311 2262 mortiﬁcemus
3344 2210 3396 2262 in

1825 2307 2058 2362 corpore
2088 2303 2275 2349 nostro
2319 2295 2560 2362 mortali,
2589 2305 2641 2351 et
2673 2297 2726 2351 in
2757 2312 2918 2366 opere
2943 2297 3170 2367 justitia'
3196 2299 3402 2354 labore-

1825 2399 1969 2450 mus,
1999 2394 2165 2455 atque
2215 2386 2466 2443 omnibus
2509 2389 2770 2444 membris
2809 2390 3010 2444 nostris
3037 2389 3400 2460 (79)jnstiti:n

1827 2476 2222 2541 ministremus,
2258 2477 2528 2532 eﬂicimur
2582 2487 2838 2549 tanquam
2867 2495 2931 2535 ex
2959 2481 3188 2535 mortuis
3210 2481 3399 2536 viven-

1826 2575 1929 2632 tes,
1960 2577 2188 2636 peccato
2209 2567 2418 2623 scilicet
2459 2570 2660 2622 mortui
2716 2580 2771 2624 et
2791 2566 3012 2638 justitiae
3046 2571 3322 2638 viventes;
3348 2577 3402 2624 et

1823 2667 2226 2726 consequenter
2248 2660 2414 2714 etiam
2449 2659 2692 2714 membra
2725 2673 2911 2716 nostra
2946 2661 3084 2716 ﬁunt
3125 2677 3276 2716 arma
3305 2661 3399 2732 ju-

1823 2750 1991 2805 stitiiu
2016 2751 2146 2804 Deo.
2175 2749 2319 2804 Bene
2347 2759 2530 2806 autem
2583 2753 2955 2819 metaphoram
2992 2752 3246 2819 superius
3273 2768 3400 2822 pro-

1822 2840 2052 2910 positam
2082 2842 2403 2907 custodivit,
2437 2851 2494 2896 ut
2522 2841 2645 2912 quia
2677 2856 2908 2911 regnare
2937 2843 3150 2896 dixerat
3204 2857 3400 2912 pecca-

1825 2940 1963 2996 tum,
1987 2946 2136 2985 arma
2175 2933 2379 3000 peccati
2430 2931 2671 2985 membra
2722 2933 3064 2997 nominaret,
3096 2941 3151 2987 et
3182 2948 3396 2986 rursum

1825 3023 1935 3078 Deo
1971 3024 2080 3093 regi
2113 3039 2263 3078 arma
2287 3023 2512 3087 iustitiae
2544 3021 2741 3077 ﬁerent
2769 3026 3012 3079 membra
3041 3034 3227 3078 nostra
3257 3023 3392 3096 (80).

1823 3117 2085 3188 Sequitur
2109 3129 2233 3187 post
2255 3117 2370 3172 lizec
2395 3136 2409 3172 :
2445 3134 2463 3168 t
2506 3117 2792 3174 Peccatum
2821 3117 2964 3172 enim
2989 3118 3141 3173 vobis
3167 3131 3274 3172 non
3303 3117 3401 3170 do-

1825 3210 2145 3265 minabitur.
2178 3209 2292 3266 Non
2323 3210 2472 3265 enim
2519 3211 2620 3266 sub
2670 3209 2787 3280 lege
2821 3210 2980 3274 estis,
3012 3210 3106 3264 sed
3135 3211 3236 3264 sub
3267 3195 3395 3279 gra-

1827 3303 1899 3358 tia
1930 3304 1999 3358 ".
2034 3321 2053 3355 ι
2091 3303 2268 3358 Etiam
2316 3303 2405 3358 hic
2444 3303 2654 3359 intuere
2687 3305 2881 3358 miram
2922 3302 2973 3356 in
3008 3302 3250 3370 Apostoli
3281 3315 3400 3356 ser-

1824 3411 1984 3450 mone
2014 3396 2301 3451 cautelam.
2334 3395 2464 3450 Cum
2492 3397 2558 3450 de
2590 3398 2743 3452 nobis
2781 3396 3046 3465 loquitur,
3077 3395 3208 3448 dicit
3237 3394 3347 3465 (81)
3378 3409 3396 3448 :

1826 3507 1845 3539 ι
1876 3488 2167 3544 Peccatum
2196 3488 2346 3544 vobis
2382 3503 2486 3543 non
2519 3487 2887 3543 dominabitur
2917 3504 2929 3540 :
2971 3505 2990 3538 ι
3034 3501 3155 3541 cum
3184 3485 3250 3539 de
3281 3485 3402 3541 Sal-

1819 3589 2008 3635 vatore
2033 3579 2372 3650 loqueretur,
2398 3597 2502 3636 non
2536 3581 2674 3636 dixit
2705 3597 2718 3631 :
2763 3577 3053 3632 Peccatum
3084 3591 3190 3630 non
3225 3574 3400 3628 domi-

1818 3674 2040 3727 nabitur
2065 3675 2082 3741 (
2103 3688 2277 3743 neque
2309 3675 2456 3728 enim
2499 3672 2571 3727 ita
2603 3671 2671 3726 de
2698 3685 2764 3726 eo
2821 3670 2926 3723 dici
2959 3667 3265 3735 decebat),
3308 3667 3400 3722 sed

1823 3765 1936 3820 ait:
1983 3782 2002 3816 ι
2035 3763 2178 3820 Mors
2208 3764 2257 3819 ei
2287 3764 2428 3818 ultra
2473 3779 2580 3818 non
2618 3761 2992 3817 dominabitur
3037 3760 3106 3812 τ’.
3145 3776 3164 3810 ι
3207 3758 3399 3812 Mortis

1820 3858 1965 3914 enim
1990 3856 2042 3911 in
2074 3872 2138 3913 eo
2169 3855 2272 3911 fuit
2300 3856 2473 3921 locus,
2506 3853 2713 3923 peccati
2762 3851 2958 3905 nullus.
2987 3850 3058 3902 At
3113 3857 3308 3903 contra
3335 3850 3401 3902 de

1822 3951 1978 4006 nobis
2012 3963 2111 4004 nec
2143 3947 2504 4004 conveniebat
2552 3944 2658 4000 diei
2694 3961 2709 3995 :
2767 3941 2913 3996 Mors
2944 3939 3101 3995 vobis
3157 3954 3262 3994 non
3301 3940 3400 3994 do-

1820 4044 2150 4109 minabitur;
2177 4041 2280 4096 hoc
2310 4039 2454 4094 enim
2504 4050 2702 4091 cavere
2754 4048 2860 4088 non
2902 4045 3227 4102 possumus;
3262 4030 3398 4091 sed,

1828 4156 1846 4189 ι
1870 4137 2156 4191 Peccatum
2185 4132 2338 4187 vobis
2365 4145 2468 4186 non
2493 4126 2860 4185 dominabitur
2884 4142 2898 4191 ;
2934 4144 2952 4177 t
2981 4124 3125 4194 quod
3151 4121 3270 4176 sine
3296 4121 3397 4174 du-

1823 4229 1916 4283 liio
1946 4226 2110 4282 sciret
2145 4225 2320 4279 vitare
2348 4236 2448 4276 nos
2495 4232 2653 4294 posse
2692 4217 2825 4288 (δᾶ),
2856 4213 3154 4272 secundum
3194 4227 3256 4267 ea
3282 4223 3397 4278 quat

1823 4317 2074 4388 superius
2106 4315 2368 4380 diximus,
2402 4313 2447 4366 si
2493 4309 2881 4365 mortiﬁcemus
2933 4300 3401 4373 concupiscentias

1827 4413 2032 4477 carnis,
2060 4409 2112 4462 in
2135 4406 2332 4464 auibus
2362 4412 2646 4474 peceatum
2679 4408 2894 4472 poterat
2936 4395 3232 4454 dominari.
3270 4393 3400 4446 Pro-

235 4580 273 4612 “
299 4579 438 4635 Psal.
469 4592 704 4642 Lxxxm,
735 4575 787 4631 3.
866 4572 954 4625 ⁸⁸1
989 4571 1114 4627 Cor.
1143 4587 1218 4632 vt,
1246 4568 1335 4642 16,
1357 4568 1483 4642 l'l.__
1513 4563 1716 4642 filioli

1895 4599 1909 4626 ,
1944 4555 2032 4609 10.
2107 4551 2151 4586 ⁸⁷
2182 4549 2341 4605 Rom.
2365 4565 2440 4614 vr,
2462 4549 2515 4602 'l.
2597 4547 2641 4578 ⁸⁸
2669 4545 2689 4600 1
2719 4545 2843 4601 Cor.
2882 4557 2973 4608 xv,
3005 4541 3094 4596 55.
3167 4538 3211 4570 δ’
3243 4537 3398 4591 Rom.

154 4633 446 4715 v1.13?"
469 4633 486 4702 l
509 4648 649 4702 Tim.
691 4633 754 4708 it,
781 4643 834 4699 8.
911 4643 958 4676 "
991 4644 1144 4698 Rom.
1169 4657 1248 4704 v1,
1275 4641 1361 4694 14.
1439 4637 1485 4670 ⁷³
1513 4636 1644 4692 ibid.
1675 4633 1731 4688 9.

226 4766 324 4839 (6'7)
357 4766 528 4831 Alias,
557 4783 575 4817 α
599 4760 871 4835 quomodo
901 4759 1116 4823 videat;
1145 4777 1163 4809 ι
1200 4755 1334 4822 al.,t
1373 4751 1591 4824 quando
1636 4751 1715 4808 vi-
1749 4751 1795 4809 Ι)

157 4835 316 4892 ἁεὲἱιζ
339 4857 358 4890 ι

247 4907 327 4973 68)
367 4907 526 4973 Editi,
562 4924 580 4956 ι
609 4903 793 4972 junxit
820 4917 899 4956 se.
933 4919 950 4953 ι

249 4963 330 5045 69)
365 4963 543 5038 Euiti',
577 4963 743 5028 (Cur
776 4973 945 5042 igitur
985 4969 1205 5024 additur
1245 4963 1494 5030 mortali,
1535 4982 1552 5015 ι
1607 4973 1717 5018 etc.

163 5044 260 5100 Sed
295 5044 416 5100 mss.
451 5057 509 5100 ut
537 5046 590 5099 in
618 5052 802 5098 nostro
834 5051 1005 5095 textu.

232 5115 326 5187 (70)
367 5117 542 5187 sum.
585 5133 603 5166 ‹
639 5115 866 5187 quod.»

234 5180 329 5259 (Π)
360 5185 498 5259 fita
530 5195 630 5240 est.
658 5180 836 5259 Editi,
886 5200 904 5234 t
934 5180 1088 5235 vivit.
1127 5199 1146 5232 ι
1223 5244 1234 5259 υ
1312 5245 1384 5259 M
1459 5252 1470 5259 Δ
1590 5243 1626 5259 ν
1666 5243 1678 5255 .

234 5245 330 5327 (Η)
359 5256 522 5320 Editi,
562 5254 764 5327 equod
802 5245 1049 5327 mortuus
1073 5259 1180 5308 est.
1214 5245 1544 5327 iustiﬁcatns
1575 5245 1713 5327 dici-

165 5318 270 5380 tur.
291 5318 454 5381 t'blss.
483 5318 703 5395 quidam
733 5333 786 5378 et
814 5322 1090 5395 Rabanus,
1127 5338 1145 5370 (
1170 5318 1260 5387 qui
1292 5326 1535 5369 mortuus
1559 5323 1664 5378 est,
1688 5333 1708 5365 ι

159 5404 265 5451 etc.
299 5395 395 5452 Sed
429 5393 634 5451 rectius
664 5409 764 5447 nis.
798 5409 935 5446 unus
965 5401 1021 5444 ut
1058 5393 1110 5444 iu
1143 5395 1330 5443 nostro
1361 5395 1530 5438 textu.

237 5466 332 5532 (73)
370 5467 534 5531 Alias,
581 5483 600 5516 ‹
635 5473 728 5519 aut
752 5462 982 5516 furatur.
1021 5479 1040 5512 ι
1077 5529 1086 5532 Α
1144 5480 1152 5515 ς

238 5523 334 5606 (74)
371 5536 466 5591 Ms.
497 5523 660 5596 unus,
696 5551 714 5584 ι
754 5534 805 5587 in
837 5529 1090 5606 praesenti
1139 5523 1715 5606 capitulo_A_postolus

163 5595 490 5662 commonere
545 5606 758 5675 videtur
799 5595 1112 5675 adjiciens,
1160 5619 1180 5650 ι
1211 5595 1339 5652 ίειο.
1388 5595 1548 5658 Editi,
1589 5614 1606 5644 ι
1655 5595 1715 5675 in

163 5679 399 5744 praesenti
429 5678 542 5732 loco
568 5676 644 5728 ita
670 5665 958 5743 Apostolus
986 5671 1201 5724 videtur
1248 5679 1592 5744 comtnoncre
1636 5665 1719 5716 di-

165 5735 291 5800 cens
343 5767 356 5802 :
409 5747 462 5801 ln
507 5735 737 5814 corpore
782 5753 963 5796 vestro
1007 5750 1245 5795 mortuo.
1293 5737 1444 5790 Alius
1469 5735 1720 5814 fortasse

166 5815 357 5887 diceret
390 5819 550 5887 quod.
599 5805 621 5866 ἱ
668 5815 908 5887 Deinde,
962 5831 980 5863 ι
1027 5819 1296 5866 mortuum
1339 5805 1659 5861 nominavit.
1695 5822 1715 5856 ι

166 5884 272 5938 Sed
295 5884 518 5954 potiores
543 5896 760 5958 mss.-ut
780 5885 834 5938 in
864 5892 1051 5938 nostro
1079 5889 1250 5936 textu.

1895 4743 2009 4816 (75)
2039 4741 2198 4806 Editi,
2224 4739 2242 4790 ἀ
2275 4737 2465 4816 adepta
2495 4731 2932 4816 immortalitate.-
2955 4723 3400 4816 t_tVi§§._gtlil_l_:tT:

1829 4833 1848 4867 ι
1884 4801 2101 4882 indepta
2134 4801 2570 4870 immortalitate,
2604 4824 2621 4856 ι
2650 4804 2806 4858 male.
2829 4801 2934 4855 Sed
2960 4808 3108 4852 recte
3136 4810 3237 4848 tus.
3261 4809 3403 4848 unus

1819 4895 1880 4941 ut
1913 4886 1964 4938 in
2001 4893 2188 4948 nostro
2223 4889 2395 4934 textu.

1891 4933 2210 5026 (itii-Klias,
2259 4933 2293 4999 Vt
2327 4963 2430 5018 qua
2460 4962 2474 5010 ;
2511 4964 2528 4996 t
2557 4933 3402 5026 3].,C‘quatit:LPFLPBEIJYAP‘QS}

1819 5007 1950 5082 editi
1989 5007 2303 5094 perperam,
2344 5007 2366 5069 ἱ
2398 5007 2550 5070 arma
2586 5021 2767 5067 nostra
2795 5007 3087 5076 praebenda
3115 5013 3396 5072 peccato,t

1816 5105 2008 5236 -ωῗέη
2041 5163 2217 5236 Alias.
2279 5175 2298 5207 ι
2337 5170 2446 5236 ιξοιι
2609 5148 2937 5236 meum).

1897 5211 2010 5306 (ἀὲ)
2041 5211 2224 5296 Editi,
2263 5247 2281 5278 ι
2311 5226 2379 5281 ad
2439 5221 2823 5277 effundendum
2877 5228 3003 5271 eum
3055 5211 3409 5269 ministrave-

1826 5317 2019 5446 ml(‘59,)
2051 5371 2202 5446 Alias
2237 5379 2526 5439 perperam
2549 5401 2564 5428 ,
2617 5378 2634 5411 t
2669 5366 2834 5428 atque
2867 5355 2921 5411 in
2952 5353 3208 5412 omnibus
3238 5364 3409 5407 mem-

1825 5444 1937 5503 bris
1965 5444 2184 5498 ttostris.
2221 5461 2240 5491 ›

1899 5498 2010 5586 (80)
2047 5511 2221 5586 Editi,
2265 5527 2284 5560 r
2321 5513 2528 5586 vestra,
2558 5521 2576 5553 ι
2604 5498 2765 5554 male.

1900 5579 2012 5654 (81)
2045 5581 2184 5654 Etliti
2209 5619 2224 5643 ,
2262 5598 2280 5630 ί
2313 5579 2522 5654 dicens.
2560 5591 2592 5654 )I
2648 5639 2660 5653 ο
2783 5639 2795 5654 ⁸
2981 5635 3118 5654 U9“
3153 5639 3196 5654 Δ.
3229 5628 3278 5654 ﬂ:

2051 5651 2149 5704 Ms.
2179 5636 2318 5702 Il'nllS
2339 5687 2353 5710 ,
2387 5664 2404 5696 ι
2439 5643 2594 5725 Quod
2617 5639 2748 5726 sine
2766 5637 2930 5691 dubio
2978 5636 3123 5726 scirle
3148 5639 3202 5686 et
3219 5636 3402 5726 AVitare

1829 5699 2527 5794 noifp'oésé'coiist'ai....fsi
2553 5711 2966 5791 tnot‘tiﬁccmtts,
3004 5725 3021 5756 ι
3051 5714 3155 5758 etc.
3209 5699 3359 5794 A-l-itts
3387 5735 3403 5757 ,

1836 5817 1853 5848 ι
1886 5781 2037 5863 Quod
2067 5787 2366 5863 sinetlubio
2392 5785 2534 5838 scire
2559 5792 2613 5863 et
2659 5781 2834 5835 vitare
2877 5792 2987 5832 non
3020 5783 3402 5845 possumus....

1832 5868 1876 5922 si
1898 5858 2016 5920 non
2047 5858 2458 5918 mortiﬁcemus.
2494 5873 2512 5905 ι
2539 5862 2644 5908 etc.
