3768 6542
407 486 426 541 l
440 485 543 543 059

1865 460 2185 520 DRIGENIS

3534 455 3648 512 l060

412 616 601 677 ptcrea
631 601 776 656 enim
815 594 1097 668 subjungit
1125 609 1140 647 :
1193 611 1212 645 ι
1246 591 1362 648 Non
1391 591 1535 648 enim
1559 588 1660 645 sub
1692 586 1808 656 lege
1830 585 1984 648 estis,
2017 583 2060 638 Λ
2095 579 2240 632 dicat
2271 571 2603 632 senum-'10
2628 587 2753 643 quo.
2793 579 2853 627 ιιι
2884 572 3014 639 dixi
3042 572 3258 644 absque
3307 571 3416 626 ulla
3454 586 3643 629 cuneta-

405 697 498 753 seal
529 695 628 750 sub
661 691 836 762 gratia
867 707 881 757 ;
921 709 939 741 ι
979 697 1033 742 et
1081 685 1363 741 evidenter
1407 681 1645 738 ostendit
1676 694 1743 734 ex
1777 679 1860 732 his
1893 691 1990 732 nos

408 801 518 842 non
554 799 675 839 esse
722 782 825 837 sub
857 781 976 849 lege
1005 777 1095 832 illa
1131 789 1293 844 quam
1346 773 1398 826 in
1455 769 1715 825 membris
1756 766 1988 836 positam

409 888 719 946 repugnare
751 872 886 927 dicit
913 870 1015 941 legi
1053 867 1253 922 mentis
1274 864 1346 929 ",
1395 863 1522 933 quia
1559 861 1648 930 qui
1697 857 1990 914 mortificat

409 971 654 1026 membra
670 983 790 1032 sua,
815 974 1024 1021 certum
1046 971 1128 1016 est
1153 959 1295 1028 quod
1325 973 1431 1013 non
1462 958 1532 1011 sit
1549 954 1650 1009 sub
1676 952 1793 1023 lege
1815 965 1990 1004 mem-

409 1064 655 1125 brorum,
687 1059 781 1115 sed
814 1058 914 1112 sub
941 1055 1114 1126 gratia
1151 1053 1266 1107 Dei.
1295 1050 1368 1104 De
1389 1050 1492 1104 hac
1515 1047 1636 1116 lege
1667 1054 1719 1098 et
1754 1042 1882 1098 alibi
1909 1041 1992 1095 di-

413 1153 513 1216 cit,
547 1151 671 1220 quia
705 1166 724 1200 (
761 1149 936 1201 virtus
963 1143 1170 1214 peccati
1203 1141 1289 1196 lex
1317 1141 1383 1193 ".
1426 1159 1445 1191 ι
1479 1138 1537 1192 Si
1573 1137 1698 1206 quis
1721 1149 1850 1190 vero
1878 1132 1990 1204 (85)

412 1245 538 1298 velit
593 1242 706 1298 lucc
756 1239 998 1308 accipere
1053 1237 1117 1289 de
1148 1235 1262 1303 lege
1288 1229 1482 1300 Moysi,
1516 1227 1648 1281 illud
1679 1227 1796 1281 sine
1826 1223 1991 1278 dubio

411 1337 577 1398 dicet,
603 1337 746 1403 quod
786 1347 893 1385 non
935 1343 1123 1383 sumus
1163 1327 1262 1381 sub
1314 1324 1432 1394 lege
1463 1322 1658 1376 litterae
1698 1333 1817 1387 qua":
1846 1317 1993 1371 occi-

415 1431 515 1492 dit,
555 1427 648 1482 sed
676 1424 776 1480 sub
806 1424 922 1493 lege
948 1420 1171 1490 spiritus
1195 1432 1317 1485 qua:
1345 1414 1670 1480 viviftcat",
1702 1427 1863 1482 quam
1900 1411 1989 1465 hic

413 1521 641 1592 gratiam
678 1515 998 1572 nominavit.

477 1614 532 1666 2.
570 1631 588 1662 ι
622 1611 762 1678 Quid
786 1608 955 1676 ergo?
985 1603 1363 1669 Peccabimus,
1394 1600 1520 1670 quia
1550 1615 1657 1654 non
1683 1611 1871 1653 sumus
1891 1593 1992 1651 sub

408 1705 551 1774 lege,
577 1704 669 1756 sed
709 1701 810 1755 sub
840 1697 1050 1768 gratia?
1072 1695 1230 1748 Absit
1259 1692 1326 1744 τε.
1363 1709 1381 1742 ι
1417 1689 1612 1745 Simile
1644 1687 1857 1742 videtur
1891 1685 1994 1739 hoc

412 1795 488 1849 illi
537 1793 707 1855 dicto,
733 1789 874 1860 quod
909 1786 1164 1856 superius
1196 1781 1550 1854 exposuimus
1581 1795 1595 1832 :
1635 1797 1652 1830 t
1693 1778 1831 1847 Quid
1862 1791 1992 1847 ergo

409 1884 702 1942 dicemus?
735 1882 1181 1936 Permanebitnus
1205 1878 1257 1931 in
1286 1882 1509 1946 peccato
1528 1882 1586 1928 ut
1622 1873 1792 1942 gratia
1821 1870 1994 1924 abun-

409 1977 541 2033 det?
576 1976 735 2030 Absit
760 1975 849 2040 '7;
882 1993 902 2026 ι
939 1983 993 2028 et
1023 1973 1144 2026 ideo
1172 1985 1277 2024 una
1311 1976 1475 2036 atque
1528 1965 1719 2020 eadem
1776 1963 1994 2032 utrique

409 2069 528 2122 loco
557 2065 788 2122 suiliciat
823 2063 1158 2134 explanatio.
1190 2059 1305 2115 lloc
1343 2059 1515 2114 solum
1550 2064 1635 2110 est
1659 2053 1804 2124 quod
1838 2054 1989 2108 videv

409 2173 497 2216 tur
524 2161 724 2214 habere
757 2157 1124 2213 dilfercntiam
1148 2194 1163 2219 ,
1213 2153 1356 2224 quod
1390 2151 1443 2204 in
1479 2147 1861 2219 superioribus
1899 2144 1991 2199 ubi

405 2255 582 2308 dicit:
625 2271 642 2304 ι
684 2252 823 2318 Quid
864 2250 1036 2320 ergo?
1082 2247 1532 2302 Permanebimus
1563 2245 1617 2298 in
1652 2238 1929 2311 peccato?
1968 2255 1987 2289 ι

410 2346 568 2414 quasi
595 2345 680 2398 his
703 2345 796 2414 qui
841 2345 1080 2397 nondum
1111 2341 1469 2395 discesserint
1519 2353 1549 2391 a
1607 2342 1830 2405 peccato
1885 2329 1992 2385 dici

409 2438 645 2503 videtur,
673 2451 740 2490 ne
769 2443 1122 2505 permaneant
1152 2432 1206 2486 in
1242 2446 1307 2485 eo
1334 2431 1388 2484 in
1413 2445 1521 2498 quo
1551 2441 1675 2482 esse
1697 2425 1873 2479 adhuc
1907 2422 1992 2476 vi-

409 2527 724 2582 debantur:
757 2525 846 2579 hic
882 2538 1016 2578 vero
1064 2532 1320 2589 tanquam
1361 2522 1430 2573 ab
1479 2518 1565 2572 bis
1599 2516 1690 2587 qui
1739 2513 1852 2584 jam
1880 2512 1991 2584 (84)

369 2599 380 2618 ³
410 2617 768 2672 discesserint
809 2631 838 2669 a
878 2624 1122 2684 peccato,
1159 2612 1276 2668 ﬁeri
1312 2611 1529 2666 videtur
1582 2607 1944 2676 interrogatio
1975 2621 1988 2657 :

409 2718 464 2763 et
501 2708 595 2772 ibi,
628 2717 684 2761 ut
708 2706 869 2776 quasi
901 2705 1096 2777 gratia.
1126 2719 1246 2774 quae
1274 2704 1512 2758 nondum
1565 2709 1719 2763 erat,
1749 2700 1992 2752 abunda-

411 2807 496 2853 ret
523 2817 536 2862 ;
579 2799 665 2853 hic
689 2806 868 2852 autem
901 2807 1168 2864 tanquam
1192 2802 1466 2866 praesente
1497 2791 1606 2860 jam
1633 2791 1806 2862 gratia
1837 2788 1990 2854 dicit,

413 2909 433 2943 ι
466 2889 590 2960 quia
624 2906 730 2945 non
771 2904 960 2943 smnus
986 2887 1087 2943 sub
1115 2888 1268 2956 lege,
1302 2885 1398 2941 sed
1439 2884 1539 2938 sub
1568 2881 1745 2952 gratia
1807 2881 1910 2930 ⁷⁸.»

471 2984 530 3039 3.
568 3002 587 3036 ι
619 2983 850 3038 Nescitis
880 2982 1004 3051 quia
1032 2982 1118 3036 cui
1144 2978 1417 3034 exhibetis
1440 2992 1536 3030 vos
1558 2989 1750 3031 servos
1775 2973 1839 3027 ad
1863 2973 1994 3028 obe-

409 3076 691 3138 diendum,
724 3075 865 3128 servi
899 3073 1031 3128 estis
1080 3070 1197 3138 ejus
1247 3070 1332 3124 cui
1388 3066 1661 3129 obeditis,
1711 3065 1825 3118 sive
1865 3077 1994 3131 pec-

409 3167 516 3220 cati
556 3165 622 3218 ad
663 3176 918 3227 mortem,
950 3164 1067 3218 sive
1098 3161 1426 3217 obedientiae
1455 3161 1523 3212 ad
1548 3156 1816 3228 justitiam
1835 3154 1994 3225 (85)?

2091 682 2238 735 tione
2274 680 2327 734 in
2366 678 2524 733 nobis
2551 692 2671 733 esse
2712 678 2954 732 ostendit
3005 678 3212 733 arbitrii
3251 678 3573 737 libertatem.
3601 681 3645 737 In

2093 773 2249 827 nobis
2278 784 2512 839 namque
2564 777 2644 823 est
2685 768 2952 823 exhibere
3005 767 3375 825 obedientiam
3435 781 3644 825 nostram

2095 862 2444 934 vcljustitizc,
2480 861 2564 916 vel
2599 870 2847 930 peccato.
2897 879 2914 912 ι
2953 859 3120 915 Nemo
3159 881 3177 913 ι
3214 871 3403 917 autem
3442 881 3460 914 ε
3494 874 3648 932 potest

2095 956 2309 1008 duobus
2349 951 2509 1006 simul
2563 951 2802 1006 dominis
2830 951 3062 1016 servire,
3109 971 3128 1004 ι
3164 962 3406 1023 peccato
3433 962 3485 1006 et
3509 953 3646 1021 justi—

2095 1049 2202 1102 tiaz.
2239 1064 2258 1098 ι
2294 1047 2399 1101 Aut
2428 1044 2575 1099 enim
2611 1059 2780 1098 unum
2835 1043 2960 1099 odio
3004 1044 3277 1113 habebit,
3337 1065 3356 1098 ι
3393 1057 3647 1115 peccatum

2093 1139 2323 1203 scilicet,
2355 1155 2374 1189 t
2410 1147 2463 1191 et
2489 1136 2650 1191 alium
2675 1137 2901 1202 amabit,
2939 1155 2958 1188 ι
2993 1135 3045 1191 id
3075 1137 3454 1207 estjustitiam
3481 1157 3494 1192 :
3527 1157 3543 1190 ι
3571 1150 3647 1192 aut

2094 1231 2333 1300 patietur
2363 1245 2548 1295 unum,
2586 1249 2604 1282 ι
2650 1228 2856 1284 scilicet
2906 1238 3186 1298 peccatum
3231 1231 3532 1293 duntaxat,
3560 1249 3577 1282 ι
3604 1239 3648 1284 et

2094 1330 2258 1384 alium
2291 1336 2603 1383 contemnet
2628 1329 2697 1394 ⁸¹,
2735 1346 2753 1380 ι
2788 1328 2842 1381 id
2871 1335 2954 1381 est
3011 1325 3304 1396 justitiam.
3341 1325 3648 1394 Simileergo

2093 1429 2251 1474 estet
2276 1419 2420 1488 quod
2460 1417 2596 1473 dixit
2625 1417 2920 1488 Apostolus
2959 1431 2973 1470 :
3016 1435 3035 1468 ι
3089 1416 3246 1472 Servi
3279 1418 3400 1487 ejus
3429 1419 3553 1473 estis
3573 1419 3646 1473 eui

2093 1511 2377 1574 obedistis,
2421 1510 2536 1564 sive
2575 1511 2781 1580 peccati
2815 1552 2830 1575 ,
2882 1509 2998 1565 sive
3041 1509 3271 1579 justitize
3319 1509 3392 1563 ".
3433 1527 3453 1562 ν
3483 1509 3648 1564 Sedet

2095 1603 2236 1672 quod
2273 1602 2512 1656 dicitur:
2544 1619 2562 1651 ι
2597 1601 2786 1656 Omnis
2804 1601 2894 1672 qui
2917 1600 3027 1672 (90)
3062 1600 3194 1655 facit
3220 1609 3646 1670 peccatutn,ser-

2094 1710 2193 1750 vus
2229 1705 2310 1750 est
2339 1695 2546 1765 peccati
2567 1693 2633 1758 ⁸³,
2665 1711 2684 1744 ι
2723 1695 2788 1747 ad
2819 1694 2920 1748 hoc
2943 1693 3187 1764 respicit,
3223 1694 3475 1763 quamvis
3508 1694 3645 1747 etiam

2106 1801 2212 1840 non
2238 1785 2502 1855 adiecerit
2537 1798 2552 1838 :
2583 1781 2649 1837 Et
2689 1783 2866 1839 omnis
2893 1785 2984 1850 qui
3018 1784 3215 1840 fecerit
3247 1783 3648 1854 justitiam,ser-

2099 1895 2199 1935 vus
2234 1887 2318 1934 est
2343 1878 2585 1947 justitize.
2616 1877 2768 1944 Quod
2814 1877 3068 1932 fortassis
3102 1871 3254 1946 putet
3304 1877 3446 1932 alius
3475 1876 3648 1932 ideirco

2098 1972 2475 2033 subrelictnm,
2510 1979 2567 2024 ut
2589 1971 2742 2040 quasi
2776 1985 2842 2024 ex
2876 1969 3340 2040 consequentibus
3370 1969 3554 2023 debeat
3575 1969 3646 2022 in-

2099 2066 2288 2134 telligi.
2321 2064 2450 2118 Mihi
2496 2072 2676 2118 tamen
2717 2062 2931 2117 videtur
2979 2061 3093 2130 (9i)
3131 2061 3391 2117 consulto
3438 2077 3538 2116 non
3574 2061 3648 2114 atl-

2095 2160 2294 2216 ditum.
2329 2157 2511 2226 Neque
2544 2155 2689 2210 enim
2740 2153 3109 2209 conveniebat
3163 2155 3294 2215 dici.
3339 2154 3464 2224 quia
3496 2154 3649 2207 omnis

2097 2253 2186 2320 qui
2214 2250 2342 2305 facit
2362 2249 2652 2318 justitiam,
2683 2262 2875 2302 servus
2899 2257 2979 2302 est
3000 2246 3243 2317 justitize.
3274 2245 3412 2300 Nam
3445 2256 3497 2300 et
3529 2245 3649 2300 Deus

2099 2345 2212 2412 ipse
2243 2343 2373 2396 facit
2397 2343 2689 2412 justitiam,
2721 2351 2773 2394 et
2810 2355 2915 2394 non
2949 2340 3154 2394 idcirco
3200 2353 3397 2394 servus
3447 2339 3646 2406 justitite

2098 2435 2205 2489 dici
2248 2444 2456 2504 potest,
2515 2435 2607 2490 scd
2641 2434 2869 2504 justitite
2924 2432 3182 2484 Dominus
3215 2428 3352 2502 (92).
3395 2429 3506 2484 Non
3536 2445 3647 2499 ergo

2098 2527 2171 2581 ita
2198 2529 2375 2582 omnis
2405 2526 2495 2594 qni
2534 2527 2659 2581 facit
2686 2525 2979 2595 justitiam,
3023 2539 3212 2577 servus
3239 2523 3576 2590 estjustitirc.
3601 2531 3649 2574 ut

2096 2621 2274 2675 omnis
2300 2621 2391 2689 qui
2423 2619 2553 2672 facit
2584 2628 2893 2686 peccatum,
2928 2629 3119 2670 servus
3156 2625 3239 2670 est
3271 2615 3500 2683 peccati.
3533 2613 3645 2666 Nam

2095 2718 2149 2763 et
2197 2707 2312 2778 ipse
2356 2706 2598 2762 diabolus
2647 2707 2763 2761 sine
2822 2706 2984 2759 dubio
3030 2703 3235 2772 peccati
3301 2718 3489 2757 servus
3530 2713 3600 2756 est
3632 2743 3646 2767 ,

2095 2799 2295 2868 quippe
2322 2799 2412 2869 qui
2446 2799 2694 2853 discessit
2727 2812 2756 2850 a
2787 2797 3047 2851 servitute
3090 2793 3338 2862 justitite,
3368 2806 3422 2850 et
3458 2795 3506 2848 iu
3536 2809 3648 2848 cono

2095 2902 2280 2958 specto
2299 2889 2509 2943 Domini
2539 2887 2927 2956 omnipotentis
2959 2885 3262 2948 rebellavit,
3287 2896 3507 2954 propter
3527 2883 3648 2952 quod

2095 2989 2150 3034 et
2178 2988 2423 3049 apostata
2455 2977 2754 3048 appellatus
2793 2985 2896 3032 est.
2933 2976 3161 3031 Constat
3190 2989 3324 3044 ergo
3347 2991 3412 3030 ex
3438 2975 3519 3029 bis
3542 2988 3651 3028 ver-

2096 3073 2180 3127 bis
2207 3073 2402 3141 quibus
2431 3071 2629 3124 Paulus
2663 3068 2798 3123 dicit
2851 3068 2963 3140 (93)
2996 3084 3010 3120 :
3051 3085 3070 3119 ε
3110 3068 3250 3134 Quia
3275 3067 3364 3122 cui
3401 3066 3647 3120 exhibens

2097 3180 2194 3220 vos
2219 3179 2408 3220 servos
2432 3167 2498 3217 a'd
2537 3162 2924 3227 obediendum,
2946 3160 3088 3214 servi
3115 3162 3246 3215 estis
3268 3161 3356 3215 cui
3389 3157 3648 3222 obedistis,

409 3255 631 3311 Gratias
665 3266 846 3310 autem
882 3254 992 3309 Deo
1029 3254 1286 3323 quoniam
1320 3251 1503 3305 fuistis
1543 3250 1686 3304 servi
1741 3247 1946 3317 peccati
1976 3287 1994 3313 ι
2021 3281 2064 3338 c
2097 3256 2212 3311 sive
2243 3255 2472 3324 peccati,
2507 3254 2625 3309 sive
2671 3253 2902 3324 justitite
2924 3253 2992 3319 “,
3029 3270 3048 3305 ι
3087 3254 3213 3322 quia
3253 3262 3449 3322 sponte
3480 3259 3645 3304 nostra

410 3346 679 3401 obedistis
707 3354 885 3400 autem
918 3358 985 3398 ex
1018 3342 1188 3398 corde
1213 3341 1265 3394 in
1296 3355 1416 3395 eam
1453 3339 1680 3393 formam
1705 3336 1992 3401 doctrinm,

409 3438 465 3491 in
505 3452 671 3507 quam
721 3437 905 3491 traditi
942 3435 1098 3490 estis.
1137 3432 1381 3488 Liberali
1433 3440 1616 3484 autem
1663 3443 1692 3483 a
1744 3437 1992 3499 peccato,

407 3531 556 3587 servi
593 3527 720 3583 facti
753 3529 890 3584 estis
913 3527 1139 3598 justitite
1180 3527 1225 3559 "’
1259 3525 1393 3598 (86).
1429 3543 1448 3577 ›
1484 3522 1716 3579 Videtur
1751 3523 1997 3579 fortassis

415 3623 602 3676 minus
641 3622 850 3692 integra
888 3621 1125 3676 elocutio
1145 3619 1297 3690 quod
1327 3619 1404 3673 ait
1432 3636 1448 3676 :
1487 3635 1506 3668 ‹
1535 3617 1688 3672 Servi
1718 3617 1852 3672 estis
1881 3616 1993 3689 (87)

409 3710 531 3779 ejus
559 3711 645 3766 cui
677 3711 959 3773 obedistis,
989 3710 1106 3764 sive
1132 3708 1420 3779 peccatiad
1444 3716 1702 3773 mortem,
1723 3705 1838 3760 sive
1867 3707 1996 3760 obe-

412 3803 634 3856 tiiCﬂli:B
697 3802 764 3857 ad
821 3802 1094 3873 justitiam
1141 3819 1156 3867 ;
1219 3819 1239 3852 ι
1298 3815 1423 3855 cum
1484 3798 1627 3853 ratio
1686 3798 1991 3868 poposcerit

409 3894 516 3948 dici
557 3909 576 3950 ;
612 3894 766 3949 Servi
815 3894 948 3948 estis
1003 3891 1119 3961 ejus
1159 3891 1246 3946 cui
1278 3889 1562 3957 obedistis,
1601 3891 1715 3946 sive
1739 3889 1943 3957 peccati
1977 3928 1992 3954 ,

411 3982 524 4036 sive
549 3982 772 4052 iustitia:
808 3997 906 4050 per
928 3982 1320 4038 obedientiam.
1355 3981 1463 4036 Sed
1492 3981 1546 4035 in
1579 3995 1645 4036 eo
1680 3981 1773 4048 qui
1810 3994 1867 4034 se
1893 3980 1997 4034 im-

413 4076 573 4145 periti
597 4075 870 4130 sermonis
893 4083 1086 4144 sponte
1107 4073 1456 4143 profitelur,”
1482 4072 1618 4144 (88),
1645 4081 1817 4127 artem
1847 4087 1996 4127 com-

413 4165 700 4233 positionis
749 4167 1044 4221 verborum
1105 4167 1386 4234 requirere
1444 4163 1777 4234 superfluum
1819 4174 1992 4234 puto,

411 4273 538 4312 cum
571 4273 763 4314 sensus
811 4259 1038 4313 evidens
1069 4258 1357 4313 habeatur.
1393 4257 1508 4312 Hoc
1561 4267 1645 4312 est
1686 4271 1817 4327 ergo
1849 4257 1993 4327 quod

412 4349 467 4404 in
526 4351 628 4404 hoc
686 4351 804 4404 loco
862 4348 1154 4418 Apostolus
1214 4349 1433 4414 docet;
1494 4349 1624 4420 quia
1688 4350 1997 4416 unusquis-

411 4457 517 4511 que
544 4441 598 4496 in
618 4457 778 4496 manu
805 4457 900 4498 sua
926 4443 1090 4498 habet
1110 4452 1168 4498 et
1195 4443 1248 4497 in
1275 4442 1489 4497 arbitrii
1511 4451 1805 4512 potestate,
1831 4442 1992 4513 572

379 4572 384 4576 η
412 4545 472 4589 ut
499 4543 592 4588 aut
615 4535 820 4604 peccati
849 4549 1037 4590 servus
1065 4535 1158 4600 sit,
1193 4535 1556 4604 autjustitiae.
1575 4536 1660 4591 Ad
1695 4549 1997 4604 quamcun-

2101 3347 2199 3418 ipsi
2235 3363 2331 3401 nos
2362 3346 2473 3418 (94)
2509 3345 2852 3411 exhibemus,
2874 3345 3020 3400 nullo
3046 3354 3301 3415 cogente,
3336 3344 3424 3398 vel
3444 3351 3648 3414 peccato

2098 3439 2305 3493 servire
2337 3437 2422 3492 vel
2463 3434 2686 3504 iustitia:
2725 3451 2825 3506 per
2877 3435 3244 3491 obedientiam
3305 3443 3541 3490 nostram
3565 3450 3579 3487 :
3607 3439 3651 3483 et

2099 3531 2221 3584 ideo
2253 3541 2472 3598 semper
2497 3530 2691 3583 horum
2724 3528 3037 3582 meminisse
3072 3527 3358 3592 debemus,
3389 3541 3458 3580 ne
3482 3527 3650 3580 inanes

2097 3621 2353 3692 querelas
2381 3622 2435 3674 in
2482 3617 2694 3691 peccati
2751 3618 3108 3673 excusatione
3141 3618 3504 3688 proferamus,
3528 3615 3648 3685 quod

2097 3711 2344 3767 diabolus
2375 3710 2572 3765 fecerit
2598 3719 2655 3764 ut
2696 3721 3072 3780 peccaremus,
3101 3717 3433 3764 autnatura:
3484 3721 3650 3762 neces-

2097 3803 2257 3868 sitas,
2288 3811 2383 3856 aut
2406 3801 2588 3856 fatalis
2611 3801 2874 3866 conditio,
2895 3809 2987 3853 aut
3022 3813 3216 3854 cursus
3238 3807 3510 3854 astrorum
3534 3795 3648 3866 (95).

2063 3897 2204 3951 “Sed
2240 3896 2365 3950 audi
2422 3905 2665 3965 apertam
2714 3893 2864 3948 Pauli
2905 3893 3234 3948 sententiam
3263 3932 3282 3959 ,
3334 3907 3442 3962 qua
3492 3889 3645 3946 dicit:

2103 4009 2120 4039 ι
2151 3989 2250 4044 Cui
2276 4003 2372 4043 vos
2419 3986 2692 4043 exhibetis
2741 3999 2929 4040 servos
2971 3985 3039 4038 ad
3073 3983 3435 4038 obediendum
3462 4023 3478 4049 ,
3523 3977 3647 4035 servi

2097 4082 2228 4136 estis
2257 4082 2345 4135 cui
2403 4081 2692 4149 obedistis,
2757 4081 2871 4135 sive
2918 4077 3150 4148 peccati,
3205 4076 3322 4131 sive
3359 4073 3590 4144 iustitia.
3626 4086 3645 4122 ι

2099 4173 2228 4228 Post
2270 4173 2437 4228 haec:
2496 4192 2515 4224 ι
2569 4173 2808 4238 Gratias,
2863 4171 3075 4240 inquit,
3132 4168 3276 4235 Deo,
3326 4167 3450 4236 quia
3493 4161 3647 4219 fuistis

2097 4266 2242 4321 servi
2272 4266 2502 4336 peccati,
2537 4265 2797 4320 obedistis
2828 4274 3008 4318 autem
3043 4277 3110 4316 ex
3134 4263 3298 4316 corde
3326 4261 3381 4314 in
3409 4273 3524 4313 eam
3553 4254 3646 4309 for-

2099 4375 2242 4412 mam
2272 4357 2553 4422 doctrina},
2591 4357 2643 4411 in
2699 4355 2862 4426 quam
2893 4353 3073 4412 traditi
3092 4353 3225 4408 estis
3246 4351 3414 4402 "'5'.»
3447 4347 3648 4402 Videtur

2099 4451 2214 4506 lucc
2275 4452 2341 4504 ad
2397 4465 2494 4505 eos
2532 4449 2734 4510 dicere,
2768 4448 2834 4502 de
2887 4461 3118 4517 quorum
3173 4446 3280 4498 vita
3327 4442 3648 4512 profectum":

2100 4543 2400 4614 praesumit,
2430 4551 2485 4597 et
2514 4543 2581 4597 de
2600 4541 2799 4611 quibus
2817 4541 2927 4609 jam
2944 4539 3194 4610 superius
3216 4537 3426 4592 dixerat
3450 4547 3466 4587 :
3489 4549 3507 4583 ι
3529 4529 3647 4585 Gra-

413 4641 520 4695 que
543 4626 690 4680 enim
723 4635 935 4695 partem
966 4627 1312 4682 inclinaverit
1342 4627 1705 4682 obedientiam
1738 4626 1852 4699 (89)
1879 4669 1895 4694 ,
1941 4637 1996 4684 et
2028 4633 2074 4688 D
2105 4636 2209 4690 tias
2243 4650 2346 4705 ago
2384 4635 2495 4689 Deo
2523 4651 2619 4705 per
2643 4633 2827 4689 Jesum
2849 4633 3128 4689 Christum
3159 4643 3256 4700 pro
3291 4626 3540 4684 omnibus
3563 4633 3646 4672 vo-

410 4718 718 4789 cuicunque
749 4719 892 4790 parti
925 4734 1121 4789 parere
1151 4719 1408 4786 voluerit,
1443 4721 1558 4775 haec
1585 4721 1687 4776 sibi
1714 4736 1838 4776 eum
1873 4723 1996 4777 vin-

520 4839 566 4872 ⁷⁸
593 4840 754 4895 ltom.
776 4857 874 4904 vtt,
910 4841 998 4897 25.
1105 4841 1153 4874 ⁷⁸
1187 4839 1203 4895 Ι
1233 4842 1359 4897 Cor.
1395 4857 1485 4905 xv,
1517 4840 1606 4896 56.

1712 4843 1758 4874 "
1800 4841 1842 4896 ll
1869 4842 1993 4898 Cor.
2031 4863 2090 4902 ιιι
2117 4888 2132 4908 ,
2191 4849 2245 4901 6.

2107 4724 2215 4793 bis,
2249 4725 2375 4796 quia
2399 4725 2536 4780 ﬁdes
2566 4732 2746 4780 vestra
2773 4722 3135 4778 annuntiatur
3169 4721 3224 4774 in
3249 4717 3500 4774 universo
3521 4722 3647 4764 mun-

2353 4847 2399 4879 "
2427 4845 2587 4900 Boni.
2616 4861 2668 4899 vt
2701 4886 2717 4907 ,
2779 4845 2866 4900 I5.
2959 4845 3004 4876 ⁷⁷
3038 4842 3172 4897 ibid.
3220 4841 3274 4894 1.
3345 4838 3391 4872 ⁷⁸
3415 4835 3537 4891 ibid.

407 4909 457 4983 Ϊξ
487 4909 618 4983 ibid.
658 4910 746 4974 l6.
977 4913 1024 4945 ⁸ο
1050 4911 1097 4966 ll
1140 4913 1270 4968 Cor.
1305 4928 1363 4968 xr
1391 4952 1408 4981 ,
1440 4897 1495 4968 δ’.
1571 4913 1618 4944 ⁸¹
1643 4910 1836 4968 Matth.
1864 4897 1971 4982 “,1

2118 4897 2175 4949 ’⁸⁸
2198 4897 2364 4972 iiom.
2393 4897 2586 4983 νὶζϊόζ
2629 4897 2888 4971 -δίιόιῖιῂ
2913 4929 3032 4978 vttt,
3055 4913 3146 4968 δι.
3220 4911 3270 4943 ⁸⁸
3303 4911 3456 4966 Rom.
3476 4918 3546 4967 vt,
3571 4897 3642 4953 16.

412 4979 532 5012 ⁸⁸⁸⁸⁸
564 4982 698 5040 ibid.
732 4982 818 5036 17.

481 5077 595 5148 (85)
641 5077 794 5148 l’ero.
835 5077 1194 5148 Desideratur
1220 5080 1272 5135 in
1304 5089 1464 5135 antea
1499 5078 1688 5135 editis.

483 5146 596 5216 (84)
632 5146 781 5201 lam.
833 5147 886 5201 In
923 5147 1086 5204 editis
1111 5151 1406 5204 omittitur.

484 5215 600 5285 (85)
646 5217 747 5273 Ms.
800 5233 982 5286 unus,
1037 5236 1056 5271 ι
1093 5220 1210 5275 sive
1233 5219 1459 5292 iustitiae
1497 5219 1558 5274 in
1605 5219 1998 5278 sanctificatio-

416 5301 557 5340 IICIII.
589 5305 608 5338 ι

486 5355 597 5428 (86)
631 5355 773 5428 Editi
802 5397 820 5426 ,
857 5375 880 5411 ι
909 5359 1055 5414 servi
1081 5369 1262 5416 autem
1293 5361 1423 5416 facti
1459 5360 1596 5416 estis
1618 5359 1866 5428 iustitiae.
1901 5379 1921 5414 ι

486 5373 576 5422 (δυ
632 5373 773 5412 mnu
802 5397 820 5426 ,
857 5375 880 5411 ι
909 5373 1055 5414 servi
1081 5373 1262 5416 autem
1293 5373 1423 5416 t’actt
1459 5373 1596 5416 estis
1618 5373 1866 5428 justtttte.
1901 5379 1921 5414 ι

445 5493 456 5505 .
488 5373 600 5497 (87)
629 5426 820 5511 Alias,
855 5429 1031 5511 t'quia
1058 5432 1185 5511 ait“:
1235 5433 1376 5511 servi
1405 5433 1550 5511 estis-
1565 5433 1672 5511 cui_
1706 5433 1993 5511 obedistis,

414 5500 531 5577 sive
559 5500 793 5577 peccati,
851 5500 967 5555 sive
1015 5500 1343 5577 obetlieutim
1451 5504 1469 5569 (
1496 5502 1571 5577 a_l.
1623 5503 1994 5577 obeditionis)

414 5565 480 5650 i3,"
508 5565 800 5650 iustiliagn.
829 5585 961 5650 cum
995 5571 1136 5650 ratio
1171 5581 1424 5640 posceret
1456 5565 1472 5627 ἐ
1505 5572 1664 5628 Servi
1715 5573 1848 5627 estis
1897 5565 1994 5642 (al'.

417 5634 566 5706 Ergo
596 5639 739 5692 servi
761 5638 950 5706 estis),
978 5634 1111 5693 nete.

419 5705 803 5829 mgfjﬁlias,
838 5727 857 5760 ι
877 5705 972 5778 qui
1000 5709 1325 5778 imperitiam
1353 5711 1630 5767 sermonis
1656 5723 1850 5782 sponte
1871 5727 1996 5768 con-

477 5844 610 5923 .(89)
630 5845 796 5926 Editi,
824 5846 946 5926 add
976 5863 1359 5926 quamcunque
1383 5853 1877 5926 euimpolestaletn
1905 5853 1992 5906 iu-

420 5911 708 5970 cliuaverit
732 5911 1072 5971 obedientue.
1096 5937 1114 5970 ι
1137 5918 1238 5975 Ms.
1269 5911 1428 5983 unus.
1465 5940 1482 5972 ι
1512 5911 1591 5976 Ad
1615 5939 1996 5983 quamcunque

2105 5081 2249 5136 enim
2282 5087 2491 5149 partem
2514 5077 2863 5149 inclinaverit
2891 5091 2950 5149 se
2979 5076 3144 5149 homo
3169 5067 3506 5149 obedientite.
3534 5082 3618 5149 ,Δ

2325 5133 2488 5211 Εάίῑὶ.
2532 5166 2550 5199 ι
2581 5148 2716 5202 Nam
2768 5147 2949 5202 omnis
2975 5145 3091 5214 qui,
3127 5163 3146 5197 ι
3188 5153 3300 5197 etc.
3346 5139 3468 5194 Mss.
3499 5133 3645 5212 pleri-

2103 5235 2231 5290 que,
2265 5238 2284 5271 t
2320 5219 2429 5276 Sed
2456 5230 2512 5274 et
2541 5220 2722 5274 omnis
2749 5217 2866 5286 qui,
2899 5234 2918 5269 ι
2954 5227 3064 5272 etc.
3083 5254 3101 5282 ,
3129 5211 3336 5282 absque
3362 5225 3381 5260 t
3419 5205 3552 5277 quod
3574 5205 3646 5256 dt-

2104 5299 2478 5430 cu(liirloizilias.
2513 5377 2534 5411 ε
2569 5356 2708 5430 Mihi
2735 5356 3170 5430 autem_videtur.
3212 5371 3232 5404 ι

2177 5426 2290 5500 (92)
2320 5431 2490 5492 Alias,
2533 5448 2551 5478 v
2575 5429 2670 5482 sed
2691 5428 2872 5496 justus
2900 5426 3184 5481 Dominus.
3214 5442 3234 5475 ι
3487 5486 3500 5498 .

2181 5501 2292 5542 (om
2331 5499 2490 5542 Etiiti-
2538 5517 2556 5542 ι
2601 5513 2669 5542 εγ
2701 5499 2784 5542 hic
2811 5513 2934 5542 esse.
2955 5512 3144 5542 servos
3191 5492 3291 5542 (al.
3358 5504 3421 5542 ex
3452 5489 3528 5542 his
3545 5494 3643 5538 θεῖ’

2181 5496 2292 5572 (95)
2331 5499 2492 5559 Editi,
2538 5517 2556 5549 ι
2601 5513 2669 5551 ex
2701 5499 2784 5552 bis
2811 5513 2934 5554 esse
2955 5512 3144 5552 servos
3191 5496 3291 5559 (at.
3358 5504 3421 5546 ex
3453 5496 3528 5542 his
3545 5496 3639 5558 ser-

2110 5572 2210 5640 νίε)
2243 5571 2441 5639 ﬁnibus
2477 5569 2680 5622 Paulus
2695 5570 2856 5640 _dicit.
2884 5588 2902 5620 ι
2926 5567 3022 5640 aL,
3047 5586 3066 5618 (
3101 5583 3166 5623 ex
3195 5567 3281 5622 his
3306 5561 3474 5618 verbis
3495 5573 3514 5607 ι
3537 5550 3639 5624 (aL,

2105 5656 2167 5696 ex
2305 5640 2668 5725 sermonibus)
2692 5637 2866 5703 Pauli,
2892 5639 3093 5725 quibus
3121 5640 3274 5720 dicit.
3308 5655 3325 5686 ι

2179 5711 2290 5780 (94)
2325 5711 2492 5774 Editi,
2529 5728 2546 5760 ι
2579 5707 2704 5777 quia
2743 5707 2954 5778 sponte.
2986 5707 3119 5762 Nam
3155 5709 3254 5778 ipsi
3284 5721 3394 5766 nos.
3425 5725 3443 5759 ι

2176 5782 2297 5850 (95)
2325 5781 2498 5841 Alias.
2536 5797 2554 5831 t
2593 5781 2718 5847 quia
2754 5799 2772 5831 ι
2825 5787 2841 5847 (
2876 5780 2950 5832 al.
2990 5797 3008 5830 t
3037 5781 3202 5848 quod,
3243 5796 3260 5829 δ
3299 5777 3367 5832 al.
3415 5794 3432 5829 ε
3460 5764 3641 5850 quam)

2106 5844 2351 5904 diabolus
2406 5851 2536 5904 fecit
2577 5844 2633 5902 ui
2663 5844 3006 5931 peccatorem
3031 5844 3198 5931 Laut
3243 5844 3520 5902 natura...
3561 5844 3638 5891 aut

2105 5936 2297 5977 cursus
2326 5930 2600 5977 astrorum
2625 5920 2850 5988 efﬁciat,
2877 5940 2895 5973 ›
2928 5921 2999 5975 al.
3031 5939 3048 5971 t
3079 5918 3261 5975 faciat.
3298 5938 3316 5971 ι

2143 6514 2302 6524 -ιι-ρσ-..
2311 6516 2336 6522 -ι
2347 6517 2356 6522 -
2367 6516 2478 6524 _._——_
2493 6516 2508 6519 -
2529 6518 2534 6520 .
