3766 6636
467 430 609 492 1085

1932 427 2253 481 υΜϋΕΝΙΒ

3582 437 3677 494 1064

541 557 595 611 ι.
633 576 655 610 ι
690 556 998 612 llumanum
1038 554 1160 611 dico
1207 563 1433 625 propter
1460 551 1839 609 inﬁrmitatem
1872 550 2058 608 carnis
2085 552 2134 610 A
2161 548 2257 602 dat
2303 563 2319 602 :
2375 546 2521 619 quod
2564 547 2754 619 utique
2807 549 2928 607 ﬁeri
2977 566 3087 609 non
3116 561 3352 625 posset,
3382 555 3426 613 si
3457 566 3541 613 aut
3565 573 3680 615 natu-

464 660 685 707 vestrm.
722 649 875 705 Sicut
908 652 1050 706 enim
1083 649 1417 706 exhibuistis
1446 646 1691 705 membra
1726 656 1907 702 vestra
1931 660 2051 701 ser-

467 744 586 798 vire
627 743 1005 811 immunditiae,
1050 753 1105 798 et
1134 742 1413 813 iniquitati
1458 743 1525 797 ad
1555 740 1907 810 iniquitatem
1946 737 2048 812 (ες),

467 832 544 891 ita
580 850 725 891 nunc
757 835 1010 891 exhibete
1038 835 1281 890 membra
1322 844 1505 889 vestra
1556 834 1770 889 servire
1818 833 2050 904 justitire

465 925 524 984 in
545 926 1036 983 sanctiﬁcationem
1070 926 1111 980 ⁸.
1147 946 1165 979 ι
1200 925 1466 982 Pudorem
1504 926 1795 996 quemdam
1820 925 2049 996 perltzec

465 1016 667 1073 incutit
700 1015 992 1088 Apostolus
1021 1016 1366 1073 auditoribus
1395 1057 1412 1084 ,
1444 1026 1504 1071 ut
1533 1017 1637 1072 hoc
1668 1016 1867 1073 saltem
1890 1016 2048 1072 obse-

463 1112 576 1180 quii
605 1106 1161 1182 dependantjustitire
1184 1110 1702 1177 etsanctillcationi,
1724 1111 1867 1181 quod
1893 1111 2045 1182 prius

463 1204 821 1259 immunditiaa
873 1204 1261 1275 iniquitatique
1317 1204 1654 1259 detulerant.
1716 1203 1859 1272 Quid
1914 1217 2044 1277 ergo

462 1305 572 1350 tum
609 1297 907 1351 humanum
938 1336 953 1362 ,
982 1298 1086 1352 hoc
1115 1306 1199 1353 est
1228 1337 1244 1362 ,
1274 1297 1406 1367 quid
1438 1306 1546 1351 tam
1587 1296 1731 1363 leve,
1764 1296 1894 1366 quid
1932 1305 2041 1350 tam

460 1387 581 1441 sine
605 1402 770 1441 onere
795 1426 811 1451 ,
855 1395 911 1443 et
938 1388 1084 1458 quod
1118 1386 1263 1441 nulla
1293 1402 1524 1459 prorsus
1550 1387 1719 1458 possit
1745 1388 1930 1443 carnis
1960 1387 2044 1441 in-

461 1479 690 1534 firmitas
718 1493 984 1534 excusare
1015 1480 1141 1553 (6)?
1175 1498 1194 1532 ι
1229 1478 1383 1534 Sicut
1409 1520 1423 1543 ,
1467 1479 1687 1550 inquit,
1714 1480 2041 1535 exhibuistis

457 1573 700 1628 membra
733 1580 913 1627 vestra
941 1572 1148 1629 servire
1173 1570 1552 1637 immunditiar,
1593 1580 1647 1627 et
1673 1570 1944 1640 iniquitati
1971 1574 2038 1626 ad

460 1666 825 1736 iniquitatem,
859 1666 934 1720 ita
960 1681 1105 1721 nunc
1134 1665 1391 1722 exhibete
1420 1667 1661 1721 membra
1702 1675 1885 1722 vestra
1914 1681 2038 1723 ser-

455 1757 573 1811 vire
631 1756 861 1824 justitiae
921 1756 979 1812 in
1036 1756 1550 1812 sanctiﬁcationem.
1606 1776 1626 1810 ι
1677 1755 2035 1828 lngloriosum

451 1848 670 1918 quidem
702 1857 786 1904 est
811 1857 871 1902 ut
899 1848 972 1902 ita
997 1849 1123 1917 quis
1151 1848 1449 1903 virtutibus
1478 1849 1782 1904 sicutvitiis
1811 1849 2029 1904 serviat.

451 1941 620 1997 Multo
675 1941 823 1997 enim
858 1942 1092 2013 amplius
1118 1951 1172 1997 et
1202 1941 1373 1997 multo
1406 1942 1668 1998 intentius
1710 1943 2027 1998 honoranda

443 2032 659 2105 justitia
690 2044 794 2089 est.
831 2035 941 2090 Sed
978 2049 1098 2105 ego,
1132 2036 1328 2105 inquit,
1362 2036 1601 2090 humane
1633 2043 1689 2091 et
1721 2036 2031 2092 communi-

454 2138 538 2181 ter
570 2140 673 2197 ago
709 2143 723 2181 :
759 2128 950 2183 eadem
980 2127 1194 2198 postulo
1222 2169 1237 2193 ,
1288 2126 1484 2184 similia
1535 2129 1777 2198 requiro.
1817 2128 2027 2184 Dudttm

449 2222 747 2280 currebant
777 2222 948 2287 pedes
980 2221 1149 2275 vestri
1181 2220 1246 2275 ad
1271 2202 1578 2275 daemonum
1612 2221 1841 2290 templa,
1876 2237 2025 2277 nunc

447 2324 674 2370 currant
722 2313 800 2386 ('7)
833 2312 899 2366 ad
929 2312 1230 2367 Ecclesium
1275 2311 1389 2367 Dei.
1421 2312 1732 2367 Currebam
1762 2313 1913 2382 prius
1962 2314 2029 2368 ad

447 2405 836 2459 ell’undendum
872 2443 888 2467 ,
923 2417 1067 2458 nunc
1112 2410 1296 2457 autem
1327 2402 1394 2457 ad
1425 2401 1769 2458 liberandum
1808 2403 2030 2474 sangui-

448 2514 569 2552 ncm
597 2505 844 2551 currant.
872 2493 1340 2550 Protendebantur
1370 2495 1521 2563 prius
1538 2509 1741 2567 manus.
1763 2506 1823 2550 ut
1850 2494 2026 2551 aliena

446 2589 766 2657 diriperent,
804 2602 951 2644 nunc
998 2586 1396 2657 protendantur
1438 2595 1495 2641 ut
1528 2587 1747 2658 propria
1801 2587 2029 2658 largian-

446 2691 554 2736 tur.
584 2680 1116 2749 Circumspiciebant
1170 2677 1323 2748 prius
1370 2677 1515 2733 oculi
1570 2677 1893 2743 mulierem,
1929 2691 2024 2735 aut

440 2773 683 2829 alienum
710 2772 912 2844 aliqttid
941 2773 1007 2826 ad
1036 2769 1537 2842 concupiscendum
1561 2810 1576 2835 ,
1609 2786 1755 2827 nunc
1782 2773 2023 2828 circum-

438 2865 677 2936 spiciunt
708 2879 997 2934 pauperes,
1025 2863 1253 2931 debiles,
1286 2877 1488 2933 egenos
1522 2864 1589 2918 ad
1623 2863 2020 2923 miserandum.

439 2959 613 3013 Aures
637 2957 1051 3013 delectabantur
1082 2956 1268 3011 auditu
1297 2970 1460 3021 vano,
1497 2956 1583 3012 vel
1611 2957 1879 3013 bonorum
1928 2957 2023 3014 de-

440 3050 835 3120 rogationibus,
858 3063 1003 3104 nunc
1032 3058 1426 3105 convertantur
1455 3050 1523 3103 ad
1551 3048 1879 3104 audiendum
1901 3064 2022 3105 ver-

438 3142 566 3198 bum
602 3140 720 3205 Dei,
750 3139 817 3194 ad
842 3139 1281 3208 explanationem
1311 3139 1471 3210 legis,
1501 3150 1559 3195 et
1594 3141 1661 3195 ad
1696 3141 2016 3210 capiendam

2067 1893 2107 1949 Β

2156 655 2214 695 ra
2247 639 2384 723 (12),
2400 650 2460 697 ut
2487 640 2814 711 quibusdam
2836 644 3068 714 videtur,
3089 659 3442 721 repugnaret,
3456 662 3676 711 autastro-

2154 748 2278 787 rum
2321 747 2515 789 cursus
2543 734 2862 790 obsisteret.

2224 824 2281 884 5.
2321 846 2341 879 ‹
2376 828 2512 885 Cum
2545 830 2693 887 enim
2716 831 2861 887 servi
2893 833 3088 889 essetis
3118 833 3350 905 peccati,
3378 835 3528 891 liberi
3554 837 3676 893 eratis

2143 916 2387 989 justitiae.
2408 919 2578 988 Quem
2619 936 2750 993 ergo
2783 909 3018 979 fructum
3052 926 3327 982 habuistis
3357 938 3484 985 tunc
3511 930 3555 984 in
3581 931 3674 995 illis,
3732 906 3733 953 ³

2149 1011 2203 1066 in
2236 1010 2436 1082 quibus
2463 1028 2608 1068 nunc
2633 1014 2998 1071 erubescitis?
3027 1015 3161 1071 Nam
3189 1017 3315 1074 ﬁnis
3344 1018 3548 1076 illorum
3569 1038 3675 1078 mors
3732 1012 3733 1089 ξ

2147 1112 2251 1159 est.
2278 1102 2434 1159 Nunc
2464 1118 2596 1160 vero
2632 1105 2844 1161 liberati
2877 1124 2906 1161 τι
2932 1118 3182 1178 peccato,
3210 1112 3362 1166 servi
3391 1120 3557 1181 autem
3583 1113 3675 1170 facti
3732 1142 3733 1181 ι

2147 1195 2283 1261 Deo,
2315 1194 2534 1269 habetis
2580 1195 2816 1254 fructum
2858 1211 3094 1255 vestrum
3132 1201 3183 1256 in
3214 1203 3674 1271 sanctiﬁcatiouem,
3732 1214 3733 1269 ἢ

2146 1288 2309 1343 linem
2340 1302 2470 1344 vero
2499 1288 2669 1344 vitam
2700 1298 2962 1345 aeternam
2994 1291 3038 1346 ⁷.
3077 1310 3096 1344 ι
3128 1291 3416 1359 Quomodo
3448 1295 3551 1366 (ιὸ)
3587 1299 3677 1367 quis

2144 1381 2356 1451 peccati
2409 1396 2599 1437 servus
2629 1381 2723 1448 sit,
2759 1376 3105 1438 suﬁicienter'
3120 1384 3234 1455 jam
3265 1385 3319 1440 in
3353 1389 3676 1457 superioribus
3732 1382 3733 1455 γ

2145 1473 2346 1528 dictum
2375 1481 2501 1540 est,
2535 1488 2656 1529 cum
2684 1487 3084 1544 exponeremus
3114 1475 3266 1549 illum
3308 1476 3484 1534 locum
3513 1498 3565 1535 τι
3593 1479 3675 1535 Ne-
3732 1472 3733 1475 “

2144 1564 2303 1621 scitis
2331 1564 2459 1635 quia
2490 1563 2577 1619 cui
2606 1579 2703 1620 vos
2730 1565 3004 1622 exhibetis
3033 1582 3220 1624 servos
3242 1568 3311 1625 ad
3333 1571 3672 1640 obedientium,
3732 1638 3733 1641 η

2141 1657 2286 1713 servi
2319 1657 2455 1713 estis
2479 1657 2597 1728 ejus
2638 1658 2729 1713 cui
2772 1658 3055 1731 obedistis,
3089 1664 3207 1719 sive
3234 1666 3471 1733 peccati,
3498 1665 3677 1736 siveju-
3732 1657 3733 1736 ἶ

2138 1749 2302 1806 stitia:
2330 1750 2398 1804 εἳ
2433 1768 2452 1803 ι
2485 1750 2618 1805 Cum
2652 1763 2788 1822 ergo
2816 1753 2943 1823 quis
2975 1764 3202 1823 peccato
3226 1758 3400 1811 servit
3428 1799 3444 1825 ,
3485 1758 3671 1827 justiti:
3732 1749 3733 1821 ἓ

2138 1843 2277 1899 liber
2313 1851 2418 1908 est,
2446 1842 2551 1900 hoc
2576 1852 2689 1911 est,
2715 1846 2926 1902 alienus
2966 1862 2995 1901 a
3016 1847 3251 1918 justitia.
3275 1849 3377 1904 llic
3409 1851 3545 1905 enim
3574 1851 3679 1906 libe-
3732 1842 3733 1919 ξ

2139 1953 2258 1992 rum
2292 1938 2532 1994 alienum
2579 1938 2749 2005 dicit,
2790 1947 2847 1995 et
2899 1950 3050 1996 recte
3078 1941 3316 2010 quidem.
3370 1941 3535 1997 Nemo
3561 1944 3677 1998 enim
3732 1930 3733 2010 ξ

2134 2041 2315 2101 potest
2341 2031 2502 2087 simul
2528 2040 2582 2087 et
2608 2041 2836 2102 peccato
2876 2033 3108 2100 servire,
3140 2044 3193 2089 et
3212 2033 3465 2103 justitia.
3492 2036 3620 2091 sicut
3637 2045 3682 2090 et
3732 2030 3733 2101 ᾖ

2134 2124 2392 2181 Salvator
2412 2125 2573 2193 dixit,
2601 2123 2728 2195 quia
2764 2144 2783 2178 ι
2826 2140 2987 2182 nemo
3012 2136 3194 2196 potest
3232 2127 3449 2183 duobus
3480 2128 3677 2183 dominis
3732 2123 3733 2181 ἕ

2134 2219 2346 2274 servire
2377 2219 2421 2275 ’.
2456 2236 2475 2270 ι
2516 2216 2623 2275 Sed
2648 2217 2715 2273 de
2744 2217 2831 2274 his
2853 2218 3067 2288 plenius
3095 2234 3258 2290 supra
3291 2220 3547 2277 diximus.
3570 2218 3677 2274 Illud
3732 2230 3733 2239 ‘

2131 2326 2266 2367 sane
2295 2310 2592 2368 notandum
2627 2318 2734 2375 est,
2766 2324 2892 2366 esse
2923 2319 2979 2364 et
3020 2310 3330 2366 libertatem
3360 2313 3677 2382 culpabilem,

2130 2411 2186 2458 et
2211 2402 2544 2457 laudabilem
2576 2400 2917 2456 servitutem.
2965 2399 3102 2456 Nam
3154 2401 3681 2476 liberuntessejusti-

2133 2494 2243 2559 tiae,
2274 2494 2479 2550 crimen
2514 2501 2635 2560 est;
2668 2508 2886 2549 servum
2905 2507 3036 2548 vero
3069 2509 3212 2561 esse,
3246 2494 3537 2552 laudabile.
3555 2495 3680 2563 Quod
3732 2534 3733 2563 ι

2128 2598 2309 2642 autem
2336 2584 2707 2654 dicitjustititr
2734 2599 2953 2641 servum
2994 2584 3135 2652 ﬁeri,
3165 2585 3329 2641 simul
3359 2585 3600 2658 intellige
3633 2596 3679 2640 et

2127 2679 2431 2750 sapientiae,
2467 2687 2521 2735 et
2549 2678 2779 2750 pietati,
2812 2686 2866 2733 et
2892 2678 3192 2748 pudicitiae,
3233 2688 3286 2734 et
3314 2680 3573 2737 omnibus
3594 2695 3679 2735 una
3732 2674 3733 2735 ξ

2127 2771 2420 2828 virtutibus
2453 2791 2466 2828 :
2489 2769 2948 2827 sicutecontrario
2962 2773 3051 2843 qui
3067 2782 3310 2844 peccata,
3325 2787 3519 2829 servus
3533 2784 3607 2831 est
3623 2772 3680 2825 si-

2124 2865 2236 2918 mul
2270 2873 2326 2920 et
2357 2860 2814 2933 concupiscentia:
2845 2859 3036 2927 malae,
3071 2870 3126 2917 et
3159 2861 3280 2927 irae,
3306 2870 3362 2916 et
3394 2862 3612 2928 furoris,
3639 2871 3682 2917 et

2123 2956 2503 3027 impudicitia,
2541 2965 2597 3011 et
2625 2954 2870 3023 rapinae;
2904 2963 2960 3010 et
2992 2954 3244 3010 omnibus
3271 2955 3438 3011 simul
3465 2956 3606 3010 vitiis
3628 2969 3680 3009 ac

2124 3050 2428 3107 sceleribus
2459 3049 2650 3105 servit.
2690 3047 2841 3104 Unde
2869 3045 3233 3117 nosmetipsos
3267 3062 3495 3119 semper
3527 3049 3684 3105 discu-

2122 3148 2238 3195 tere
2268 3140 2526 3195 dcbemus
2558 3153 2652 3209 per
2686 3138 2897 3208 singula
2925 3152 3153 3209 qumque
3182 3152 3307 3209 quae
3335 3139 3581 3209 gerimus
3600 3180 3613 3203 ,
3640 3148 3684 3192 ct

437 3233 721 3305 sapientiae
767 3230 1111 3301 disciplinam
1166 3231 1265 3303 (8).
1309 3230 1516 3302 Lingua
1552 3234 1971 3301 quae-conviciis
1996 3275 2013 3300 ,
2042 3247 2084 3306 α
2120 3233 2173 3287 in
2221 3246 2547 3303 unoquoque
2570 3241 2691 3287 actu
2721 3232 3073 3291 considerare
3102 3233 3323 3288 cuinam
3358 3236 3679 3295 serviamus.
3732 3230 3733 3306 ξ

440 3324 747 3380 maledictis
769 3363 785 3388 ,
830 3332 889 3376 et
918 3322 1265 3393 turpiloquiis
1296 3332 1512 3380 assueta
1544 3333 1629 3379 est
1655 3323 1756 3396 (9),
1789 3340 2017 3383 conver—

437 3424 585 3470 tatur
637 3428 782 3468 nunc
831 3412 897 3467 ad
949 3411 1379 3468 benedicendum
1430 3412 1722 3469 Dominum
1778 3416 1832 3470 in
1867 3419 2013 3473 omni

435 3506 715 3576 tempore'
736 3521 752 3558 :
771 3520 1085 3560 sermonem
1108 3520 1306 3561 sanum
1328 3505 1593 3576 proferat,
1621 3516 1677 3562 et
1703 3508 2010 3576 honestum,

432 3607 493 3653 ut
523 3598 613 3653 det
640 3598 868 3668 gratiam
904 3596 1254 3652 audientibus
1277 3636 1293 3662 ,
1339 3606 1397 3654 et
1438 3598 1724 3655 veritatem
1757 3601 2012 3673 loquatur

430 3705 556 3745 cum
601 3689 851 3759 proximo
900 3703 998 3743 suo
1027 3688 1069 3743 ⁸.
1115 3686 1223 3744 Sed
1254 3689 1387 3759 quid
1417 3704 1556 3759 opus
1599 3700 1683 3747 est
1729 3693 1844 3749 hinc
1895 3696 2009 3751 sin-

427 3783 551 3853 gula
589 3782 865 3853 persequi,
886 3795 1007 3836 cum
1035 3789 1217 3852 pateat
1235 3782 1397 3837 etiam
1429 3783 1554 3848 tibi,
1575 3784 2008 3858 uniuscujusque

430 3873 658 3929 membri
689 3873 1060 3929 ministerium
1090 3912 1109 3937 ,
1137 3874 1279 3941 quod
1312 3874 1564 3930 exhibuit
1594 3876 1744 3932 vitiis
1769 3917 1784 3942 ,
1819 3888 2010 3948 aptare

425 3967 738 4031 virtutibus,
763 3975 819 4021 et
848 3977 1032 4022 actum
1061 3981 1223 4037 quem
1247 3966 1499 4023 exhibuit
1522 3967 1905 4035 immunditiae,
1937 3970 2004 4025 ad

423 4060 734 4113 castitatem
789 4075 934 4114 nunc
988 4058 1596 4132 sanetiilcationemque
1630 4066 2003 4120 convertere?

424 4147 656 4205 Videtur
684 4165 818 4205 sane
850 4153 940 4206 hic
961 4151 1234 4220 justitiam
1266 4168 1366 4222 pro
1397 4153 1655 4210 omnibus
1688 4155 1852 4210 simul
1885 4156 2002 4212 vir-

426 4240 630 4296 tutibus
664 4244 995 4309 nominasse,
1023 4244 1164 4299 sicut
1189 4247 1501 4300 econtrario
1525 4246 1870 4316 iniquitatem
1901 4264 1999 4319 pro

420 4332 673 4386 omnibus
707 4332 872 4386 simul
910 4333 1059 4388 vitiis
1114 4334 1386 4403 posuisse.
1420 4336 1644 4392 Addidit
1677 4337 1793 4411 (I0)
1824 4355 1994 4409 sane,

422 4439 445 4475 ι
476 4420 702 4491 justitim
736 4423 789 4476 in
815 4423 1332 4494 sanctiﬁcationem,
1365 4445 1384 4478 ι
1417 4441 1525 4496 quo
1549 4429 1799 4487 videlicet
1821 4433 1992 4488 casti-

419 4515 547 4567 tatis
576 4520 782 4584 parte'm
806 4523 860 4569 et
888 4516 1214 4584 generaliter
1241 4531 1368 4571 cum
1397 4519 1613 4574 caeteris
1632 4560 1647 4585 ,
1677 4530 1734 4576 et
1762 4537 1858 4592 per
1904 4538 1993 4579 se-

2118 3334 2413 3396 peccatone
2434 3325 2504 3381 ad
2531 3323 2896 3395 iniquitatem,
2927 3340 2994 3379 an
3044 3324 3270 3394 iustitia
3304 3327 3359 3381 in
3392 3326 3681 3383 sanctiﬁca-

2120 3420 2344 3474 tionem.
2398 3438 2418 3471 ι
2470 3418 2644 3487 Quem
2674 3433 2807 3489 ergo
2830 3457 2847 3484 ,
2878 3418 3100 3489 inquit,
3153 3419 3397 3475 fructum
3434 3421 3683 3477 habuistis

2119 3518 2247 3566 tunc
2274 3512 2326 3566 in
2358 3511 2488 3578 illis,
2519 3512 2572 3566 in
2608 3511 2808 3581 quibus
2841 3526 2986 3565 nunc
3016 3511 3339 3569 erubescitis
3360 3514 3387 3567 ?
3418 3514 3553 3569 Nam
3578 3516 3682 3568 linis

2115 3604 2333 3661 illorum
2366 3619 2515 3660 mors
2547 3615 2631 3660 est
2660 3605 2725 3661 ¹⁰.
2764 3623 2784 3658 ι
2816 3605 3075 3662 Fructum
3104 3618 3160 3662 et
3202 3609 3481 3663 bonorum
3503 3619 3557 3664 et
3585 3624 3684 3663 ma-

2114 3695 2293 3749 lorum
2317 3710 2446 3751 esse
2460 3697 2619 3751 docet
2649 3695 2937 3767 Scriptura
2966 3697 3175 3764 divina,
3202 3706 3262 3753 ut
3294 3699 3418 3769 ipse
3449 3699 3683 3756 Salvator
3732 3724 3733 3769 ξ

2114 3789 2167 3844 in
2202 3787 2511 3859 Evangeliis
2540 3788 2673 3843 dicit
2705 3806 2719 3843 :
2756 3807 2776 3841 ι
2820 3790 2930 3845 Aut
2969 3790 3135 3846 facite
3180 3790 3449 3847 arborem
3482 3793 3682 3855 bonam,

2110 3888 2167 3937 et
2195 3878 2430 3934 fructum
2453 3878 2572 3947 ejus
2597 3878 2798 3934 bonum
2822 3895 2837 3946 ;
2865 3889 2961 3933 aut
2988 3878 3150 3936 facile
3178 3879 3445 3936 arborem
3479 3881 3682 3941 malam.

2109 3978 2164 4026 et
2196 3971 2434 4025 fructum
2482 3969 2601 4038 ejus
2632 3969 2834 4025 malum
2870 3970 2934 4026 “.
2973 3971 3094 4027 Non
3125 3981 3306 4040 potest
3354 3973 3535 4030 arbor
3561 3973 3684 4029 bona
3732 3969 3733 4040 ξ

2106 4062 2322 4118 fructus
2355 4060 2529 4118 malos
2549 4060 2755 4130 facere,
2789 4078 2965 4133 neque
3000 4064 3166 4119 arbor
3197 4064 3337 4120 mala
3368 4065 3588 4122 fructus
3610 4067 3685 4120 bo-

2106 4168 2209 4210 nos
2246 4155 2432 4210 facere
2467 4154 2532 4209 “.
2566 4173 2587 4207 ι
2637 4156 2697 4209 ιη
2729 4155 2928 4225 quibus
2962 4158 3303 4226 propositum
3348 4167 3415 4215 et
3448 4160 3685 4215 voluntas
3732 4172 3733 4226 ι

2105 4246 2346 4301 hominis
2370 4285 2387 4312 ,
2422 4246 2587 4300 arbor
2632 4245 2739 4300 dici
2773 4245 2991 4301 videtur
3022 4249 3109 4303 vel
3150 4250 3295 4305 bona
3318 4292 3334 4319 ,
3367 4251 3463 4308 vel
3514 4252 3683 4314 mala.
3732 4240 3733 4317 ἦ

2109 4339 2324 4395 fructus
2347 4354 2480 4395 vero
2515 4338 2636 4409 ejus
2664 4352 2855 4409 opera.
2899 4339 2959 4394 Si
2999 4343 3124 4411 quis
3159 4354 3458 4400 convertat
3487 4345 3685 4401 animos

2105 4438 2163 4488 et
2205 4433 2541 4502 propositum
2578 4432 2645 4487 ad
2670 4433 2939 4501 justitiam
2965 4474 2982 4501 ,
3018 4434 3296 4493 erubescit
3321 4436 3456 4492 sine
3486 4437 3679 4499 dubio.

2105 4535 2163 4582 et
2193 4525 2309 4597 ipse
2339 4540 2397 4582 se
2447 4534 2600 4581 nutat
2639 4526 2752 4598 (14)
2787 4528 2854 4584 de
2900 4528 3174 4599 prioribus
3202 4530 3384 4600 gestis
3413 4547 3541 4602 qua:
3583 4534 3683 4602 egit

415 4604 704 4675 metipsam
760 4607 1069 4675 specialiter
1117 4612 1547 4667 commendaret.
1602 4611 1709 4667 Sed
1757 4622 1812 4668 et
1860 4615 1991 4672 illud
2031 4598 2072 4654 θ
2101 4618 2312 4687 positus
2346 4617 2448 4672 sub
2474 4627 2725 4687 peccato,
2758 4598 2924 4688 quiar
2958 4618 3082 4674 ﬁnis
3108 4598 3325 4676 illorum
3360 4598 3521 4679 mors
3540 4598 3677 4679 est.»

413 4696 622 4767 aspice,
662 4700 807 4769 quod
860 4699 1065 4770 ubique
1095 4716 1194 4768 per
1240 4701 1356 4756 haec
1405 4704 1618 4758 arbitrii
1672 4704 1987 4761 libertatem

412 4788 659 4860 designat
682 4789 895 4864 ,574
935 4802 993 4848 et
1023 4794 1265 4850 OStendit
1299 4811 1750 4868 unumquemque
1784 4799 1989 4857 habere

414 4882 468 4935 in
502 4896 600 4936 sua
632 4890 922 4953 potestate,
975 4893 1034 4939 ut
1065 4899 1185 4955 quo:
1216 4896 1345 4942 ante
1376 4887 1655 4956 iniquitati
1683 4890 1751 4945 ad
1785 4892 1987 4964 iniqui-

413 4982 575 5029 tatem
612 4976 836 5031 servitia
868 4975 1215 5046 dependebat
1247 4976 1362 5050 (ll)
1389 5019 1406 5044 ,
1441 4980 1559 5036 haec
1581 5019 1599 5047 ,
1627 4996 1893 5040 converso
1931 4987 1983 5041 in

411 5067 603 5123 melius
629 5071 928 5140 proposito,
954 5071 1187 5142 justitiae
1215 5073 1751 5146 sanctiﬁcationique
1780 5078 1988 5149 depen-

405 5246 428 5280 .
463 5185 929 5280 ..‘,.'.i?"‘:_.".;.‘9-
965 5191 1433 5280 ..⁸..ιῗξειιοξξξιιιν
1459 5194 1515 5248 ε·

463 5255 653 5312 Mattlt.
679 5274 753 5325 vt,
782 5260 875 5316 24.
965 5261 1009 5293 ¹⁰
1043 5260 1202 5316 liom.
1232 5278 1306 5330 vl,
1332 5255 1424 5319 εις

476 5346 554 5488 ἒῦ)
580 5347 750 5427 Alias,
788 5368 807 5401 ι
846 5350 1188 5419 injustitiam.
1234 5371 1254 5405 ι

498 5417 723 5488 bibditi
754 5459 770 5481 ,
819 5437 837 5470 ι
891 5421 1033 5475 nulla
1083 5423 1254 5476 ration

498 5417 723 5495 6)_Editi
754 5459 770 5481 ,
819 5437 837 5470 ι
891 5417 1033 5495 nulla
1062 5423 1297 5495 ratione
1347 5439 1576 5495 prorsus
1619 5426 1792 5495 possit
1828 5428 1982 5483 inﬁr-

404 5486 614 5609 pti‘tlautis
663 5490 936 5543 excusari.
982 5509 1001 5543 ι
1054 5492 1162 5548 Sed
1198 5486 1390 5551 omnes
1426 5511 1554 5551 mss.
1598 5486 1657 5550 tit
1688 5499 1742 5552 in
1788 5510 1978 5553 nostro

428 5572 457 5608 e
561 5592 577 5608 ο

428 5572 577 5608 θιιυ.

476 5623 754 5694 (7)~Alias,
793 5645 813 5679 ι
853 5642 998 5685 nunc
1033 5641 1214 5689 autem
1243 5642 1596 5689 concurrant.
1644 5653 1663 5688 ι

477 5694 552 5772 ςξ)
581 5694 751 5772 ,ῌάίιίε
789 5716 807 5748 ι
842 5702 1172 5772 sapientiam
1200 5713 1255 5756 et
1283 5703 1647 5772 disciplinam.
1686 5722 1705 5755 ι

472 5764 987 5835 (9)(Ξεηειιι-πιιιιε,
1019 5788 1038 5821 ι
1080 5782 1197 5831 erat
1220 5764 1457 5830 assueta.
1492 5791 1511 5825 ι

470 5834 580 5905 (10)
613 5834 778 5904 Editi,
810 5855 829 5891 ι
867 5834 1032 5896 Addit
1062 5856 1297 5912 quoque,
1332 5861 1350 5895 ι
1384 5858 1486 5898 ms.
1518 5858 1678 5911 unus,
1704 5862 1722 5898 ι
1761 5843 1972 5901 addidit

400 5919 692 5965 αυοαυυ.»

1617 5192 1902 5267 f_Zacltar.
1931 5216 1982 5264 ι,
2027 5200 2087 5256 16
2120 5216 2137 5267 ;
2173 5199 2375 5267 Epltes.
2408 5210 2483 5267 tv,
2513 5193 2604 5247 εδ.

1527 5265 1571 5297 ιι
1617 5264 1808 5321 Matth.
1842 5284 1960 5335 xu,
2007 5273 2099 5327 53.

2109 4706 2217 4766 Sed
2257 4711 2480 4779 requiro
2507 4723 2627 4779 quae
2659 4725 2809 4766 mors
2836 4710 2857 4764 2
2889 4709 3110 4766 Certum
3136 4721 3224 4767 est
3252 4715 3389 4782 quia
3423 4715 3545 4787 (15)
3587 4730 3680 4771 nou

2099 4802 2201 4859 ista
2236 4802 2567 4858 communis.
2607 4800 2724 4858 Non
2756 4801 2901 4858 enim
2950 4803 3075 4874 quis
3106 4813 3230 4873 post
3276 4818 3528 4864 mortem
3564 4824 3683 4863 cou-
3732 4800 3733 4874 φ

2094 4895 2332 4952 vertitur
2369 4896 2436 4950 ad
2458 4893 2755 4963 justitiam,
2787 4894 2874 4949 vel
2903 4910 3002 4965 pro
3050 4896 3193 4973 male
3223 4899 3408 4969 gestis
3461 4912 3676 4971 praetcr-

2094 4988 2187 5044 itis
2207 4986 2499 5043 erubescit.
2527 4987 2666 5052 Quid
2707 5000 2839 5057 ergo
2866 4988 2993 5042 est?
3025 4988 3425 5059 Nunquidnam
3483 4994 3681 5062 peccati

2096 5088 2329 5134 mortem
2357 5078 2537 5133 dicere
2555 5075 2791 5141 videtur,
2826 5077 3083 5146 quoniam
3121 5095 3140 5129 ι
3183 5080 3371 5135 anima
3400 5098 3532 5153 qua
3565 5100 3682 5154 ρος-

2709 5193 2729 5224 τ
2762 5192 2923 5248 Rom.
2960 5207 3036 5261 Vl,
3075 5192 3167 5261 eo,
3196 5194 3291 5249 ea.
3353 5172 3400 5228 ἰ
3433 5197 3574 5255 ibid.
3606 5199 3681 5257 ιθ

2199 5262 2241 5301 ’ί
2295 5266 2485 5321 Matth.
2522 5279 2639 5329 vn,
2676 5262 2765 5316 l8.

2161 5358 2272 5430 (ll)
2320 5357 2461 5413 Editi
2489 5398 2505 5424 ,
2540 5375 2560 5409 ι
2596 5353 3019 5423 dependebant,
3057 5373 3077 5410 ι
3103 5364 3158 5411 et
3210 5355 3381 5424 intra,
3426 5380 3450 5413 ι
3488 5363 3685 5435 depen-

2087 5431 2390 5582 dfaléfsic
2420 5510 2550 5550 mss.
2588 5503 2644 5551 et
2674 5494 2955 5551 Rabanus.
2984 5495 3127 5552 Editi
3161 5511 3315 5563 vero,
3350 5517 3372 5551 ε
3412 5502 3465 5558 si
3498 5517 3684 5562 neces.

2082 5577 2217 5625 sitas
2244 5577 2472 5621 natum.
2514 5583 2534 5617 ι

2180 5638 2268 5704 15)
2299 5637 2472 5702 Alias,
2513 5654 2532 5687 ι
2570 5634 2876 5703 Quoniam;
2922 5654 2942 5689 ι
2974 5635 3072 5700 al.,
3108 5653 3128 5688 ι
3163 5636 3345 5704 Quod.
3390 5659 3414 5692 ι

2183 5640 2246 5694 15
2299 5638 2472 5702 Alias,
2513 5654 2532 5687 ι
2570 5638 2876 5703 Quoniam;
2922 5654 2942 5689 ι
2974 5638 3072 5700 al.,
3108 5653 3128 5688 ι
3163 5638 3345 5704 Quod.
3390 5659 3414 5692 ι

2183 5638 2268 5780 l4;
2293 5707 2445 5762 Alias
2467 5746 2484 5771 ,
2524 5725 2544 5758 ί
2591 5717 2647 5761 et
2675 5706 2788 5776 ipse
2814 5721 2875 5763 se
2902 5716 3168 5771 renovat,
3210 5726 3232 5761 ι
3265 5710 3374 5778 al.,
3418 5729 3441 5765 ι
3477 5722 3538 5772 et
3571 5714 3679 5787 ipsa

2081 5788 2265 5920 noxii.)
2290 5798 2454 5914 ’Quiu.
2484 5847 2643 5906 Deest
2670 5848 2724 5903 in
2754 5846 2911 5903 libris
2937 5856 3097 5903 antea
3128 5846 3340 5923 editis”
