3766 6586
59 409 164 465 1065
213 459 220 466 .

960 409 1314 466 COMMENT.
1358 409 1422 465 IN
1461 410 1679 466 EPIST.
1719 411 1810 464 AD
1848 410 2012 467 ROM.
2056 411 2185 467 LIB.
2229 412 2314 467 Vl.

3127 416 3268 474 1066

55 540 137 585 rat.
164 524 270 592 ipsa
305 524 566 579 morietur
595 526 639 557 ’³
668 526 691 579 ?
728 545 746 576 ι
783 527 861 579 An
893 526 1025 581 illud
1074 529 1246 598 magis
1277 538 1456 598 potest
1495 529 1583 582 i-n-
1614 535 1656 590 Λ
1691 531 1891 584 tionem
1942 531 2185 585 diximus
2235 530 2507 585 fructuum
2559 531 2846 598 malorum,
2898 544 2952 588 et
2986 534 3260 592 fructuum

57 620 188 687 telligi
215 621 357 687 quod
390 618 548 672 istam
589 629 816 674 mortem
843 620 985 674 dicat
1010 621 1122 692 (16)
1154 638 1256 690 qua
1289 639 1408 676 cum
1431 622 1591 676 Chri-

54 725 116 766 sto
139 720 351 780 peccato
378 711 666 774 morimur,
699 720 754 766 et
797 712 943 767 vitiis
976 728 1040 767 ac
1082 714 1378 768 sceleribus
1424 714 1588 767 (in‘em

53 809 230 865 damus,
265 810 320 855 ut
348 813 570 872 propter
593 805 694 858 hoc
725 805 932 859 dixisse
983 805 1248 871 videatur,
1267 806 1392 874 quia
1421 823 1440 857 ι
1468 805 1593 861 finis

53 897 231 968 illorum
268 909 415 948 mors
464 895 596 948 est?
646 894 802 950 Nunc
832 910 962 949 vero
1011 895 1224 950 liberati
1259 910 1288 949 a
1322 905 1545 964 peccato
1571 939 1588 964 ,

51 989 157 1042 servi
194 995 376 1040 autem
416 986 543 1040 facti
575 986 710 1052 Deo,
744 988 960 1042 habetis
995 986 1231 1042 fructum
1262 998 1505 1043 vestrum
1533 988 1588 1042 in

49 1077 546 1141 sanctificationem,
606 1078 768 1133 liuent
819 1094 950 1132 vero
1005 1079 1170 1133 vitam
1221 1089 1503 1133 atternam.
1565 1097 1586 1132 ι

51 1170 253 1224 Fructus
303 1169 569 1224 fructibus
620 1178 900 1238 comparat
951 1187 964 1224 :
1013 1179 1072 1225 et
1113 1173 1324 1239 peccati
1367 1171 1589 1241 quidem

51 1263 229 1316 fructus
285 1278 384 1332 pro
422 1263 620 1330 quibus
646 1278 811 1326 nunc,
843 1263 944 1317 hoc
974 1271 1076 1328 est,
1103 1273 1289 1331 postea
1322 1278 1486 1333 quam
1523 1263 1592 1318 li-

47 1354 184 1408 berati
229 1369 259 1407 a
306 1363 526 1423 peccato
548 1393 564 1420 ,
593 1362 647 1408 et
688 1355 832 1408 servi
863 1353 992 1408 facti
1024 1354 1156 1420 Deo,
1191 1355 1366 1409 sancti
1397 1353 1592 1410 erube—

45 1457 191 1511 scunt,
212 1447 528 1514 pronuntiat
553 1457 728 1499 morte
763 1445 914 1500 finiri
948 1461 964 1500 :
994 1445 1202 1501 fructus
1221 1461 1349 1502 vero
1369 1445 1592 1515 iustitia:

45 1539 113 1607 qui
151 1549 280 1593 sunt
329 1542 380 1590 in
409 1539 904 1592 sanctiticationem
934 1578 950 1601 ,
981 1537 1144 1593 linem
1185 1538 1320 1594 dicit
1344 1537 1593 1607 accipere

49 1632 177 1681 titan)
211 1640 496 1684 aeternam.
547 1628 602 1682 ln
638 1644 747 1699 quo
782 1629 914 1684 illud
963 1631 1141 1700 primo
1170 1644 1278 1684 non
1313 1637 1398 1684 est
1426 1628 1592 1684 omit-

45 1725 255 1787 tendum,
298 1723 443 1791 quod
479 1721 692 1776 fructus
720 1722 938 1792 quidem
973 1737 1068 1777 eos
1094 1738 1191 1792 pro
1218 1722 1416 1793 quibus
1448 1737 1594 1778 nunc

43 1816 393 1869 erubescimus
415 1814 550 1886 (17),
577 1816 632 1868 in
661 1830 768 1884 quo
803 1814 912 1868 sint
943 1814 1114 1870 noluit
1146 1817 1428 1872 nominare
1457 1831 1476 1870 :
1502 1829 1594 1870 eo-

1692 623 1956 677 bouorum
2009 622 2202 678 fecisse
2233 625 2576 697 Apostolnm)
2607 627 2748 695 quod
2803 627 2872 680 ibi
2915 629 3130 694 quidem
3167 631 3258 684 ubi

1691 717 1758 770 de
1793 716 1949 770 malis
2002 715 2271 772 fructibus
2322 717 2560 782 dicebat,
2614 733 2720 772 nou
2767 718 2951 774 dixit:
3002 717 3258 775 Fructum

1692 818 1934 861 vestrum
1984 809 2251 864 habuistis
2287 827 2306 860 ι
2339 809 2392 862 in
2427 809 2624 878 quibus
2655 824 2800 864 nunc
2842 809 3202 866 erubescitis:
3235 830 3256 864 ι

1689 899 1784 951 sed
1814 899 1953 952 dixit
1981 916 1994 952 :
2037 917 2057 951 ι
2087 900 2260 966 Quem
2307 915 2438 971 ergo
2493 901 2728 955 fructum
2761 902 3069 958 habuistis?
3101 923 3122 958 ι
3171 906 3262 960 ubi

1692 1005 1820 1045 vero
1853 991 1920 1045 de
1972 992 2130 1048 bonis
2177 992 2442 1048 fructibus
2489 994 2644 1058 dicit,
2682 996 2834 1050 addit
2887 1014 2906 1048 ι
2941 1007 3208 1054 vestrum.
3239 1017 3260 1050 ι

1693 1081 1786 1136 Sic
1827 1083 1972 1136 enim
2026 1084 2262 1139 scribit:
2319 1104 2338 1136 ι
2380 1083 2604 1140 Habetis
2657 1085 2892 1142 fructum
2937 1090 3264 1144 vestrumin

1690 1175 2179 1230 sanctificationem
2210 1192 2224 1230 :
2261 1193 2282 1228 ι
2326 1191 2422 1246 per
2455 1177 2598 1245 quod
2633 1177 2877 1233 indicare
2925 1178 3059 1234 mihi
3111 1179 3268 1235 vide-

1691 1276 1780 1318 tur
1806 1266 1949 1335 quod
1995 1265 2208 1322 fructus
2253 1270 2452 1335 malus,
2493 1270 2704 1327 fructus
2755 1272 3161 1327 erubescendos
3208 1283 3266 1327 et

1691 1355 2058 1423 paenitendus,
2095 1372 2205 1412 non
2239 1367 2321 1413 est
2349 1369 2532 1415 noster
2563 1361 2794 1415 fructus.
2831 1359 2946 1414 Non
2983 1362 3128 1415 enim
3154 1377 3267 1415 ma-

1692 1447 1796 1502 lam
1832 1448 1886 1502 in
1915 1449 2072 1504 nobis
2101 1450 2353 1505 arborem
2412 1451 2555 1507 Deus
2609 1452 2874 1522 plantavit
2907 1467 3026 1520 qua:
3057 1453 3264 1507 fructus

1693 1538 1861 1594 malos
1884 1539 2170 1608 proferret,
2199 1538 2353 1597 sicut
2381 1552 2436 1597 et
2468 1545 2584 1613 ipse
2606 1545 2739 1598 dicit
2765 1559 2863 1614 per
2892 1544 3209 1614 prophetam
3244 1561 3261 1596 :

1697 1646 1714 1678 ι
1747 1628 1860 1698 Ego
1886 1639 1936 1684 te
1967 1631 2207 1700 plantavi
2236 1633 2400 1688 vitem
2424 1632 2760 1689 fructiferam
2793 1645 2960 1690 totam
2991 1649 3264 1701 veracem,

1689 1719 1961 1784 quomodo
1979 1735 2237 1776 conversa
2261 1737 2320 1777 es
2339 1723 2392 1776 in
2414 1723 2773 1778 amaritudine
2788 1724 2916 1779 vitis
2937 1725 3123 1779 alienae
3146 1726 3220 1778 l’?
3242 1745 3260 1776 ο

1693 1807 1931 1864 Fructus
1964 1825 2096 1880 ergo
2133 1810 2305 1866 malos
2342 1813 2508 1868 etiam
2556 1815 2604 1869 si
2638 1812 2952 1880 aﬂ'eramns,
2985 1830 3091 1870 non
3139 1825 3267 1869 sunt

42 1921 133 1956 rum
163 1920 294 1959 vero
341 1905 577 1959 fructum
613 1912 705 1976 qui
759 1905 976 1960 liberati
1015 1916 1142 1962 sunt
1188 1923 1219 1962 a
1247 1917 1495 1977 peccato,
1529 1917 1586 1961 et
1617 1892 1658 1946 Β
1687 1901 1860 1956 nostri
1882 1941 1898 1967 .
1928 1904 2023 1956 sed
2054 1901 2240 1967 alieni.
2269 1902 2321 1958 id
2363 1914 2450 1958 est
2480 1907 2686 1972 peccati
2714 1923 2730 1969 :
2763 1903 2971 1960 fructus
3001 1919 3131 1960 vero
3162 1907 3265 1960 bo-

42 1997 153 2049 servi
181 1997 314 2052 facti
348 2010 475 2053 sunt
503 1999 632 2063 Deo,
667 1999 801 2054 dicit
830 2014 950 2056 esse
977 1999 1030 2054 in
1073 1999 1584 2058 sanctiﬁcationem.

42 2087 285 2143 Bonorum
318 2091 465 2144 enim
497 2090 837 2160 frequentius
863 2107 1023 2160 quam
1047 2091 1309 2145 malorum
1342 2091 1585 2146 habenda

42 2182 274 2235 tnetnoria
307 2191 413 2238 est.
440 2182 593 2249 Quod
631 2191 816 2237 autem
855 2183 1006 2253 prius
1041 2182 1109 2238 de
1138 2183 1297 2238 malis
1320 2181 1586 2238 fructibus

41 2284 78 2323 et
105 2271 201 2325 ftne
235 2289 454 2338 eorum,
483 2283 670 2341 postea
701 2288 830 2326 vero
858 2275 924 2328 de
957 2272 1229 2328 fructibus
1258 2275 1346 2344 qui
1384 2274 1435 2328 in
1461 2290 1588 2328 san-

41 2363 402 2417 ctiﬁcationem
429 2374 556 2418 sunt
583 2364 720 2434 (18),
746 2373 802 2417 et
833 2364 900 2418 de
940 2364 1046 2418 line
1085 2379 1270 2420 eorum
1296 2406 1311 2430 ,
1340 2380 1460 2435 quae
1505 2376 1589 2421 est

41 2455 124 2505 vita
159 2464 390 2522 aeterna,
435 2457 781 2524 memoravit,
815 2458 938 2512 vide
981 2458 1109 2527 quia
1153 2457 1331 2513 simile
1358 2469 1442 2513 est
1485 2459 1587 2512 hoc

43 2546 160 2598 dicto
184 2548 509 2616 prophetico
536 2549 613 2602 illi
655 2563 764 2618 quo
792 2549 906 2620 ipse
938 2553 1016 2604 ait
1047 2571 1060 2605 :
1095 2569 1114 2602 ι
1152 2551 1264 2621 Ego
1295 2551 1541 2606 occidam
1569 2591 1587 2615 ,

41 2649 78 2689 et
105 2655 193 2706 ego
245 2640 433 2695 vivere
481 2640 680 2695 faciam
715 2642 799 2710 ¹¹⁵;
857 2661 875 2695 ι
910 2653 966 2696 et
1001 2643 1198 2700 iterum
1249 2660 1263 2698 :
1318 2663 1336 2696 ι
1388 2644 1587 2700 Percu-

42 2729 186 2792 liam,
220 2742 280 2784 et
324 2747 424 2800 ego
468 2734 710 2796 sanabo;
749 2753 768 2786 ι
818 2743 873 2786 et
903 2748 1116 2788 rursum
1148 2734 1199 2788 in
1238 2732 1381 2789 Joh:
1415 2753 1434 2787 ι
1471 2735 1588 2804 Ipse

41 2817 192 2872 dolere
219 2819 372 2887 facit,
406 2831 460 2874 et
504 2823 800 2878 remedium
827 2825 919 2878 dat
949 2843 962 2878 :
995 2825 1250 2894 percutit,
1290 2835 1346 2881 et
1387 2841 1584 2882 manus

41 2910 125 2976 ηυξ
151 2923 313 2966 sanat
337 2913 401 2968 ι’.
433 2933 453 2966 ι
478 2914 608 2982 Quae
631 2916 812 2970 omnia
833 2915 959 2971 illuc
985 2916 1274 2986 aspiciunt,
1297 2919 1438 2988 quod
1461 2928 1589 2973 ante

41 3004 350 3058 moriendum
392 3015 478 3060 est
504 3022 626 3060 cum
660 3007 900 3075 Christo,
932 3017 988 3062 et
1018 3009 1092 3062 ita
1134 3011 1525 3066 convivendum
1571 3031 1584 3066 :

41 3102 212 3149 etantc
239 3098 712 3166 compatiendum,
756 3107 811 3153 et
852 3098 928 3153 ita
970 3101 1438 3171 conregnandum.
1469 3101 1585 3156 Nisi

41 3187 152 3239 enim
195 3189 359 3257 prius
415 3205 514 3260 per
557 3191 938 3260 pteniteutiam
991 3203 1218 3262 peccato
1269 3193 1584 3260 moriamur,

41 3293 115 3331 non
152 3297 442 3348 possumus
475 3283 862 3352 perjustitiam
897 3284 1080 3339 vivere
1112 3284 1244 3338 Deo.
1267 3285 1373 3340 Sed
1398 3294 1454 3339 et
1483 3286 1585 3340 hoc

42 3374 146 3437 ptod
175 3373 292 3445 (l9)
315 3375 566 3443 superius
599 3373 796 3428 dixit“
821 3391 836 3428 :
878 3397 895 3425 ι
917 3373 1161 3429 Liberali
1190 3383 1369 3429 autem
1400 3390 1431 3430 a
1460 3391 1585 3444 pec-

42 3475 145 3525 :ato,
176 3467 324 3519 servi
357 3465 486 3520 facti
527 3465 661 3520 estis
700 3465 928 3536 iustitia:
960 3483 973 3519 :
1013 3485 1032 3517 ι
1069 3479 1213 3522 nunc
1248 3477 1430 3521 autem
1463 3483 1584 3522 cum

41 3553 258 3608 similiter
307 3555 508 3610 dixerit
539 3575 553 3611 :
591 3576 610 3608 ι
645 3554 890 3610 Liberati
925 3564 1104 3610 autem
1132 3571 1161 3608 a
1195 3568 1421 3625 peccato
1451 3558 1517 3622 ",
1561 3577 1582 3610 ι

43 3663 110 3697 mlt
154 3647 418 3700 similiter
469 3647 644 3708 dixit,
680 3666 699 3698 ι
739 3648 884 3701 servi
920 3647 1048 3702 facti
1084 3649 1218 3702 estis
1248 3649 1480 3719 justitia:
1505 3688 1522 3715 ,
1559 3668 1580 3702 ι

41 3739 122 3799 ιειι,
155 3756 174 3789 ι
213 3739 364 3792 servi
395 3737 523 3793 facti
567 3741 698 3794 estis
729 3737 840 3794 Deo
882 3753 898 3792 :
953 3759 972 3791 ι
1012 3753 1120 3793 non
1148 3751 1232 3794 est
1261 3741 1436 3794 otiosa
1470 3741 1583 3795 dis-

46 3828 208 3884 inctio.
264 3828 373 3883 Per
424 3829 526 3883 hoc
572 3827 718 3882 enim
767 3829 1108 3893 ostenditur,
1168 3831 1310 3898 quod
1367 3841 1583 3897 postea-

41 3933 158 3985 luant
194 3921 325 3988 quis
355 3920 618 3976 liberatus
649 3937 678 3974 a
707 3929 933 3988 peccato
963 3921 1148 3987 fuerit,
1181 3920 1392 3975 servire
1425 3920 1587 3976 debet

42 4010 172 4064 primo
191 4011 427 4077 justitia:
456 4021 512 4065 et
542 4011 794 4064 omnibus
828 4010 1128 4066 virtutibus
1157 4011 1341 4077 simul,
1376 4021 1433 4064 ut
1462 4011 1586 4065 inde

42 4117 100 4151 tur
136 4103 447 4168 profecmm
482 4101 744 4156 ascendat
768 4103 837 4156 ad
868 4103 1000 4166 hoc,
1031 4111 1090 4156 ut
1115 4117 1307 4157 servus
1340 4101 1584 4168 liatDeo,

41 4195 246 4257 ιιιειιιιτίε
279 4202 336 4247 ει
366 4195 578 4247 servire
620 4193 868 4262 justitiae,
908 4195 1115 4248 servire
1137 4196 1210 4248 sit
1243 4194 1376 4248 Deo.
1427 4193 1587 4249 Chri-

42 4290 120 4333 ειυς
157 4293 241 4336 est
277 4283 428 4337 enim
473 4283 687 4352 justitia
713 4321 730 4348 ,
759 4293 815 4338 et
845 4283 1052 4338 servire
1079 4283 1302 4340 Christo
1327 4321 1343 4348 ,
1377 4283 1586 4338 servire

42 4377 108 4426 leo
153 4387 262 4432 est.
323 4378 420 4431 Est
478 4387 660 4432 tamen
711 4380 849 4432 ordo
905 4378 1288 4448 profectuum,
1341 4389 1399 4435 et
1457 4390 1586 4434 sunt

41 4465 156 4538 S75
197 4472 252 4525 in
301 4470 594 4526 virtutibus
632 4472 832 4540 gradus
859 4470 1008 4542 (20):
1040 4481 1096 4527 et
1127 4471 1338 4527 idcirco
1374 4472 1582 4527 dicitur

1691 2010 1788 2049 nos
1822 1996 1867 2050 si
1909 1993 2199 2051 aﬂ'eramus
2247 1998 2304 2051 in
2348 1997 2866 2063 sanctificationem,
2910 1999 3080 2056 nostri
3133 2009 3266 2054 sunt

1691 2085 1916 2141 fructus.
1947 2084 2086 2142 Istos
2117 2086 2261 2142 enim
2285 2086 2497 2145 fructus
2529 2099 2588 2143 ut
2623 2088 2846 2145 ali'erret
2892 2091 3128 2145 humana
3161 2106 3264 2145 na-

1689 2187 1810 2231 tura
1853 2192 1885 2232 a
1910 2177 2198 2234 conditore
2227 2193 2328 2234 suo
2357 2181 2616 2250 suscepit.
2669 2180 2808 2237 Nam
2848 2182 2927 2236 illi
2957 2182 3122 2238 alieni
3155 2198 3264 2236 non

1689 2280 1815 2323 sunt
1845 2270 1896 2324 in
1931 2271 2089 2327 nobis
2117 2269 2375 2326 seminati
2410 2287 2442 2326 a
2470 2273 2582 2328 Deo
2611 2271 2746 2345 (2|).
2779 2271 2875 2328 Vis
2902 2283 3086 2328 autem
3120 2274 3264 2328 scire

1689 2359 1815 2428 quia
1848 2358 2105 2416 Dominus
2121 2377 2226 2417 non
2250 2363 2488 2418 seminat
2517 2364 2687 2418 malos
2710 2363 2955 2420 fructus?
2989 2364 3114 2419 audi
3139 2379 3266 2420 eum

1690 2451 1742 2505 iu
1775 2451 2070 2523 Evangelio
2098 2455 2365 2510 dicentem
2397 2471 2411 2508 :
2447 2471 2467 2507 ι
2504 2454 2696 2511 Nonne
2726 2453 2931 2510 bonum
2965 2471 3152 2512 semen
3181 2469 3267 2510 se-

1692 2546 2014 2599 miuavirnus
2042 2547 2094 2600 in
2122 2547 2290 2616 agro?
2329 2545 2484 2603 Unde
2529 2562 2660 2618 ergo
2712 2548 2874 2604 habet
2920 2548 3167 2604 zizania?
3198 2549 3267 2604 Et

1693 2634 2028 2701 respondens
2056 2636 2193 2690 dixit
2217 2634 2366 2707 (22):
2391 2635 2652 2691 Inimicus
2687 2637 2848 2692 homo
2879 2638 2983 2694 hoc
3010 2639 3140 2695 fecit
3161 2640 3260 2694 ὀ.»

1692 2719 1757 2772 Et
1780 2720 1958 2776 adhuc
1993 2722 2075 2777 vis
2106 2725 2340 2792 amplius
2373 2724 2585 2780 discere
2630 2729 2756 2796 quia
2802 2727 2891 2782 isti
2921 2729 3104 2784 carnis
3143 2729 3264 2784 fru-

1689 2823 1809 2866 ctus
1835 2827 1938 2869 non
1976 2824 2103 2869 sunt
2135 2817 2330 2882 nostri,
2368 2820 2462 2873 sed
2504 2817 2664 2872 alieni
2692 2818 2716 2873 τ
2744 2817 2866 2889 Ipse
2906 2821 3100 2876 iterum
3147 2821 3264 2895 (23)

1691 2905 1953 2963 Dominus
1982 2908 2037 2962 in
2065 2909 2356 2980 Evangelia
2392 2912 2558 2969 dicit:
2589 2933 2608 2967 ι
2639 2914 2696 2970 Si
2740 2913 2795 2970 in
2837 2915 3019 2970 alieno
3071 2917 3264 2974 ﬁdeles

1692 3014 1796 3053 non
1827 2999 2028 3064 fuistis,
2063 3002 2208 3070 quod
2247 3011 2492 3058 vestrum
2524 3015 2606 3061 est
2632 3007 2756 3076 quis
2783 3006 2938 3062 dabit
2968 3007 3121 3064 vobis
3144 3008 3186 3041 “
3206 3010 3258 3064 2η

1691 3090 1783 3145 Sic
1815 3107 1947 3162 ergo
1977 3093 2258 3162 profundae
2307 3095 2538 3154 rationis
2588 3100 2851 3170 mysterio
2876 3101 2928 3155 in
2961 3101 3104 3158 malo
3133 3105 3260 3174 qui-

1692 3183 1811 3235 dem
1841 3182 2021 3238 fructu
2047 3185 2338 3254 Apostolus
2373 3202 2488 3242 non.
2531 3189 2739 3244 addidit
2769 3207 2790 3243 ι
2819 3200 3104 3259 vestrum;
3138 3212 3160 3246 ι
3195 3195 3264 3250 de

1690 3271 1831 3327 bono
1865 3283 2048 3328 autem
2074 3276 2250 3332 dicit:
2295 3295 2314 3329 ι
2351 3278 2576 3336 Habetis
2619 3280 2862 3337 fructum
2903 3292 3145 3340 vestrum
3201 3287 3259 3340 in

1688 3364 2198 3423 sanctiﬁcationem.
2235 3388 2256 3420 ι
2298 3369 2454 3436 Quod
2495 3379 2676 3427 autem
2719 3373 3071 3444 perfectiores
3118 3376 3266 3433 dicat

1691 3453 1790 3508 hos
1819 3454 1935 3526 (24)
1967 3470 2103 3525 quos
2127 3457 2336 3514 servire
2366 3457 2475 3512 Deo
2505 3460 2768 3526 nominat,
2791 3476 2953 3530 quam
2982 3462 3104 3518 illos
3126 3478 3266 3532 quos

1687 3547 1864 3616 primo
1893 3551 2101 3604 servire
2131 3549 2364 3618 iustitia
2395 3553 2634 3619 dixerat,
2670 3554 2836 3609 etiam
2871 3571 2939 3610 ex
2979 3555 3083 3611 hoc
3133 3570 3250 3625 pro-

1687 3639 1866 3706 batur.
1903 3643 2047 3711 quod
2084 3643 2276 3698 horum
2307 3643 2544 3701 fructum
2573 3646 2629 3701 in
2661 3647 3152 3703 sanctiﬁcationem
3170 3662 3267 3717 po-

1686 3731 1796 3786 suit
1825 3747 1842 3798 ;
1879 3734 1972 3802 qui
2023 3733 2250 3806 intelligi
2283 3747 2512 3805 possunt
2547 3737 2601 3791 hi
2633 3752 2754 3793 esse
2785 3739 2879 3809 qui
2915 3753 2976 3794 se
3013 3739 3256 3794 castitati

1685 3833 1742 3878 et
1773 3823 2126 3880 continentia:
2155 3824 2533 3892 devoverunt;
2575 3826 2650 3880 illi
2684 3838 2865 3882 autem
2893 3843 3032 3898 quos
3070 3842 3264 3884 servos

1688 3915 1824 3968 dixit
1871 3929 1994 3972 esse
2033 3915 2288 3986 iustitiae,
2333 3927 2564 3986 possunt
2588 3919 2752 3974 etiam
2791 3921 2844 3975 hi
2875 3921 3047 3975 videri
3081 3922 3174 3990 qui
3207 3922 3260 3975 in

1689 4007 1959 4077 conjugiis
1988 4007 2175 4077 positi,
2200 4006 2430 4076 iustitia:
2459 4019 2641 4064 tamen
2664 4021 2721 4066 et
2749 4011 3003 4068 omnibus
3036 4012 3260 4066 virtuti-
3301 4050 3306 4056 .

1686 4097 1787 4155 bus
1815 4115 2035 4170 operam
2065 4101 2330 4171 przebent.
2360 4100 2437 4156 De
2461 4101 2575 4155 vita
2613 4112 2792 4156 autem
2826 4111 3028 4158 aeterna
3063 4118 3260 4174 quam-

1685 4193 1770 4248 vis
1801 4203 1856 4248 et
1886 4194 1940 4248 in
1971 4193 2094 4249 aliis
2119 4193 2254 4250 locis
2278 4208 2423 4264 sape
2457 4208 2488 4247 a
2521 4194 2683 4252 nobis
2714 4194 2918 4251 dictum
2953 4196 3052 4260 sit,
3076 4205 3259 4250 tamen

1685 4293 1739 4339 ct
1767 4284 1819 4339 in
1851 4286 2102 4355 praesenti
2152 4287 2392 4341 breviter
2439 4285 2915 4355 perstringendum
2959 4295 3068 4350 est,
3113 4288 3258 4356 quod

1684 4377 1964 4430 aeternitas
1999 4377 2051 4430 in
2084 4377 2385 4446 Scripturis
2408 4375 2702 4444 aliquando
2729 4392 2828 4446 pro
2853 4391 2919 4432 eo
2943 4387 3177 4447 ponatur
3207 4388 3266 4432 ut

1684 4466 1844 4521 ﬁnem
1891 4468 2131 4532 nesciat,
2163 4467 2453 4538 aliQuando
2493 4481 2624 4522 vero
2651 4478 2712 4521 ut
2741 4469 2797 4522 in
2837 4470 3091 4538 presenti
3139 4471 3265 4540 qui-

42 4559 244 4619 Ihristus
271 4578 525 4635 regnare,
556 4567 804 4635 profecto
836 4567 1137 4621 secundum
1163 4566 1266 4621 hoc
1296 4566 1440 4636 quod
1487 4567 1581 4636 ju-
1615 4581 1660 4636 ο
1688 4559 1810 4613 dem
1838 4559 2034 4614 saeculo
2057 4558 2219 4613 finem
2247 4575 2354 4614 non
2398 4559 2622 4626 habeat,
2649 4559 2849 4615 haheat
2878 4570 3059 4616 tamen
3091 4561 3144 4614 in
3179 4560 3263 4614 fu-

42 4656 448 4724 .titiaest,donec
487 4657 541 4712 in
575 4674 905 4728 unoquoque
928 4659 1271 4729 compleatur
1302 4659 1582 4727 plenitudo

42 4743 297 4814 'irtutum,
354 4750 446 4802 ubi
496 4764 626 4803 vero
694 4765 945 4804 mensura
1000 4749 1165 4804 fuerit
1225 4749 1581 4818 perfectionis

42 4845 240 4910 :xpleta,
277 4856 413 4900 tunc
449 4845 654 4900 dicitur
689 4845 906 4899 tradere
933 4861 952 4894 ι
991 4857 1216 4912 regnum
1261 4839 1371 4894 Deo
1395 4849 1450 4893 et
1474 4838 1579 4892 Pa-

42 4934 94 4998 ri,
124 4955 140 4986 ι
186 4947 246 4990 ut
267 4939 388 5008 jam
419 4939 490 4992 sit
529 4954 548 4986 ι
589 4937 728 4990 Deus
754 4936 938 4990 omnia
969 4935 1022 4987 in
1052 4933 1306 4987 omnilms
1334 4931 1398 4983 ¹⁸.
1426 4951 1445 4983 ι
1473 4931 1577 4985 Sed

47 5033 61 5072 ι
92 5026 216 5081 illud
246 5029 434 5081 adhuc
484 5026 890 5080 observandum
928 5031 1056 5092 puto
1089 5021 1369 5092 (quoniam
1411 5019 1580 5074 colla-

1689 4662 1832 4708 turo.
1883 4651 2191 4722 Aliquando
2240 4654 2503 4722 temporis
2534 4651 2787 4719 alicujus,
2825 4651 2914 4706 vel
2941 4653 3107 4706 etiam
3137 4653 3262 4706 vitae

1686 4745 1845 4799 unius
1877 4744 2114 4799 hominis
2142 4745 2380 4814 spatium
2413 4745 2697 4800 :eternitas
2728 4743 3060 4812 appellatur,
3091 4754 3150 4797 ut
3179 4756 3264 4799 est

1686 4838 1816 4892 illud
1847 4838 1899 4891 in
1934 4837 2054 4908 lege
2089 4837 2355 4908 scriptum
2386 4837 2454 4892 de
2484 4851 2645 4893 servo
2689 4837 2910 4891 llebrreo
2932 4837 3013 4885 “:
3047 4855 3064 4887 ι
3099 4834 3156 4890 Si
3183 4837 3263 4890 di-

1683 4927 1898 4992 lexerit,
1929 4946 1950 4979 ι
1985 4929 2180 4997 inquit,
2221 4945 2242 4980 ι
2277 4941 2507 4982 uxorem
2536 4942 2714 4992 suam,
2746 4935 2803 4980 et
2834 4925 2978 4981 ﬁlios
3016 4940 3170 4990 suos,
3207 4938 3264 4979 et

1684 5036 2007 5091 permanere
2046 5021 2282 5076 voluerit
2320 5021 2373 5074 in
2408 5020 2671 5074 servitute
2699 5028 2920 5088 propter
2947 5018 3095 5088 ipsos
3118 5016 3260 5088 (25),

73 5121 111 5151 ”
129 5122 338 5179 Ezech.
371 5137 532 5188 xvm,
555 5121 610 5175 4.
683 5121 727 5154 ⁸⁸
750 5122 904 5175 Deut.
932 5133 1112 5182 χχχιι,
1132 5116 1252 5188 59.Δ
1300 5117 1342 5147 ¹⁵
1368 5114 1469 5170 Job
1491 5116 1584 5176 v.1

1752 5117 1958 5188 ‘jlom.
1989 5131 2063 5179 vt,
2091 5116 2178 5188 18.
2239 5115 2295 5188 Α¹⁷
2324 5115 2452 5168 ibid.
2486 5114 2578 5168 22.
2656 5112 2742 5166 ¹⁸Ι
2775 5111 2902 5166 Cor.
2934 5127 3022 5178 xv,
3058 5110 3258 5176 2‘38.

41 5189 270 5248 ’Jerem.
291 5209 358 5261 ll,
389 5193 481 5247 2i.

67 5286 165 5359 (16)
193 5289 368 5351 Editi,
404 5305 423 5339 ι
452 5287 608 5342 dicit.
646 5307 664 5338 ι
695 5286 760 5340 Ει
782 5286 1124 5359 paulo‘post,
1161 5297 1180 5330 ι
1203 5280 1563 5359 ιιιροξιιιῑεει

42 5373 116 5409 :ns.
149 5354 326 5422 unus,
366 5376 386 5408 ι
419 5368 476 5412 ιιι
516 5369 636 5426 post
663 5354 794 5410 hoc.
817 5374 836 5407 ι
875 5354 1154 5418 Bahanus,
1199 5371 1221 5405 ι
1259 5361 1318 5405 ιιι
1343 5355 1573 5420 Aposto-

42 5443 80 5479 IS
103 5430 241 5498 haec
285 5431 308 5498 )
341 5430 548 5483 dixisse
579 5429 849 5488 videatur,
888 5445 906 5476 ι
939 5434 1045 5478 etc.

69 5498 173 5569 (i7)
206 5491 381 5562 Ed'iti,
415 5513 776 5569 perperam}
813 5511 916 5569 non
951 5491 1345 5547 erubescimus.
1381 5509 1399 5541 ι

69 5567 172 5638 (18)
202 5570 383 5635 Alias,
424 5587 442 5618 ι
484 5570 534 5620 in
569 5567 996 5638 sat‘tctificatiouc
1026 5572 1173 5638 sunt.
1206 5580 1226 5613 ›

74 5634 170 5707 (19)
200 5634 381 5702 Editi,
415 5657 433 5689 ι
472 5641 599 5706 quia
631 5638 878 5707 superius
901 5634 1121 5707 dixerit.
1156 5651 1175 5707 ι

69 5670 174 5778 iii?)
200 5670 394 5770 Χὶἷέἓ,
415 5670 436 5758 ἒ
461 5670 1282 5778 3317...“?iiiiéét‘iii‘é'éi'aaus;
1311 5721 1330 5754 ι
1353 5700 1447 5766 al.,
1471 5717 1490 5750 ι
1515 5711 1570 5754 et

41 5774 116 5852 unt
151 5774 518 5852 prpfectihus
542 5788 600 5831 et
641 5776 932 5852 virtut-ibus
967 5774 1185 5852 gradus.
1223 5791 1267 5852 a_
1292 5841 1304 5852 .

70 5842 173 5921 (ει)
199 5850 379 5914 Editi,
415 5867 433 5898 ι
476 5848 612 5901 Nam
650 5845 722 5899 illi
753 5845 917 5899 alieni
951 5842 1076 5900 sunt
1101 5843 1153 5898 in
1183 5842 1338 5898 nobis
1356 5856 1464 5897 non
1485 5856 1569 5898 se—

227 5948 516 6008 PATBDL.
564 5944 683 6003 Gn.
733 5941 902 6002 XIV.

556 5193 602 5224 ³⁸³
623 5191 816 5244 Matth.
843 5204 961 5253 χιιι,
989 5188 1079 5241 27.
1155 5189 1199 5218 ’ί
1233 5185 1366 5240 Luc.
1393 5201 1502 5247 xvt,
1535 5187 1584 5239 1:7

1775 5187 1946 5244 Exod.
1987 5203 2102 5251 xxI,
2141 5186 2198 5250 5,
2226 5185 2280 5240 6.

1681 5282 1865 5337 minati
1889 5297 1917 5336 a
1946 5283 2076 5336 Deo.
2105 5301 2124 5334 ι
2155 5279 2254 5334 Ms.
2287 5295 2444 5343 unus,
2483 5297 2500 5329 ι
2531 5277 2664 5332 Nam
2689 5275 2765 5331 illi
2793 5284 2921 5331 sunt
2947 5275 3109 5329 alieni
3135 5273 3261 5346 [al..

1684 5370 1702 5402 ι
1728 5349 1950 5407 alienati
1975 5351 2168 5422 suntt]
2189 5365 2295 5404 non
2319 5361 2444 5404 sunt
2475 5350 2527 5422 in
2561 5348 2714 5401 nobis
2736 5347 2994 5422 _setninati
3015 5361 3044 5399 a
3070 5347 3198 5400 Deo.
3235 5364 3256 5395 ο

1747 5423 1864 5492 (22)
1923 5423 2088 5492 Editi,
2133 5419 2236 5474 (et
2279 5421 2664 5492 respondentes
2716 5419 3004 5472 dixerunt:
3049 5435 3070 5468 ι
3125 5431 3260 5470 mss.

1676 5490 1918 5560 quidam,
1960 5511 1978 5542 ι
2017 5491 2080 5545 Et
2112 5490 2442 5559 respondit.»

1746 5564 1860 5630 (2⁸6)
1892 5562 2056 5627 Editi,
2085 5579 2104 5611 ι
2136 5563 2250 5630 ipse
2282 5561 2466 5630 etiam.
2500 5577 2518 5610 ι

1749 5634 1862 5709 (ξιξ)
1889 5633 2027 5709 ἒξεε.
2054 5632 2382 5709 ρὶθιίιιιιο,ηι
2406 5629 2558 5709 dicat
2592 5629 2701 5683 hic.
2732 5646 2752 5679 ι
2883 5706 2892 5709 _

1751 5697 1862 5773 (ΞΒ)
1885 5704 1976 5758 Sic
1999 5697 2101 5755 ms.
2122 5697 2283 5758 unus.
2309 5698 2507 5754 Creteri
2529 5714 2660 5756 vero
2682 5713 2819 5754 mss.
2843 5706 2901 5752 et
2917 5697 3073 5766 editi,
3092 5712 3114 5748 ι
3137 5708 3266 5766 pro-

1679 5787 1796 5845 pter
1822 5775 2014 5845 ipsam.
2041 5791 2061 5821 ι

2866 5921 2943 5983 3b
