3766 6530
493 391 632 449 η⁶67

1939 388 2257 446 ORIGENIS

3587 393 3689 451 1068

489 508 706 571 subula,
738 507 934 577 inquit,
967 508 1261 577 pertundes
1292 520 1480 563 aurem
1529 507 1647 577 ejus
1702 508 1753 562 in
1784 516 1961 579 poste,
2014 518 2069 564 et
2098 514 2145 570 Α
2171 508 2240 563 de
2268 521 2373 577 qua
2424 506 2688 576 scriptum
2737 466 2839 573 est,
2887 507 3013 578 quia
3072 524 3093 558 ε
3132 508 3341 573 anima,
3371 523 3488 579 qua:
3523 525 3690 580 peccat,

489 601 597 655 erit
626 601 721 654 tibi
772 614 964 653 servus
1013 599 1067 653 in
1102 607 1388 654 atternum.
1419 617 1437 651 ι
1478 598 1762 655 Ᾱίιθηιυιη
1811 600 1899 654 hic
1945 600 2065 656 sine

490 692 658 747 dubio
686 700 900 761 tempus
923 690 1046 744 vitae
1072 689 1312 746 hominis
1330 692 1531 761 posuit.
1561 691 1625 746 Et
1659 692 1851 746 iterum
1885 692 1937 747 in
1963 692 2065 746 Ec-

465 783 747 840 clesiaste
769 782 978 837 dicitur
1003 782 1087 835 ²³;
1124 801 1145 834 ι
1178 783 1472 839 Ceneratio
1496 784 1663 850 vadit,
1695 793 1750 838 et
1780 785 2064 855 generatio

488 873 660 939 venit,
700 883 843 930 terra
872 884 1054 928 autem
1085 872 1138 927 in
1179 881 1446 928 aeternum
1478 883 1586 928 stat
1628 890 1644 928 :
1699 894 1718 927 ι
1742 876 1860 932 hiet
1900 883 2062 929 aeter-

492 984 619 1023 num
651 985 672 1021 t
703 967 995 1039 praesentis
1022 965 1206 1022 steculi
1239 975 1453 1037 tempus
1488 968 1747 1024 ostendit.
1797 968 1901 1024 Ubi
1932 983 2062 1023 vero

490 1062 625 1117 dicit
662 1077 683 1112 ι
727 1060 898 1114 vitam
951 1068 1236 1123 aeternam,
1275 1078 1294 1111 ι
1324 1060 1391 1113 ad
1426 1060 1556 1114 illud
1582 1060 1952 1130 aspiciendum
1979 1070 2063 1116 est

490 1153 634 1223 quod
681 1153 798 1219 ipse
847 1150 1103 1206 Salvator
1133 1150 1314 1205 dixit:
1356 1168 1376 1202 ι
1414 1149 1539 1205 Haec
1586 1159 1670 1204 est
1722 1161 1903 1204 autem
1954 1150 2061 1203 vita

488 1252 819 1309 aterna,.ut
864 1249 1203 1313 cognoscant
1234 1252 1288 1297 te
1314 1240 1494 1296 solum
1528 1256 1717 1295 verum
1773 1241 1960 1305 Deum,
2008 1249 2064 1297 et

486 1348 651 1405 quem
675 1332 870 1389 misisti
898 1331 1082 1388 Iesum
1106 1331 1380 1387 Christum
1404 1332 1451 1364 ’δ
1474 1348 1490 1385 :
1516 1349 1535 1383 ι
1563 1340 1616 1386 et
1638 1330 1835 1386 iterum
1860 1345 1876 1385 :
1911 1350 1928 1382 ι
1950 1330 2062 1400 Ego

2167 598 2285 669 ipsa
2319 600 2583 655 morietur
2602 601 2669 653 ⁸¹.
2696 618 2717 653 ι
2752 598 2823 654 Ει
2850 599 3100 670 quamvis
3124 599 3191 655 de
3216 600 3522 657 diversitate
3544 608 3691 660 mortis

2173 706 2203 746 a
2230 692 2387 747 nobis
2418 691 2686 762 strpejatu
2718 692 2923 747 dictum
2953 693 3046 756 sit,
3098 702 3279 749 tamen
3327 694 3454 762 quia
3499 709 3691 764 praeut

2168 784 2459 839 admonuit
2509 783 2696 849 locus,
2742 784 2983 853 apertius
3016 785 3203 840 eadem
3258 793 3531 855 repetere,
3570 796 3617 840 et
3652 789 3690 839 ia

2167 893 2332 931 unum
2370 891 2492 947 qua:
2520 876 2756 947 sparsim
2788 885 2918 931 sunt
2944 877 3092 932 dicta
3126 877 3389 950 colligere
3431 893 3595 947 neque
3618 881 3692 931 rai-

2164 970 2220 1025 hi
2248 973 2459 1040 pigrum
2491 968 2584 1035 sit,
2612 982 2790 1039 neque
2819 968 3131 1039 legentibus
3158 984 3478 1025 onerosum.
3503 969 3624 1024 Mors
3652 972 3690 1024 in

2165 1056 2468 1127 Scripturis
2494 1073 2659 1113 unum
2702 1058 2919 1128 quidem
2971 1073 3165 1114 nomen
3201 1068 3304 1125 est,
3346 1060 3442 1115 sed
3469 1061 3617 1116 multa
3640 1063 3694 1115 si-

2164 1153 2410 1224 gniﬁcat.
2443 1152 2657 1208 Etenim
2690 1153 2968 1223 separatio
2998 1154 3246 1223 corporis
3275 1154 3345 1208 ab
3375 1155 3550 1208 anima
3583 1170 3694 1209 mors

2164 1246 2500 1300 nominatur.
2534 1242 2643 1300 Sed
2674 1245 2792 1301 haec
2820 1260 2996 1315 neque
3026 1246 3167 1300 mala
3203 1244 3343 1318 (30),
3378 1261 3549 1317 neque
3585 1248 3691 1302 bona

2162 1335 2269 1391 dici
2294 1343 2474 1405 potest
2502 1354 2516 1392 :
2553 1345 2637 1391 est
2662 1336 2809 1392 enim
2830 1338 3027 1402 media,
3043 1353 3164 1407 quae
3179 1339 3384 1393 dicitur
3405 1337 3692 1393 indiﬂerens.

486 1443 606 1483 sum
644 1428 754 1495 via,
791 1437 848 1481 et
876 1426 1083 1481 veritas
1131 1437 1187 1481 et
1215 1426 1326 1480 vita
1355 1426 1422 1479 ”.
1456 1444 1474 1477 ι
1521 1424 1586 1478 Ει
1616 1424 1732 1493 ipse
1768 1424 2061 1493 Apostolus

486 1522 540 1577 in
580 1522 705 1578 aliis
732 1521 884 1584 dicit,
926 1519 1055 1591 quia
1094 1536 1115 1571 ι
1150 1520 1435 1589 rapiemur
1481 1519 1534 1572 in
1579 1518 1814 1573 uultibus
1842 1517 2058 1571 obviam

482 1612 706 1672 Christo
728 1615 779 1669 in
797 1628 947 1681 aera,
960 1621 1015 1669 et
1031 1612 1104 1667 ita
1118 1626 1333 1681 semper
1348 1626 1469 1666 cum
1492 1610 1719 1665 Domino
1730 1610 1936 1664 erimus
1952 1610 2017 1662 “.
2032 1627 2053 1662 ι

485 1705 641 1761 Sicut
666 1717 797 1776 ergo
824 1717 1044 1773 semper
1065 1717 1187 1757 cum
1224 1701 1455 1756 Domino
1474 1714 1617 1765 esse,
1640 1700 1803 1754 ﬂnem
1836 1715 1943 1754 non
1969 1700 2060 1754 ha-

484 1795 598 1861 bet,
624 1794 700 1850 ita
729 1801 785 1850 et
809 1794 920 1849 vita
944 1801 1151 1849 aeterna
1178 1792 1384 1847 nullum
1412 1791 1572 1846 tinem
1600 1791 1805 1847 habere
1824 1792 2056 1845 creden-

483 1887 552 1942 da
586 1896 690 1942 est.

555 1979 609 2034 6.
658 1997 677 2031 ί
713 1977 993 2048 Stipendia
1030 1976 1177 2032 enim
1208 1976 1415 2044 peccati
1441 1964 1637 2031 'mors:
1672 1974 1848 2046 gratia
1875 1982 2057 2030 autem

485 2071 601 2137 Dei,
634 2071 742 2126 vita
769 2077 996 2134 aeterna,
1017 2069 1070 2124 in
1093 2067 1315 2125 Christo
1341 2065 1469 2123 Iesu
1493 2068 1721 2123 Domino
1742 2078 1927 2123 nostro
1953 2067 2053 2122 "J

484 2162 676 2218 Simile
719 2172 827 2225 est,
880 2163 985 2218 hoc
1030 2163 1174 2231 quod
1218 2160 1380 2223 dixit,
1441 2178 1460 2212 ι
1527 2159 1806 2230 Stipendia
1846 2160 2055 2230 peccati

480 2269 651 2319 mors,
689 2272 708 2305 ι
752 2253 828 2308 illi
873 2252 1017 2323 quod
1046 2252 1299 2320 superius
1326 2252 1566 2315 dixerat,
1609 2270 1629 2304 ί
1679 2251 1830 2306 Finis
1878 2262 2056 2306 autem

480 2346 699 2402 illorum
734 2359 882 2401 mors
911 2344 982 2400 ³⁸.
1020 2362 1041 2397 ι
1071 2344 1314 2411 Quorum
1341 2343 1561 2399 autem?
1590 2343 1803 2399 Illorum
1825 2345 1941 2400 sine
1968 2343 2059 2399 du-

478 2440 571 2496 bio
605 2456 625 2491 ι
664 2454 764 2509 pro
804 2438 1006 2508 quibus
1030 2450 1177 2491 nunc
1224 2435 1565 2498 erubescitis,
1599 2455 1618 2489 ι
1669 2450 1895 2505 quorum
1944 2435 2059 2491 fru-

479 2541 603 2588 ctus
628 2546 729 2587 nec
756 2529 1039 2585 nominare
1067 2528 1284 2600 quidem
1316 2529 1545 2582 aestimat
1568 2527 1790 2598 dignum
1821 2526 1957 2601 (26).
1990 2528 2057 2583 Ει

477 2624 706 2678 iterum:
743 2642 761 2674 ι
797 2622 980 2678 Gratia
1010 2633 1193 2677 autem
1237 2620 1353 2685 Dei,
1377 2621 1489 2673 vita
1509 2630 1735 2685 tutel-na,
1761 2621 1814 2675 in
1838 2620 2057 2676 Christo

474 2712 605 2770 Jesu
634 2713 869 2769 Domino
894 2723 1105 2781 nostro,
1144 2730 1164 2765 ι
1213 2711 1393 2769 simile
1438 2721 1524 2769 est
1567 2710 1641 2766 illi
1693 2712 1837 2781 quod
1877 2711 2052 2767 dixit:

481 2824 502 2859 ι
536 2804 758 2861 Habetis
790 2804 1028 2861 fructum
1051 2812 1296 2859 vestrum
1346 2805 1401 2859 in
1440 2800 1950 2869 sanctiﬁcationem,
1987 2803 2053 2859 ii-

475 2912 601 2953 nem
629 2912 761 2953 vero
790 2897 961 2952 vitam
994 2905 1258 2951 aeternam
1292 2896 1362 2951 ".
1404 2915 1423 2950 »
1460 2897 1607 2951 Bene
1642 2905 1827 2949 autem
1875 2904 2053 2952 meta-

477 2991 731 3061 Ρῆοναῐην
783 2990 836 3046 id
861 2999 949 3045 est
976 2988 1210 3060 ﬁguram
1260 2989 1470 3045 militia:
1501 3004 1569 3043 ex
1597 2989 1755 3043 initio
1799 2989 2052 3059 proposi-
2154 3003 2237 3047 est
2271 3002 2331 3047 ut
2371 2994 2641 3048 moriatur
2668 2993 2793 3063 quis
2829 3001 3078 3062 peccato,
3106 3002 3162 3046 et
3186 2992 3333 3047 vivat
3379 2991 3512 3048 Deo.
3550 3010 3569 3044 ι
3594 2990 3705 3046 Cum

479 3095 588 3139 tam
622 3093 825 3147 servat,
860 3093 920 3137 ut
946 3082 1316 3137 militantibus
1342 3083 1454 3151 sub
1483 3092 1710 3153 peccato
1754 3096 1880 3153 rege
1912 3080 2051 3153 (27),
2153 3085 2428 3139 occideret
2458 3100 2571 3149 eos,
2614 3104 2635 3136 ι
2670 3085 2866 3154 inquit,
2906 3103 2926 3137 ι
2956 3086 3447 3154 quaerebanteum,
3472 3094 3529 3139 et
3556 3099 3708 3138 rever-

476 3178 587 3232 imo
612 3177 793 3247 potius
823 3175 1095 3248 tyrannidi
1127 3174 1244 3243 ejus
1284 3175 1621 3244 parentibus,
1659 3174 1924 3245 stipendia
1955 3174 2047 3229 de-
2079 3196 2121 3255 ε
2158 3175 2562 3230 tebantur"'".
2591 3175 2985 3245 :Apertissime
3001 3177 3202 3231 docens
3217 3190 3314 3245 per
3330 3174 3465 3238 hoc,
3482 3175 3601 3245 quia
3616 3172 3707 3243 (3t)

475 3269 590 3324 bita
624 3278 856 3324 mortem
884 3267 1033 3323 dicat
1053 3266 1283 3323 exsolvi.
1318 3266 1488 3321 Deum
1519 3280 1649 3322 vero
1682 3280 1785 3321 non
1825 3273 1943 3321 erat
1973 3264 2055 3320 di-
2160 3283 2321 3340 quem
2354 3268 2497 3323 Deus
2544 3268 2768 3333 occidit,
2822 3276 3116 3337 propterea
3165 3267 3398 3332 occidit,
3432 3277 3494 3321 ut
3519 3272 3707 3338 peccato

476 3376 642 3435 gnum
675 3361 940 3417 militibus
972 3361 1085 3416 suis
1132 3360 1401 3431 stipendia
1450 3360 1608 3430 quasi
1668 3358 1909 3413 debitum
1954 3356 2055 3411 alio
2161 3362 2448 3426 moriatur,
2495 3372 2549 3417 et
2594 3368 2806 3431 quaerat
2845 3361 3036 3417 Deum.
3077 3360 3170 3416 Sic
3192 3377 3297 3432 ego
3319 3363 3490 3416 audio
3526 3370 3578 3416 et
3605 3355 3709 3413 illud

477 3455 623 3525 qrod
656 3455 808 3518 dare,
846 3454 940 3508 sed
984 3454 1182 3507 donum
1215 3464 1269 3507 et
1298 3454 1552 3523 gratiam,
1594 3466 1715 3519 quae
1743 3460 1831 3507 est
1881 3468 1901 3501 ι
1940 3450 2050 3504 vita
2161 3452 2303 3523 quod
2336 3453 2598 3522 scriptum
2629 3461 2715 3507 est
2740 3452 2806 3515 ³⁷,
2837 3453 2963 3521 quia
2992 3452 3197 3507 occidit
3237 3451 3386 3507 Deus
3427 3451 3540 3506 Her
3568 3450 3708 3504 lilium

477 3556 681 3602 aeterna
709 3546 761 3600 in
792 3545 1010 3602 Christo
1055 3546 1182 3601 Jcsu
1215 3545 1445 3600 Domino
1475 3553 1683 3602 nostro.
1711 3562 1730 3596 ι
1778 3543 1890 3613 Ego
1945 3556 2052 3596 non
2158 3544 2329 3610 Judte,
2363 3545 2619 3615 quoniam
2649 3544 2921 3615 malignus
2949 3554 3109 3612 erat;
3142 3554 3200 3600 et
3227 3544 3273 3599 si
3300 3544 3437 3614 quid
3473 3543 3610 3599 aliud
3631 3542 3709 3595 hu-

479 3647 611 3709 ρυιο
644 3639 807 3694 ﬁliam
833 3639 937 3694 hoc
969 3653 1199 3692 vacuum
1226 3652 1375 3701 esse,
1404 3636 1548 3705 (ἰυοά
1577 3634 1643 3688 ad
1682 3634 1848 3689 Vilam
1889 3642 2053 3687 ωιθΐ·
2154 3638 2390 3710 jusmodi
2430 3639 2496 3693 de
2519 3637 2629 3692 Deo
2664 3637 2893 3705 legimus
2922 3638 3209 3707 scriptum.
3238 3636 3330 3691 Sic
3357 3646 3419 3692 et
3450 3634 3709 3705 Apostolus

473 3745 602 3785 nam
634 3729 841 3785 addidit
866 3746 887 3781 ι
925 3729 978 3785 in
1001 3727 1215 3784 Christo
1242 3728 1473 3782 Domino
1497 3735 1715 3791 nostro;
1751 3744 1771 3777 ι
1813 3724 1908 3779 sed
1926 3726 2052 3795 quia
2156 3736 2498 3799 peccatorem
2532 3727 2780 3783 tradebat
2807 3727 2860 3782 in
2897 3728 3175 3783 interitum
3227 3728 3437 3794 carnis,
3471 3735 3532 3782 ut
3574 3723 3708 3796 spiri-

474 3823 732 3878 fortassis
769 3822 899 3877 sciri
940 3821 1112 3877 voluit
1134 3821 1279 3875 aliud
1316 3835 1438 3876 esse
1464 3821 1628 3874 vitam
1665 3827 1925 3874 aeternam
1957 3833 2049 3873 so-

473 3916 608 3984 lum,
647 3926 700 3971 et
731 3916 876 3971 aliud
903 3916 1071 3971 vitam
1111 3924 1370 3971 aeternam
1419 3914 1473 3968 in
1518 3913 1741 3968 Christo
1782 3910 1931 3968 Jesu.
1986 3911 2053 3966 Et

472 4005 551 4061 illi
585 4005 730 4061 enim
756 4004 848 4076 qui
876 4013 1101 4072 surgent
1137 4005 1191 4059 in
1223 4003 1595 4058 confusionem
1616 4012 1671 4057 et
1697 4002 2050 4072 opprobrium

473 4088 864 4166 sempiternum
899 4095 967 4161 ³⁸,
1000 4095 1280 4150 habebunt
1309 4093 1527 4163 quidem
1554 4093 1720 4145 vitam
1758 4102 2048 4156 :eternam,

473 4202 581 4243 non
606 4199 790 4243 tamen
830 4190 884 4243 in
910 4187 1132 4243 Christo
1150 4186 1302 4250 Jesu,
1335 4185 1432 4241 sed
1460 4185 1511 4238 in
1540 4184 1859 4239 confusione
1887 4183 2053 4256 576

472 4287 529 4333 et
558 4280 846 4348 opprobrio
871 4288 1116 4344 aeterno;
1150 4277 1285 4347 justi
1316 4292 1447 4332 vero
1481 4277 1570 4346 qui
1601 4286 1827 4344 surgent
1856 4276 1969 4349 (28)
1994 4277 2047 4330 in

470 4371 639 4425 vitam
696 4382 956 4425 aeternam
1007 4370 1061 4424 in
1104 4369 1324 4424 Christo
1370 4368 1495 4424 Jesu
1559 4367 1839 4421 habebunt
1881 4368 2047 4423 vitam
2156 4373 2275 4428 sine
2305 4372 2469 4428 dubio
2496 4383 2672 4427 morte
2703 4370 2816 4441 (55)
2845 4385 2949 4440 qua
2981 4379 3205 4440 peccato
3232 4380 3487 4424 mortuus
3528 4376 3607 4421 est
3638 4379 3710 4418 ω’

473 4471 756 4516 aeternam.
783 4461 1075 4518 Peccatum
1114 4477 1245 4532 ergo
1278 4460 1390 4533 (29)
1417 4459 1681 4516 militibus
1712 4461 1825 4515 suis
1853 4460 1906 4514 in
1930 4461 2052 4530 qui-
2157 4465 2287 4529 mel,
2329 4474 2388 4519 ut
2432 4475 2487 4519 et
2520 4480 2618 4520 nos
2664 4478 2984 4534 separemur
3013 4477 3042 4517 a
3088 4471 3336 4532 peccato,
3386 4469 3446 4515 et
3491 4460 3710 4513 vivamus

475 4555 582 4610 bus
615 4564 825 4626 regnat,
857 4555 1131 4625 stipendia
1162 4555 1323 4622 digna
1355 4552 1584 4625 largitur
1613 4564 1869 4607 mortem.
1897 4555 2049 4609 Mor-
2081 4565 2126 4621 1)
2157 4556 2466 4613 Deo".'l'ali
2486 4572 2719 4626 namque
2738 4566 2912 4611 morte
2928 4555 3020 4624 qui
3035 4551 3713 4623 moritur(56)justiiicatus

475 4663 586 4709 tem
619 4660 802 4705 autem
825 4648 1053 4703 dicimus
1085 4661 1191 4703 non
1217 4648 1360 4701 hanc
1378 4644 1742 4715 corporalem,
1770 4648 1867 4701 sed
1898 4646 2050 4702 illam
2159 4664 2279 4706 esse
2305 4648 2504 4704 dicitur
2526 4664 2556 4704 a
2581 4647 2888 4719 peccato“.
2909 4645 3000 4703 Sic
3024 4659 3154 4716 ergo
3183 4644 3437 4699 habenda
3468 4640 3712 4697 distinctio

541 4759 592 4792 ³⁸
617 4757 795 4814 Eccle.
819 4772 860 4826 ι,
892 4757 947 4812 4.
1053 4754 1278 4813 “Joan.
1322 4771 1455 4826 xvii,
1489 4756 1541 4809 ὅ.
1566 4824 1604 4826 __
1647 4755 1693 4787 "
1724 4753 1879 4813 Joan.
1910 4772 2021 4819 xxv,

2205 4758 2744 4825 "l'l‘hess.tv,16.
2848 4758 2894 4789 ετ
2934 4753 3316 4826 ιιοιηηιβδ.
3397 4752 3449 4785 ι·
3474 4752 3599 4807 ibid.
3636 4750 3711 4826 gi.

474 4830 520 4862 ’⁸
546 4829 675 4883 ibid.
702 4830 792 4882 22.
846 4818 914 4860 ’³⁸
936 4826 1137 4882 Jerem.
1163 4841 1314 4889 xxtu,
1336 4818 1450 4881 4οζ
1502 4826 1545 4856 ³⁸
1566 4824 1767 4882 Ezech.
1799 4842 1951 4889 xvm,
1975 4818 2021 4881 4'.

2165 4830 2314 4885 Boni.
2347 4845 2424 4895 vr,
2450 4830 2541 4883 25.
2608 4818 2661 4861 ’³³
2687 4829 2706 4883 1
2728 4826 2859 4883 Cor.
2893 4842 2984 4894 xv,
3012 4827 3104 4880 26.
3178 4824 3224 4856 ³⁸
3252 4826 3414 4879 Deut.
3454 4818 3711 4884 xxxn,59.

474 4899 595 4932 ³³·³⁶
620 4898 762 4955 Psal.
797 4914 1009 4965 Lxxvu,
1050 4898 1138 4952 54.
1214 4896 1258 4928 ³⁸
1286 4897 1425 4951 Gen.
1465 4911 1697 4960 xxxvm,
1721 4896 1776 4949 7.
1853 4896 1899 4928 ³⁸
1926 4897 1943 4951 l
1967 4896 2021 4953 Cl

2165 4945 2179 4968 ,
2210 4901 2263 4955 5.
2339 4901 2382 4933 ³⁸
2409 4894 2568 4955 Rom.
2590 4914 2665 4967 vr,
2703 4899 2758 4963 5,
2783 4901 2840 4963 9,
2869 4898 2958 4954 10.
3031 4897 3078 4929 δ’
3102 4894 3259 4949 Rom.
3280 4910 3377 4948 νυ.

2226 5014 2337 5087 (51)
2366 5013 2543 5087 Editi,
2568 5032 2587 5065 ε
2621 5011 2821 5087 invidia
2853 5012 3050 5087 diaboli
3077 5025 3221 5065 mors
3253 5008 3576 5087 introivit,»
3603 5017 3710 5069 etc.,

2153 5079 2360 5153 abéqu'e
2400 5104 2417 5134 ι
2450 5085 2568 5138 sed.
2608 5103 2629 5137 ι
2668 5084 2821 5145 Al.,t
2870 5083 3070 5138 invidia
3114 5090 3296 5136 autem
3331 5079 3540 5135 diaboli
3586 5088 3713 5132 mors

2157 5155 2418 5218 introivit,
2445 5174 2463 5206 ι
2496 5163 2600 5209 etc.
3541 5217 3545 5218 ν
3579 5216 3587 5218 _
3724 5156 3725 5171 ‘

2228 5225 2341 5296 (52)
2376 5216 2543 5296 Editi,
2575 5243 2595 5276 ι
2630 5224 2794 5278 etiam
2821 5223 2938 5293 ipsa
2969 5236 3115 5277 mors
3140 5217 3477 5291 appellatur.
3534 5216 3723 5295 Dicitur!

2156 5295 2432 5349 etiaiuilla
2457 5311 2634 5360 mors;
2673 5313 2691 5346 ι
2733 5304 2788 5347 et
2815 5303 3001 5363 postea
3035 5308 3140 5347 ms.
3175 5305 3337 5354 unus,
3375 5306 3399 5339 ι
3432 5305 3532 5359 per
3563 5300 3723 5363 quami

2161 5366 2471 5420 euutudatio
2500 5366 2558 5420 lit
2584 5366 2799 5418 anitum.
2832 5380 2853 5416 >
3722 5370 3723 5420 Ῑ

2226 5435 2338 5504 (55)
2370 5436 2504 5490 Editi
2523 5447 2576 5489 et
2589 5450 2717 5489 mss.
2735 5434 2950 5503 quidam
2967 5446 3249 5503 perperam
3265 5429 3504 5494 habent,
3533 5446 3554 5478 σ
3572 5429 3723 5504 (μιαιηῆ

2163 1426 2229 1481 Et
2254 1441 2447 1481 rursus
2479 1429 2751 1498 separatio
2784 1429 2982 1485 anima:
3013 1445 3041 1484 a
3080 1430 3193 1484 Deo
3235 1446 3386 1484 mors
3416 1429 3692 1499 appellatur.

2161 1535 2281 1588 quae
2307 1535 2407 1590 per
2437 1530 2717 1591 peccatum
2752 1522 2919 1577 venit.
2955 1522 3080 1579 Haec
3103 1533 3289 1593 aperte
3313 1522 3457 1579 mala
3477 1531 3574 1586 est,
3606 1538 3695 1591 qua

2160 1621 2216 1667 et
2242 1613 2447 1682 peccati
2483 1612 2815 1682 stipendium
2863 1615 3176 1670 nominatur
3208 1615 3276 1669 ⁸¹.
3312 1614 3469 1669 Hanc
3505 1623 3694 1668 mortua

2160 1704 2304 1760 Deus
2332 1718 2442 1758 non
2472 1703 2624 1770 fecit,
2659 1719 2837 1774 neque
2882 1704 3097 1760 laetatur
3137 1705 3191 1759 in
3240 1705 3545 1775 perditione
3579 1705 3695 1756 vivo-

2160 1811 2280 1851 rum
2296 1796 2421 1852 :sed
2439 1794 2644 1852 invidia
2663 1796 2868 1852 diaboli
2886 1811 3036 1853 mors
3057 1797 3172 1852 haec
3190 1795 3441 1853 introivit
3456 1794 3697 1867 (Eminet-

2160 1888 2282 1943 bem
2322 1900 2616 1944 terrarum.
2647 1888 2716 1943 Et
2746 1890 2941 1943 iterum
2968 1890 3081 1956 ipse
3111 1896 3305 1943 a‘uctor
3340 1888 3534 1942 mortis
3559 1886 3688 1953 hujus

2160 1979 2406 2036 diabolus
2434 1996 2585 2036 mors
2606 1980 2924 2051 appellatur,
2957 1988 3013 2036 et
3038 1980 3154 2051 ipse
3190 1987 3274 2035 est
3299 1979 3396 2050 qui
3419 1977 3699 2034 diciturini—

2159 2070 2334 2126 micus
2358 2070 2565 2126 Christi
2590 2071 2922 2126 novissimus
2945 2070 3309 2126 destruendus
3332 2070 3404 2124 ³³.
3438 2067 3540 2123 Sed
3572 2079 3621 2123 et
3637 2069 3699 2120 in.

2159 2161 2303 2218 ferui
2336 2163 2489 2219 locus
2527 2163 2580 2217 in
2614 2179 2724 2233 quo
2772 2163 2970 2218 animm
3020 2163 3417 2218 detinebantur
3461 2176 3491 2216 a
3537 2171 3697 2223 morte,

2158 2258 2322 2312 etiam
2355 2256 2469 2326 ipse
2493 2270 2641 2310 mors
2662 2255 2985 2325 appellatur.
3012 2256 3222 2311 Dicitur
3245 2270 3382 2311 vero
3400 2264 3459 2310 et
3482 2255 3566 2308 illa
3588 2269 3702 2307 mors

2158 2348 2271 2419 (52)
2300 2347 2589 2404 laudabilis
2615 2362 2718 2417 qua
2742 2356 2968 2415 peccato
2998 2347 3121 2417 quis
3156 2349 3416 2414 moritur,
3441 2358 3498 2403 et
3517 2346 3701 2402 Christo

2157 2440 2542 2510 consepelitur,
2578 2453 2678 2509 per
2700 2453 2864 2509 quam
2884 2439 3195 2494 emendatio
3222 2438 3285 2494 iit
3312 2439 3515 2495 anim
3540 2449 3591 2495 et
3614 2440 3700 2492 vita

2158 2541 2362 2584 aeterna
2394 2528 2765 2598 conquiritur.
2794 2526 2931 2582 Cum
2965 2542 3097 2600 ergo
3138 2538 3288 2582 tanta
3334 2527 3628 2585 diﬂ‘ereotia
3661 2528 3702 2579 in

2158 2621 2258 2676 hoc
2286 2635 2395 2675 uno
2422 2620 2645 2675 nomine
2677 2620 2869 2675 mortis
2909 2620 3201 2687 habeatur,
3227 2621 3273 2676 si
3328 2621 3528 2676 audias
3568 2621 3703 2674 Deum

2156 2713 2445 2779 dicentem,
2482 2730 2502 2764 ο
2535 2712 2651 2782 Ego
2671 2711 2939 2776 occidam,
2962 2725 3019 2768 et
3046 2727 3147 2782 ego
3172 2712 3361 2769 vivere
3388 2713 3582 2769 faciam
3604 2712 3662 2776 ⁸³,
3684 2728 3701 2762 ι

2157 2806 2467 2876 intelligere
2497 2806 2663 2862 debes
2696 2821 2817 2876 quas
2840 2806 2914 2861 sit
2947 2820 3102 2862 mors
3133 2822 3299 2877 quam
3322 2807 3488 2862 decet
3530 2806 3706 2861 inferre

2157 2899 2326 2954 Deum
2355 2898 2502 2969 (55):
2543 2898 2633 2952 illa
2664 2899 2783 2954 sine
2812 2898 2980 2954 dubio
3004 2913 3125 2968 quae
3156 2898 3415 2954 conferat
3462 2899 3638 2962 vitam,
3664 2897 3706 2951 id

2159 3828 2274 3873 tum
2323 3817 2529 3873 faceret
2568 3818 2776 3873 salvum
2808 3819 2871 3881 ³⁸,
2907 3819 3010 3874 hoc
3036 3826 3145 3882 est,
3181 3830 3241 3872 ut
3272 3827 3583 3874 moreretur
3609 3829 3710 3884 pec-

2158 3923 2300 3976 cato,
2342 3920 2398 3967 et
2421 3912 2631 3967 viveret
2660 3910 2791 3965 Deo.
2817 3911 2883 3965 Et
2910 3912 2962 3965 in
2991 3913 3246 3981 praesenti
3281 3911 3458 3980 igitur
3484 3911 3600 3965 loco
3629 3907 3708 3962 sti.

2156 4004 2350 4072 peudia
2376 4018 2498 4073 quae
2521 4004 2611 4057 dat
2643 3992 2953 4072 peccatum,
2976 4017 3123 4057 mors
3152 4017 3272 4057 esse
3298 4002 3596 4056 dicuntur:
3626 4013 3707 4053 non

2159 4096 2262 4150 ista
2292 4111 2440 4151 mors
2468 4110 2592 4165 quae
2636 4105 2854 4163 separat
2897 4109 3099 4164 corpus
3133 4094 3203 4148 ab
3254 4095 3466 4160 anima,
3511 4092 3602 4148 sed
3639 4089 3710 4144 illa

2158 4203 2264 4259 qua
2298 4203 2397 4259 per
2424 4195 2718 4259 peccatum
2752 4194 3040 4255 separatur
3080 4185 3261 4240 anima
3296 4200 3325 4238 a
3361 4184 3499 4240 Deo.
3527 4184 3710 4238 Etrur-

2157 4296 2279 4335 sum
2318 4295 2418 4336 nos
2446 4281 2499 4335 in
2543 4289 2717 4335 morte
2743 4277 2950 4334 Christi
2982 4277 3214 4332 dicimur
3239 4275 3532 4346 baptizati,
3560 4275 3611 4328 in
3634 4271 3709 4326 illa

545 5011 660 5086 (26)
694 5015 855 5079 Editi,
891 5034 910 5067 ι
940 5030 1170 5085 quorum
1192 5014 1401 5086 fructus
1416 5015 1783 5086 neuominare
1805 5014 2050 5086 dignum.

477 5082 565 5138 Et
596 5082 799 5140 iterum
830 5105 843 5140 :
879 5082 1066 5142 Gratia
1115 5097 1295 5140 autem
1333 5083 1425 5139 Dei
1471 5086 1523 5138 in
1554 5083 1797 5152 Christo,
1844 5082 1888 5137 ι’
1917 5097 2053 5153 ete.,

477 5155 697 5209 omissis
724 5156 963 5218 vocibus,
1010 5174 1031 5207 t
1065 5161 1172 5208 vita
1204 5165 1430 5209 aeterna.
1463 5173 1483 5207 ι

553 5224 664 5295 (27)
704 5225 804 5279 Ms.
842 5242 980 5280 unus
1003 5242 1123 5280 cum
1152 5226 1343 5295 editis,
1380 5244 1399 5276 ι
1452 5225 1552 5277 sub
1596 5225 1804 5292 peccati
1852 5240 1998 5295 rege.
2033 5244 2053 5277 ο

478 5291 818 5365 Alter'ms.“
849 5298 951 5365 sub
990 5298 1193 5365 peccati
1227 5294 1363 5365 lege.
1397 5313 1417 5346 ι
1447 5295 1552 5348 Sed
1586 5291 1785 5349 rectius
1817 5291 2059 5350 msflie-

477 5364 599 5432 gius
624 5380 771 5417 num.
800 5363 936 5420 1639
962 5363 1015 5421 et
1045 5363 1305 5420 [tabanus
1325 5376 1383 5419 ut
1415 5368 1470 5418 in
1502 5372 1687 5418 nostro
1729 5374 1898 5418 textu.

551 5433 663 5504 (28)
696 5434 869 5500 Alias,
899 5453 918 5487 ι
939 5446 1205 5505 surgunt;
1239 5453 1257 5486 ι
1294 5443 1349 5488 et
1374 5433 1535 5503 paulo
1566 5444 1707 5504 post,
1736 5452 1754 5485 ι
1788 5435 2049 5498 habent,»

478 5505 638 5557 male.
2158 5508 2287 5559 dicit
2324 5505 2521 5560 inferre
2546 5505 2732 5559 Deum.
2758 5522 2779 5555 ι

550 5573 664 5647 (29)
703 5572 869 5647 Editi,
904 5592 923 5625 t
957 5573 1245 5647 Peccatum
1272 5588 1429 5647 vero.
1464 5593 1509 5647 »ί
1643 5644 1673 5647 μ
1712 5645 1721 5647 _
1894 5646 1911 5647 η
2224 5575 2337 5646 (54)
2369 5577 2597 5647 Alias”
2623 5576 2753 5629 Cum
2783 5573 3189 5647 occidereteos,
3212 5569 3567 5641 inquirebant
3588 5580 3717 5622 eum.

696 5630 879 5714 Neque
905 5646 1071 5699 mala.
1104 5644 1229 5700 Haec
1254 5645 1452 5699 desunt
1500 5646 1552 5699 in
1591 5644 1838 5703 editione
1878 5646 2056 5700 Gene-
2155 5630 2744 5714 Apertissitue'dicens,
2779 5646 2929 5714 quia,
2966 5664 2984 5695 ι
3019 5653 3127 5699 etc.
3177 5630 3188 5636 ⁷
3290 5630 3308 5641 ’

479 5712 687 5771 brardi.
733 5712 941 5789 Deinde
987 5732 1099 5789 ηιξ.
1133 5732 1293 5789 unus,
1345 5734 1363 5765 ε
1400 5726 1562 5782 atque
1610 5717 1811 5789 dicitur
1841 5716 2055 5770 iudill'e-
2371 5713 2557 5789 ilione.
2588 5715 2640 5767 lu
2667 5712 2830 5789 editis
2853 5716 3155 5789 otttittitur.

478 5799 628 5851 reos,
655 5804 675 5839 ι
719 5784 917 5853 quibus
951 5785 1134 5838 verbis
1172 5788 1378 5838 addunt
1417 5788 1573 5849 editi,
1617 5805 1636 5837 ι
1673 5787 1724 5839 id
1770 5797 1853 5841 est
1900 5801 2055 5840 com-
2225 5782 2337 5856 (56)
2375 5785 2472 5843 Ms.
2507 5800 2668 5853 unus,
2709 5802 2727 5835 ι
2751 5785 3080 5855 justiticatus
3109 5793 3195 5842 est
3223 5799 3251 5840 a
3290 5793 3585 5854 peccato,»
3615 5782 3721 5839 ωιοέ

465 5856 679 5933 βυωιὶε,
713 5874 733 5908 ι
778 5857 922 5925 quod
972 5857 1243 5909 omittitur
1275 5856 1326 5909 iu
1364 5859 1617 5911 omnibus
1648 5872 1783 5912 mss.
1824 5857 2049 5912 uestris.
2155 5856 2221 5910 le.
