3768 6538
91 412 198 471 1069

991 415 1350 476 COMMENT.
1388 418 1459 474 1N
1498 419 1713 476 EPIST.
1754 421 1846 476 AD
1883 421 2051 480 ROM.
2091 426 2225 480 LIB.
2268 426 2358 482 Vl.

3163 439 3303 498 1070

88 543 166 597 est,
195 532 322 602 quod
352 531 496 587 Deus
534 533 746 588 etiamsi
793 533 1048 590 occidere
1097 537 1314 592 dicatur
1350 549 1406 593 et
1453 541 1616 594 morti
1646 545 1692 600 A
1718 539 1942 606 junctae,
1975 542 2044 596 ita
2076 552 2132 597 et
2148 543 2354 598 homini
2387 545 2594 615 quisub
2625 546 2742 619 lege
2779 561 2880 614 est,
2906 554 3143 622 qnandiu
3172 559 3306 614 vivit

89 625 279 686 tradere,
313 625 434 678 talis
468 629 718 694 quaedam
759 625 833 680 sit
880 642 1028 681 mors
1070 644 1189 698 quae
1228 646 1256 683 a
1287 630 1397 686 Deo
1432 634 1612 696 datur,

88 728 130 770 ut
155 715 373 770 conferat
400 715 587 769 vitam.
609 714 749 769 Nihil
768 717 910 771 enim
938 718 1062 772 mali
1090 722 1297 776 datura
1318 723 1456 777 bono
1475 725 1614 793 (57),

86 812 182 865 licet
205 810 350 863 triste
376 809 470 872 sit,
505 808 632 862 licet
671 809 878 863 doloris
915 809 1160 879 plenum,
1210 827 1500 884 prospectu
1535 828 1611 870 ta-

86 920 174 957 men
197 901 453 962 medendi,
489 913 545 955 et
573 903 1030 971 contemplatione
1061 906 1314 960 sanitatis
1345 907 1608 975 infertur,

85 1006 127 1050 ιιι
156 995 367 1048 animam
418 1010 584 1064 quam
641 1005 999 1065 separaverat
1047 1012 1079 1052 a
1111 999 1222 1053 Deo
1269 999 1523 1055 illecebra
1559 1010 1614 1057 et

82 1090 261 1144 dulcedo
316 1090 555 1158 peccati,
609 1091 925 1144 severitatis
975 1093 1274 1148 austeritas
1321 1105 1538 1164 separet
1579 1113 1608 1151 a

83 1192 274 1251 peccato.
329 1182 652 1236 Econtrario
690 1197 820 1237 vero
871 1193 1156 1252 peccatum
1202 1186 1464 1257 quidquid
1514 1189 1610 1244 de-

80 1272 202 1334 derit,
233 1272 496 1342 quidquid
519 1273 837 1336 contulerit,
870 1276 1066 1330 animat
1110 1292 1259 1334 more
1306 1289 1410 1346 est,
1441 1281 1608 1337 etiam

80 1365 111 1418 si
133 1365 368 1435 stipendia
401 1365 686 1436 largiatur.

125 1457 167 1510 7.
194 1475 212 1507 ‹
235 1458 309 1510 An
336 1457 628 1527 ignoratis,
666 1458 863 1514 fratres
897 1459 1216 1524 (scientibus
1249 1465 1392 1518 enim
1431 1465 1604 1536 legem

77 1547 239 1615 loquor)
268 1548 309 1578 “
338 1551 466 1618 quia
507 1550 593 1606 lex
643 1552 958 1607 dominatur
1002 1554 1054 1607 in
1103 1556 1347 1622 homine,
1396 1571 1604 1627 quanto

77 1649 270 1708 tempore
313 1640 495 1695 vivit?
537 1641 673 1695 Nam
714 1659 840 1712 quae
866 1644 969 1699 sub
998 1647 1117 1701 viro
1156 1657 1242 1701 est
1273 1648 1489 1715 mulier,
1526 1650 1606 1703 vi-

74 1743 193 1785 vente
214 1732 321 1786 viro
364 1733 585 1805 alligata
611 1745 694 1792 est
720 1736 850 1806 legi.
879 1738 938 1794 Si
968 1747 1151 1794 autem
1185 1749 1433 1797 mortuus
1480 1743 1602 1798 fue-

73 1824 118 1878 rit
158 1826 244 1890 vir,
278 1825 456 1880 soluta
485 1836 572 1883 est
602 1844 632 1883 a
666 1829 784 1900 lege
806 1830 935 1886 viri.
973 1831 1162 1901 Igitur,
1197 1833 1416 1891 vivente
1457 1835 1598 1902 viro,

72 1916 496 1983 regnominabitur
547 1921 818 1988 adultera,
868 1923 913 1978 si
960 1922 1126 1979 fuerit
1155 1940 1280 1979 cum
1315 1927 1424 1983 alio
1455 1926 1595 1983 viro.

72 2006 109 2059 Si
129 2017 282 2063 autem
306 2021 560 2066 mortuus
582 2014 748 2069 fuerit
773 2017 875 2082 vir,
900 2015 1130 2072 liberata
1157 2027 1244 2074 est
1269 2036 1298 2074 a
1333 2020 1452 2089 lege
1473 2021 1598 2088 viri,

70 2108 109 2150 ut
129 2099 219 2167 jam
251 2117 349 2156 non
374 2105 454 2159 sit
482 2105 728 2162 adultera
760 2108 804 2163 si
835 2108 1001 2164 fuerit
1027 2125 1150 2165 cum
1181 2111 1288 2166 alio
1316 2114 1458 2168 viro.
1491 2113 1599 2168 lta-

70 2203 158 2257 que,
203 2192 391 2250 fratres
450 2198 580 2262 mei,
624 2209 679 2254 et
719 2215 817 2255 vos
859 2202 1170 2258 mortiﬁcati
1204 2206 1336 2260 estis
1369 2206 1471 2278 legi
1502 2224 1600 2276 per

67 2294 214 2349 corpus
239 2285 464 2351 Christi,
502 2296 564 2342 ut
596 2289 717 2344 sitis
745 2289 970 2346 alterius
999 2293 1090 2362 qui
1120 2308 1188 2348 ex
1235 2296 1467 2351 mortuis
1511 2312 1598 2351 re-

67 2375 268 2440 surrexit,
308 2387 364 2432 ut
391 2378 797 2437 fructificemus
827 2383 942 2454 (58)
971 2383 1103 2439 Deo.
1145 2385 1282 2440 Cum
1321 2390 1469 2442 enim
1507 2403 1597 2443 es-

66 2478 201 2522 semus
241 2469 290 2522 in
342 2485 542 2536 carne,
591 2473 721 2526 vitia
777 2484 1123 2544 peccatorum
1153 2478 1291 2548 (39),
1332 2494 1454 2548 qua:
1500 2495 1598 2550 per

63 2556 190 2626 legem
225 2573 397 2629 erant,
441 2566 818 2634 operabantur
856 2567 908 2620 in
949 2568 1214 2624 membris
1262 2573 1490 2635 nostris,
1536 2584 1597 2628 ut

62 2646 399 2709 lructilicarent
420 2656 613 2711 morti.
637 2655 790 2711 Nunc
813 2668 994 2712 autem
1024 2659 1186 2714 soluti
1215 2677 1402 2717 smnus
1425 2678 1455 2718 a
1477 2663 1594 2734 lege

63 2745 235 2811 mortui,
265 2745 317 2799 in
349 2763 463 2816 qua
501 2747 906 2817 detinebantur,
959 2751 1030 2805 ita
1077 2762 1136 2806 ut
1178 2753 1487 2809 serviamus
1537 2757 1590 2810 in

60 2837 242 2893 novitate
265 2839 519 2908 spiritus,
551 2849 608 2895 et
636 2855 742 2896 non
770 2841 824 2895 in
861 2853 1133 2898 vetustate
1160 2843 1374 2900 litterat.
1413 2865 1434 2900 ι
1489 2846 1592 2902 La~

62 2925 133 2979 tius
173 2928 218 2982 in
255 2931 641 2999 superioribus
670 2931 782 3003 (40)
815 2933 881 2988 de
910 2933 1012 2989 fide
1045 2945 1100 2991 et
1128 2936 1247 3007 lege
1281 2937 1588 3005 disserens,

58 3029 125 3082 per
146 3020 306 3074 omnia
335 3037 463 3076 esse
496 3022 895 3091 praeferendam
924 3029 1167 3082 ostendit
1195 3028 1353 3083 ﬁdem
1398 3044 1589 3086 eorum

57 3108 261 3166 duntaxat
286 3115 379 3182 qui
405 3116 646 3170 credunt
679 3134 697 3167 ι
724 3117 776 3168 in
801 3131 923 3172 eum
943 3119 1035 3186 qui
1070 3120 1362 3175 suscitavit
1401 3121 1586 3177 Jesum

1719 642 1774 686 et
1799 639 1957 696 valet,
1983 637 2298 690 dominatur
2323 636 2408 692 lex
2431 638 2565 708 (45).
2597 640 2704 695 Sed
2727 643 2867 698 sicut
2889 646 3027 711 viro,
3062 652 3145 702 cui
3173 652 3305 720 legi-

1723 724 1822 778 bus
1850 724 2138 793 snbjuncta
2172 727 2352 782 fuerat
2383 729 2601 794 mulier,
2629 732 2673 784 si
2706 733 2921 789 accidat
2945 740 3106 804 mori,
3131 741 3303 800 libera

1716 813 1947 869 efﬁcitur
1975 817 2187 884 mulier,
2225 828 2280 873 et
2303 835 2334 873 a
2371 820 2473 875 viri
2503 832 2774 891 potestate
2802 826 3114 894 resolvitur,
3147 834 3216 886 ita
3249 845 3306 890 et

1718 908 1764 960 is
1796 908 1886 976 qui
1923 909 2025 963 sub
2053 910 2173 979 lege
2206 923 2313 973 est,
2342 913 2387 967 si
2422 916 2634 970 accidat
2669 916 2840 986 legem
2876 922 3035 989 mori,
3067 926 3136 979 ab
3169 942 3302 997 ope-

1718 999 1867 1053 ribus
1898 999 2033 1070 legis
2066 1000 2203 1056 liber
2233 1001 2465 1081 efficitur
2493 1021 2506 1057 :
2533 1017 2588 1060 et
2617 1009 2761 1060 sicut
2794 1010 2989 1066 mulier
3016 1029 3138 1081 quae
3157 1018 3303 1085 prio-

1717 1091 1792 1142 ris
1829 1089 1928 1142 viri
1955 1089 2164 1160 legibus
2192 1079 2439 1147 absoluta
2467 1104 2570 1161 est,
2607 1097 2770 1153 habet
2797 1079 3104 1158 libertatem
3129 1079 3189 1161 ιιί
3209 1107 3301 1162 alii

1715 1180 1827 1235 viro
1853 1182 2132 1252 jungatur,
2165 1185 2237 1238 ita
2266 1195 2319 1238 et
2357 1186 2399 1239 is
2433 1187 2524 1255 qni
2552 1190 2655 1244 sub
2690 1202 2955 1260 potestate
2986 1194 3118 1266 legis
3144 1198 3303 1269 vixit,

1714 1273 1803 1326 ubi
1835 1283 2108 1330 mortuam
2136 1277 2280 1331 videt
2333 1276 2607 1342 litteram,
2651 1281 2814 1336 habet
2856 1294 3180 1352 poteSIatem
3215 1291 3300 1343 vi-

1712 1368 1852 1420 venti
1887 1367 2064 1425 Vcrbo
2093 1380 2346 1440 tanquam
2374 1373 2490 1428 viro
2524 1377 2744 1431 sociari.
2776 1377 2834 1432 Si
2865 1394 2992 1434 vero
3021 1382 3299 1436 viventem

1713 1459 1892 1514 adhuc
1930 1461 2172 1530 priorem
2201 1466 2376 1520 virum
2412 1467 2648 1522 voluerit
2671 1471 2866 1527 mulier
2898 1473 3302 1543 relinquere,et

1709 1551 1798 1605 alii
1839 1554 2060 1618 sociari,
2096 1556 2345 1617 adultera
2381 1561 2502 1613 sine
2543 1561 2707 1615 dubio
2728 1564 3112 1632 appellabitur.
3142 1566 3298 1634 Quod

1708 1643 1873 1698 simili
1900 1643 2072 1699 forma
2102 1649 2266 1702 etiam
2299 1651 2352 1704 in
2387 1665 2509 1706 eum
2537 1653 2683 1707 cadit
2704 1655 2794 1722 qui
2827 1655 3000 1726 legem
3029 1667 3085 1712 ut
3117 1659 3296 1731 virum

1708 1736 1977 1792 viventem
2019 1738 2135 1808 (46)
2170 1742 2397 1807 deserit,
2449 1751 2506 1799 et
2534 1745 2624 1798 alii
2649 1745 2917 1814 jungitur.
2953 1747 3079 1805 Haec
3111 1762 3296 1806 autem

1709 1835 1964 1896 tanquam
2026 1849 2044 1881 ι
2085 1831 2408 1898 scientibus,
2458 1855 2477 1887 ι
2520 1845 2580 1890 ιιι
2613 1837 2750 1900 dixi,
2789 1856 2809 1890 ι
2846 1839 3020 1910 legem
3081 1842 3296 1911 loquor,

1710 1919 1930 1988 fratres,
1968 1941 1986 1974 ι
2017 1936 2075 1978 ιιι
2104 1925 2425 1998 intelligatis
2449 1929 2572 1998 quia
2603 1943 2658 1984 et
2688 1946 2784 1984 vos
2823 1931 2996 2002 legem
3031 1942 3293 2004 tanquam

1709 2017 1885 2070 virum
1917 2029 2193 2073 mortuum
2228 2020 2531 2090 reliquistis
2565 2023 2704 2094 (47).
2749 2025 2894 2082 Mors
2930 2039 3112 2084 autem
3147 2031 3293 2087 illius

1710 2122 1803 2174 per
1839 2112 2131 2164 adventum
2183 2111 2384 2167 Christi
2451 2127 2507 2169 et
2553 2122 2978 2186 assumptionetn
3038 2124 3291 2192 corporis

1707 2198 1960 2267 cjusest,
2000 2218 2096 2272 per
2117 2206 2261 2273 quod
2289 2221 2382 2260 vos
2406 2206 2585 2263 effecti
2624 2211 2760 2264 estis
2800 2213 3028 2269 alterius
3059 2216 3197 2286 (48),
3237 2218 3287 2272 id

1705 2293 1984 2358 estjuncti
2021 2294 2111 2347 alii
2144 2295 2280 2360 viro,
2308 2296 2380 2350 illi
2411 2298 2618 2353 scilicet
2650 2300 2743 2370 qui
2772 2315 2800 2354 a
2843 2307 3071 2358 mortuis
3109 2321 3291 2360 resur-

1707 2387 1867 2450 rexit,
1926 2395 1980 2441 et
2033 2387 2175 2440 ultra
2215 2397 2448 2444 mortem
2484 2407 2590 2444 non
2645 2394 2860 2462 recipit,
2900 2410 3063 2465 quam
3081 2397 3290 2464 recepit

1706 2479 1854 2546 prior
1885 2478 1973 2532 ille
2013 2479 2115 2544 vir,
2150 2479 2202 2534 id
2243 2493 2328 2536 est
2362 2481 2468 2536 lex.
2498 2480 2608 2538 Vos
2640 2498 2772 2550 ergo
2822 2501 2968 2540 nunc
2999 2486 3124 2541 facti
3155 2489 3290 2544 estis

1706 2570 1826 2638 ejus
1855 2572 1956 2625 viri
1991 2574 2081 2642 qui
2117 2589 2147 2627 a
2191 2575 2420 2629 mortuis
2457 2579 2758 2631 resurrexit
2800 2593 2995 2648 sponsa
3029 2597 3044 2634 :
3079 2589 3134 2635 et
3167 2581 3289 2636 ideo

1707 2664 2006 2716 secundum
2060 2664 2393 2721 voluntatem
2445 2668 2615 2736 ipsius
2648 2669 2835 2724 vivere
2866 2671 3098 2738 debetis,
3157 2674 3286 2742 quia

1698 2753 1806 2821 jam
1842 2771 1946 2809 non
1974 2771 2164 2812 sumus
2212 2758 2268 2812 in
2321 2774 2510 2823 carne,
2537 2759 2632 2814 sed
2682 2761 2734 2814 in
2767 2761 2960 2830 spiritu
2993 2762 3060 2829 “,
3113 2764 3282 2818 etiam

1701 2851 1744 2900 si
1772 2847 2063 2916 aliquando
2095 2849 2145 2901 itt
2193 2864 2360 2904 carne
2393 2851 2559 2918 positi
2591 2853 2801 2920 peccati
2841 2862 2895 2908 et
2929 2856 3113 2909 carnis
3153 2869 3281 2924 pas-

1700 2938 1942 2994 sionibus
1973 2941 2331 3010 urgebamur;
2364 2957 2484 3012 quae
2505 2944 2784 3012 passiones
2818 2959 2913 3013 per
2934 2947 3280 3002 occasionem

1700 3028 1831 3098 legis
1849 3029 1900 3082 in
1923 3031 2179 3085 membris
2200 3033 2401 3088 nostris
2429 3032 2856 3100 fructificabant,
2885 3050 2992 3090 non
3025 3037 3157 3104 Deo,
3184 3038 3280 3095 sed

1699 3115 1918 3182 mortis,
1947 3115 2024 3171 illi
2053 3119 2214 3174 morti
2242 3134 2406 3189 quam
2433 3120 2576 3177 Deus
2608 3138 2714 3177 non
2749 3123 2898 3178 fecit.
2937 3121 3093 3181 Nunc
3143 3141 3278 3197 ergo

56 3197 282 3257 Dutninum
314 3217 578 3261 nostrum
605 3221 636 3260 a
665 3211 895 3263 mortuis
927 3210 993 3266 ιι,
1025 3230 1047 3263 ι
1100 3211 1232 3268 Post
1263 3213 1378 3268 haec
1411 3215 1587 3282 qualis
1619 3255 1662 3309 Ο
1697 3209 1842 3264 sicut
1867 3225 1992 3264 cum
2021 3212 2250 3266 moritur
2276 3213 2380 3278 vir,
2411 3213 2582 3269 libera
2615 3231 2697 3270 es:
2719 3226 2773 3271 et
2805 3217 3052 3272 absoluta
3081 3220 3280 3275 mulier

55 3293 171 3346 etiam
202 3311 382 3352 eorum
412 3300 708 3354 conversio
734 3301 847 3372 (41)
877 3303 1102 3360 deberet
1128 3320 1250 3361 esse
1270 3307 1547 3376 subiungit
1572 3349 1588 3371 ,

57 3383 88 3436 iu
109 3388 276 3454 quibus
312 3401 367 3446 et
399 3394 470 3446 de
499 3403 729 3462 peccato
768 3395 967 3463 Adam,
1019 3413 1083 3451 ac
1117 3397 1330 3466 justitia
1382 3398 1591 3456 Christi

55 3475 290 3536 disseruit:
323 3483 424 3538 sed
460 3495 519 3538 et
541 3484 610 3538 de
643 3487 908 3539 servitute
940 3487 1054 3558 (42)
1081 3504 1147 3544 ac
1180 3489 1435 3546 libertate
1481 3506 1590 3560 qua

53 3569 320 3638 veljustitiae
344 3578 478 3647 quis
504 3577 677 3633 servit
706 3589 762 3632 et
800 3578 938 3634 liber
983 3593 1073 3636 est
1113 3598 1140 3634 a
1198 3593 1449 3652 peccato,
1502 3585 1588 3638 vel

52 3674 219 3726 peccato
234 3669 869 3739 servitetjustitiaeliber
882 3680 990 3736 est,
1004 3672 1321 3742 disputavit.
1338 3672 1588 3731 Nuncer~

50 3766 511 3827 (aposteuessum
537 3764 827 3833 quemdam
846 3763 1010 3818 latius
1033 3765 1280 3819 habiturn
1315 3765 1429 3837 (45)
1447 3767 1587 3822 redit

50 3849 161 3921 577
189 3857 358 3911 denuo
409 3857 483 3912 ad
537 3865 829 3912 tractatum
889 3858 1028 3927 legis
1063 3866 1120 3911 et
1165 3857 1390 3923 Christi,
1453 3859 1582 3913 talia

48 3949 232 4010 quaedam
272 3951 326 4006 in
359 3952 626 4021 praesenti
663 3953 940 4007 disserens
964 3953 1119 4007 loco:
1153 3967 1273 4021 quae
1302 3952 1578 4019 paululum

48 4049 310 4105 ιερειειιιεε,
345 4045 655 4099 secundum
694 4043 892 4098 littera:
939 4045 1392 4114 consequentiam
1426 4045 1578 4115 prius

48 4133 203 4191 aperire
233 4141 617 4194 tentabimus:
663 4146 772 4191 tum
809 4138 975 4192 etiam
1033 4153 1133 4207 pro
1186 4140 1394 4193 viribus
1445 4140 1576 4208 quid

46 4229 358 4298 unusquisque
417 4245 610 4286 sermo
665 4230 885 4286 virtutis
935 4230 1154 4295 habeat,
1211 4231 1572 4300 requiremus.

44 4307 223 4382 Loquor,
263 4322 470 4391 inquit,
506 4322 664 4377 vobis
692 4323 784 4392 qui
830 4322 1118 4378 scientiam
1169 4324 1305 4395 legis
1336 4324 1568 4388 habetis,

42 4414 74 4454 et
98 4411 221 4466 scitis
251 4429 485 4469 sensum
527 4416 646 4483 ejus
671 4431 776 4468 non
810 4430 929 4470 esse
953 4415 1006 4470 in
1041 4426 1314 4472 vetustate
1353 4417 1570 4484 litterae,

40 4499 101 4550 sed
121 4501 164 4554 in
186 4505 406 4569 spiritus
446 4507 694 4561 novitate
718 4523 732 4560 :
758 4507 862 4561 hoc
888 4512 991 4574 est,
1029 4526 1049 4560 ι
1075 4507 1369 4564 scientibus
1398 4509 1568 4580 legem

1698 3314 1727 3352 a
1759 3299 1877 3370 lege
1899 3302 2020 3367 viri,
2076 3303 2151 3356 ita
2176 3313 2230 3358 et
2258 3320 2356 3359 nos
2380 3304 2534 3362 liberi
2573 3308 2701 3361 facti
2726 3323 2920 3364 sumus
2952 3325 2980 3364 a
3017 3310 3136 3381 lege
3155 3327 3278 3381 qua:

1695 3393 1980 3447 videbatur
2000 3395 2156 3449 nobis
2180 3395 2447 3451 dominari
2485 3407 2738 3468 tanquam
2763 3415 2864 3456 νιν.
2899 3400 2998 3456 Cui
3029 3401 3130 3472 legi
3156 3405 3275 3457 sine

1696 3483 1860 3537 dubio
1881 3485 2046 3539 etiam
2082 3500 2181 3540 nos
2213 3489 2414 3542 mortui
2463 3504 2673 3554 sumus,
2705 3501 2760 3547 et
2805 3492 2970 3547 alieni
3000 3509 3031 3547 a
3085 3497 3275 3551 condi-

1695 3574 1841 3628 tione
1871 3575 1990 3642 ejus
2016 3595 2034 3627 ι
2083 3580 2136 3633 in
2153 3597 2260 3652 qua
2275 3581 2704 3650 detinebamnr,»
2733 3594 2794 3639 ut
2827 3583 2943 3653 jam
2997 3596 3122 3655 post
3155 3587 3274 3642 haec

1696 3681 1717 3716 ι
1753 3667 2058 3723 serviamus
2089 3685 2198 3723 non
2233 3670 2288 3724 in
2319 3681 2591 3726 vetustate
2634 3672 2834 3730 litterae
2865 3693 2886 3727 ι
2911 3675 3056 3731 sicut
3091 3661 3271 3745 prius,

1690 3757 1782 3811 sed
1819 3775 1838 3809 ‹
1875 3757 1928 3812 in
1974 3759 2217 3814 novitate
2275 3761 2503 3829 spiritus
2528 3761 2615 3815 ":
2658 3782 2678 3816 ι
2713 3781 2874 3835 quem
2922 3768 3176 3836 spiritum
3236 3786 3269 3824 a

1686 3864 1883 3918 sponso
1907 3861 2092 3905 nostro
2122 3862 2379 3922 tanquam
2407 3855 2649 3924 nuptiale
2675 3859 2872 3927 pignus
2918 3861 3265 3929 accepimus,

1684 3943 1826 3995 sicut
1855 3952 1910 3997 ει
1945 3942 2072 3996 alibi
2107 3943 2240 3997 dicit
2269 3963 2283 3998 :
2313 3963 2330 3996 ι
2358 3945 2459 4012 Qui
2492 3947 2641 4002 dedit
2672 3950 2830 4004 nobis
2863 3951 3057 4020 pignus
3089 3952 3265 4020 Spiri-

1686 4035 1847 4090 tus“.
1877 4055 1897 4086 ι
1934 4036 2032 4090 Hic
2062 4046 2146 4090 est
2166 4039 2301 4092 ordo
2329 4038 2553 4108 eloquii,
2584 4050 2639 4094 et
2670 4042 2784 4096 haec
2809 4043 3089 4112 apostolici
3111 4060 3264 4098 cont-

1681 4144 1819 4198 pago
1841 4131 2136 4186 sermonis.
2155 4128 2262 4184 Sed
2293 4147 2435 4188 nunc
2462 4143 2770 4201 repetentes
2794 4149 2913 4204 quae
2931 4135 3072 4188 dicta
3107 4145 3256 4200 sunt,
3283 4166 3290 4172 -

1680 4222 2041 4276 discutiamus
2071 4238 2166 4290 per
2214 4224 2449 4293 singula.
2486 4243 2506 4277 ι
2544 4225 2627 4280 An
2661 4227 2928 4296 ignoratis
2974 4226 3122 4301 (49),
3175 4228 3259 4281 in-

1677 4315 1817 4382 quit,
1869 4312 2071 4370 fratres
2118 4313 2438 4386 (scientibus
2467 4319 2614 4372 enitn
2651 4318 2824 4390 legem
2877 4319 3094 4392 loquor)
3129 4321 3258 4388 quia

1678 4407 1761 4460 lex
1796 4407 2106 4461 dominatur
2137 4410 2189 4460 in
2222 4409 2466 4470 homine,
2511 4421 2718 4479 quanto
2739 4421 2980 4481 tempore
3017 4409 3201 4467 vivit?
3230 4431 3251 4464 ι

1677 4497 2022 4570 Hyperbaton
2075 4499 2258 4554 statim
2313 4499 2368 4554 in
2424 4502 2696 4571 principio
2739 4502 2924 4568 habet,
2977 4505 3122 4574 quod
3178 4503 3255 4557 ita

39 4584 254 4661 loquor“,
292 4617 311 4650 ι
338 4607 396 4653 et
419 4597 645 4668 appello
659 4612 776 4665 vos,
797 4609 1020 4668 propter
1044 4599 1204 4669 hujus
1233 4599 1364 4668 legis
1396 4600 1572 4655 scien.
1603 4602 1648 4657 1)
1679 4590 1924 4644 redditur
1956 4607 1972 4644 :
2007 4609 2027 4642 ‹
2054 4590 2136 4647 Διι
2177 4593 2474 4664 ignoratis,
2517 4594 2734 4661 fratres,
2759 4595 2902 4666 (quia
2949 4595 3035 4650 lex
3077 4594 3255 4650 donti-

39 4680 144 4749 liatn,
170 4707 189 4740 ι
223 4689 462 4757 fratres;
509 4711 530 4743 ι
565 4692 803 4746 etdico:
843 4692 1099 4761 Nunquid
1133 4694 1395 4764 ignoratis
1435 4697 1564 4764 quia

38 4768 91 4826 Ιει
115 4781 386 4854 unicuique
414 4783 733 4853 mancipata
763 4795 818 4839 et
864 4785 1118 4840 servienti
1166 4785 1268 4840 sibi
1315 4785 1565 4840 domina-

38 4869 108 4932 tur,
147 4873 272 4929 sicut
315 4879 404 4932 vir
432 4876 646 4946 juncta:
681 4877 782 4932 sibi
827 4875 940 4949 (44)
998 4879 1208 4933 mulieri
1262 4895 1278 4934 :
1321 4889 1377 4932 et
1425 4877 1562 4930 sicut

37 4955 69 5010 in
103 4969 228 5021 omni
270 4970 388 5025 vita
420 4985 526 5025 sua
581 4967 898 5024 dominatur
950 4968 1164 5023 mulieri
1219 4968 1428 5038 legibus
1459 4968 1564 5022 sibi

77 5076 108 5111 “
137 5083 278 5140 Rom.
300 5101 400 5156 vn,
441 5084 562 5139 1-6.
639 5082 685 5114 ’⁵³
720 5083 877 5139 Rom.
910 5099 984 5153 IV,
1015 5084 1108 5138 24.
1185 5082 1231 5114 ⁸⁸
1258 5080 1420 5136 Rom.
1455 5083 1587 5145 vn,l

1737 5078 1752 5106 ⁵
1781 5074 1940 5128 Rom.
1969 5090 2090 5140 vm,
2119 5073 2173 5128 9.

77 5195 162 5265 (57)
183 5201 268 5256 Sic
295 5201 554 5270 potiores
578 5213 711 5254 mss.
744 5199 939 5254 nostri.
971 5198 1112 5253 Editi
1135 5212 1289 5270 vero;2
1313 5215 1330 5247 ‹
1360 5196 1554 5270 abono

37 5260 118 5338 Deo.
139 5260 155 5318 ι
179 5270 269 5325 Ms.
297 5260 468 5337 unus,
506 5289 528 5321 ι
557 5272 625 5323 ab
649 5270 761 5333 illo,
788 5287 806 5320 ι
829 5280 884 5323 ει
912 5270 1070 5335 paulo
1100 5277 1218 5338 post
1251 5267 1556 5321 Genebrar-

38 5334 154 5416 lusznt
181 5342 424 5396 lenitatis
454 5334 474 5392 ι
512 5355 616 5416 pr_o
651 5358 670 5389 ι
698 5334 968 5416 sanitatis.
1001 5357 1055 5416 ι·
1100 5334 1117 5338 ⁷
1268 5406 1289 5416 _
1395 5406 1422 5416 γ’

75 5407 159 5479 <38)
196 5413 362 5477 Alias,
417 5430 439 5463 ‹
473 5405 536 5464 ui.
567 5408 926 5474 fructificetis,
955 5427 974 5462 ι
1007 5407 1103 5472 al.,
1135 5424 1155 5457 ι
1177 5419 1233 5461 ιιι
1266 5405 1558 5461 fructiﬁca-

37 5485 172 5532 ῗιιιιις.
204 5499 220 5531 Ι

70 5546 157 5626 ($9)
183 5551 350 5616 Alias,
392 5570 411 5601 ι
446 5550 744 5626 passiones
763 5549 969 5626 peccati
992 5590 1006 5612 ,
1041 5568 1060 5600 ι
1099 5547 1194 5626 a_l.,
1229 5567 1248 5599 ι
1277 5546 1556 5626 vitiapec-

37 5616 156 5690 Ἠιε.)
187 5631 238 5672 ει
268 5616 555 5690 postea,-t
594 5621 830 5674 absoluti
853 5635 1040 5674 sumus
1067 5636 1097 5674 a
1125 5619 1239 5690 lege
1267 5617 1477 5682 mortis,
1527 5635 1542 5668 ι

37 5687 215 5760 ite.__Sed
243 5687 495 5760 potiores
521 5706 656 5746 mss.
687 5701 747 5744 ιιι
773 5691 824 5743 itt
852 5698 1024 5744 textu.

67 5754 155 5894 (40)
180 5754 339 5826 Editi,
378 5780 399 5813 ι
435 5764 490 5815 in
519 5763 821 5831 superiore.
856 5779 875 5812 ι

69 5825 132 5888 (41
186 5828 307 5886 Mss.
333 5833 597 5894 quidam,
643 5849 661 5881 ι
697 5846 870 5886 conve

186 5825 603 5902 Mss.iqut'dam,'
643 5849 661 5881 ι
697 5831 1062 5902 conversatio.
1097 5850 1117 5881 ι

68 5897 401 5972 (42)Ειιιιι,’‹
442 5903 668 5968 virtute,
705 5920 724 5952 ι
757 5901 916 5957 male.

1673 4689 1839 4736 natur
1869 4683 1925 4736 in
1956 4683 2176 4739 homine
2221 4696 2429 4754 quanto
2484 4694 2728 4755 tempore
2776 4685 2958 4740 vivit?
2997 4704 3016 4735 ι
3046 4695 3100 4739 ει
3128 4690 3253 4753 post

1677 4779 1795 4830 lucc
1847 4777 2092 4833 redditur
2131 4778 2262 4834 illud
2295 4778 2440 4848 quod
2493 4778 2547 4834 in
2595 4778 2775 4833 medio
2820 4779 3084 4831 insertum
3124 4782 3247 4828 est:

1679 4882 1698 4916 ι
1732 4866 2042 4922 Scientibus
2096 4870 2242 4924 enim
2303 4867 2476 4938 legem
2538 4868 2752 4937 loquor.
2799 4885 2819 4916 ι
2857 4865 3012 4933 Quod
3065 4874 3249 4918 autem

1674 4960 1811 5014 dixit
1841 4974 1855 5011 :
1903 4978 1923 5011 ι
1981 4959 2294 5015 Scientibus
2329 4957 2508 5028 legem
2540 4958 2759 5026 loquor,
2794 4975 2812 5007 ι
2845 4955 3022 5010 simile
3053 4965 3140 5010 est
3170 4952 3249 5007 illi

2273 5071 2318 5103 ⁵⁵
2354 5070 2514 5124 Rom.
2545 5084 2640 5131 vn,
2665 5067 2721 5122 6.
2794 5067 2842 5098 "
2870 5065 2914 5118 ll
2941 5064 3068 5120 Cor.
3103 5080 3156 5126 v,
3187 5062 3245 5118 5.

1740 5188 1856 5258 (45)
1892 5187 2167 5242 Habitum.
2201 5187 2360 5240 Deest
2391 5186 2446 5237 in
2475 5183 2660 5248 editis,
2689 5181 2788 5234 sed
2815 5181 3124 5234 restituitur
3173 5193 3243 5232 ex

1663 5277 1794 5315 mss.

1751 5329 1840 5404 ἐξ)
1878 5327 2016 5404 δὲδίο
2045 5328 2204 5404 Deest
2237 5326 2288 5404 i.“
2313 5324 2507 5404 θάίξίεο,
2548 5392 2559 5404 .
2702 5392 2714 5403 .
2903 5393 2944 5404 .,
2996 5389 3049 5404 ..
3125 5391 3135 5401 .

1751 5332 1840 5400 44)
1878 5332 2016 5382 Sibi.
2045 5332 2204 5381 Deest
2237 5332 2288 5378 in
2313 5332 2494 5404 cuius.
2702 5392 2714 5403 θ
2996 5389 3008 5401 .
3125 5391 3135 5401 _

1727 5332 1840 5468 (45)
1865 5398 2032 5460 Alias,
2054 5416 2074 5448 ι
2098 5396 2203 5450 Sed
2225 5395 2366 5450 sicut
2382 5408 2464 5448 Vll‘
2489 5392 2606 5464 (aL,
2627 5409 2646 5444 ι
2665 5406 2842 5445 virum
2869 5393 3010 5459 ›)ειιι
3035 5389 3244 5460 legibus

1656 5471 1934 5539 subjecta:
1955 5486 1974 5518 ι
2005 5477 2111 5522 etc.

1752 5530 1843 5608 46)
1892 5536 2183 5614 Viuentem.
2211 5532 2562 5588 Desideratur
2587 5533 2642 5586 in
2668 5530 2824 5614 libris
2848 5539 3009 5614 antea
3045 5530 3230 5586 editis.

1752 5604 1845 5678 47)
1883 5608 2051 5683 Editi,
2077 5625 2094 5656 ι
2132 5619 2390 5683 tanquam
2421 5604 3042 5683 rnortuam'reliquistis.
3075 5619 3099 5680 ξ

1731 5670 1845 5750 (48)
1885 5677 2136 5730 Alterius.
2192 5670 2474 5730 Otuittitur
2525 5675 2579 5728 in
2625 5673 2791 5728 editis
2826 5683 2881 5727 et
2919 5671 2974 5725 in
3009 5670 3240 5740 quibus-

1661 5752 2048 5891 daafljnsAslias,
2085 5833 2105 5869 ι
2131 5815 2241 5871 Aut
2271 5814 2571 5886 ignoratis,
2611 5832 2630 5866 ι
2661 5813 2806 5883 quod
2857 5818 3044 5885 postea
3082 5822 3239 5880 repe-

1663 5893 1814 5948 titur.
