3768 6552
469 460 601 515 ωτι

1920 453 2241 512 ORIGENIS

3578 454 3691 509 l072

470 581 611 648 quod
645 577 806 648 paulo
838 587 958 647 post
1011 577 1141 632 dicit
1169 591 1183 628 :
1229 595 1247 628 ι
1288 575 1502 646 Scimus
1541 585 1721 629 autem
1773 576 2033 644 quoniam
2066 578 2107 634 Α
2138 574 2315 631 soluta
2346 583 2430 628 est
2463 591 2490 626 a
2522 571 2639 641 lege
2667 571 2796 627 viri.
2830 590 2849 624 ι
2877 569 3006 639 Quae
3062 582 3240 628 tamen
3297 572 3344 627 si
3395 572 3463 627 de
3512 585 3691 640 aposto-

471 674 552 726 lex
584 671 846 743 spiritalis
878 681 981 724 cst.
1021 690 1038 721 ι
1074 668 1272 733 Legem
1304 684 1433 721 vero
1463 667 1764 734 spiritalem
1788 680 2036 721 essenon

470 765 618 819 solus
651 762 847 817 Paulus
881 762 1084 816 sciebat
1121 759 1256 829 (50),
1288 760 1380 814 sed
1409 768 1462 813 et
1485 759 1538 813 hi
1570 759 1659 827 qui
1686 756 1756 811 ab
1789 758 1907 826 ipso
1936 757 2038 809 im-

469 856 820 913 buebantur:
861 855 949 924 qui
997 864 1176 908 tamen
1207 852 1479 923 spiritales
1520 861 1700 915 erant,
1731 850 1798 904 de
1844 851 2039 921 quibus

472 952 645 1005 dicit:
682 969 701 1002 ι
735 938 1011 1019 Spiritalis
1038 955 1216 1001 autem
1243 945 1518 1001 examinat
1542 945 1722 998 omnia
1754 944 1822 998 ⁸⁷.
1861 964 1881 997 ι
1905 943 2037 998 Nam

465 1044 538 1098 de
559 1043 767 1099 Galatis
798 1057 904 1095 non
943 1030 1162 1111 possum
1185 1038 1534 1110 pronuntiare
1563 1032 1706 1107 quod
1756 1035 1933 1091 sciant
1958 1035 2039 1089 le-

470 1151 589 1203 gem
626 1134 921 1206 spiritalem
946 1148 1084 1191 esse.
1108 1131 1175 1185 de
1204 1132 1402 1201 quibus
1436 1130 1565 1183 dicit
1595 1148 1609 1183 :
1639 1146 1658 1180 ι
1698 1127 1742 1183 0
1772 1126 2037 1182 insensati

471 1227 677 1295 Galatae
722 1224 836 1293 (51)
872 1223 950 1278 ⁸⁸1
991 1243 1010 1275 ι
1044 1222 1157 1278 Nisi
1191 1223 1333 1278 forte
1365 1233 1491 1276 tunc
1524 1221 1750 1277 scierint
1776 1236 1900 1276 cum
1931 1221 2042 1290 spi-

472 1319 577 1373 ritu
608 1325 889 1387 cmperant
912 1331 927 1368 :
952 1317 1046 1371 sed
1077 1329 1184 1369 non
1215 1322 1636 1385 permanserunt
1662 1312 1715 1367 in
1736 1313 1838 1368 bac
1860 1312 2041 1368 scien-

470 1414 561 1468 tia.
598 1411 719 1479 quia
755 1423 920 1463 carne
941 1407 1301 1463 consummati
1336 1414 1481 1460 sunt.
1508 1404 1889 1474 Apostolorum
1912 1420 2041 1461 vero

470 1502 711 1555 doctrina
740 1498 874 1571 (5'2),
904 1507 958 1552 et
987 1513 1172 1553 eorum
1218 1497 1310 1568 qui
1348 1496 1415 1550 ab
1445 1497 1577 1567 ipsis
1612 1495 2041 1552 instituebantur

469 1593 535 1645 ad
570 1592 895 1653 docendum,
919 1589 1044 1644 talis
1070 1598 1211 1653 erat,
1245 1604 1365 1658 qua:
1394 1587 1892 1643 doceret‘homines
1919 1603 2039 1643 ser-

471 1685 587 1738 vire
606 1683 706 1752 legi
738 1701 758 1734 ι
789 1697 893 1736 non
925 1681 978 1735 in
1009 1687 1275 1735 vetustate
1304 1678 1521 1744 litterae,
1561 1697 1581 1731 ι
1614 1678 1710 1734 sed
1742 1696 1761 1730 ι
1804 1678 1855 1733 in
1888 1678 2043 1734 novi-

472 1786 582 1831 tate
628 1774 852 1845 spiritus
885 1774 951 1828 δ’.
992 1792 1010 1824 ι
1054 1772 1206 1839 Quod
1243 1788 1350 1827 non
1387 1770 1562 1827 solum
1596 1770 1897 1839 apostolos,
1945 1769 2040 1825 sed

469 1878 526 1923 et
556 1869 872 1937 prophetas,
904 1874 953 1920 et
982 1865 1028 1920 si
1064 1865 1155 1935 qui
1195 1873 1353 1919 erant
1381 1872 1512 1919 tunc
1532 1864 1813 1934 sapientes
1840 1864 1892 1917 in
1943 1877 2040 1933 po-

471 1961 599 2028 pulo
630 1959 744 2023 Dei,
777 1957 1014 2013 sensisse
1055 1955 1310 2017 arbitror,
1345 1955 1470 2024 quia
1510 1955 1594 2009 lex
1649 1955 1907 2025 spiritalis
1931 1967 2037 2020 est,

472 2048 598 2103 licet
629 2047 993 2102 multitudinis
1029 2060 1192 2100 causa
1226 2045 1390 2100 etiam
1420 2044 1691 2098 carnalem
1724 2045 2040 2099 viderentur

472 2139 874 2195 observantiam
912 2139 1205 2194 custodire.
1253 2136 1365 2192 Nec
1412 2136 1636 2204 mirum,
1667 2154 1789 2192 cum
1824 2148 1872 2192 et
1925 2139 2041 2205 ipse

472 2230 677 2286 Paulus
727 2231 872 2286 dicat
902 2247 915 2283 :
958 2230 1095 2295 Quia
1132 2248 1150 2281 ι
1182 2229 1357 2283 factus
1407 2244 1526 2284 sum
1554 2226 1755 2284 Iudicis
1788 2237 2040 2299 tanquam

472 2322 712 2389 .lndzcus,
738 2332 798 2377 ut
818 2321 1031 2377 Iudaeos
1060 2320 1441 2378 lucrifacerem
1467 2322 1536 2375 '°.
1568 2340 1588 2374 ι
1615 2321 1691 2375 Ita
1723 2337 1855 2392 ergo
1885 2322 2038 2375 multi

472 2415 528 2468 iu
560 2414 753 2483 populo
778 2414 957 2485 priore
985 2412 1343 2483 proﬁciebant
1370 2413 1423 2467 in
1457 2412 1683 2467 scientia
1708 2412 1960 2483 spiritali,
1988 2421 2044 2468 et

474 2504 730 2558 videbant
778 2504 1006 2572 gloriam
1037 2503 1199 2557 Verbi
1252 2504 1367 2569 Dei,
1420 2502 1563 2559 sicut
1609 2503 1784 2558 Isaias
1840 2504 2042 2559 vidisse

462 2594 733 2649 scribitur
764 2593 989 2663 gloriam
1019 2592 1140 2648 Filii
1170 2594 1287 2655 Dei,
1319 2603 1377 2647 ut
1412 2604 1642 2650 testatur
1662 2593 1900 2650 Joannes
1917 2611 2040 2651 cum

473 2685 603 2740 dicit
627 2701 672 2740 :t
694 2683 823 2740 Haec
838 2694 1017 2739 autem
1038 2684 1177 2739 dixit
1204 2684 1393 2749 lsaias,
1413 2684 1629 2754 quando
1658 2685 1795 2740 vidit
1818 2687 2041 2756 gloriam

471 2772 588 2843 ejus
609 2774 675 2828 ⁶¹.
714 2792 732 2826 ι
768 2773 1082 2829 Scientibus
1107 2787 1239 2844 ergo
1269 2772 1439 2844 legem
1476 2772 1717 2844 loquitur
1747 2774 1962 2843 Paulus,
1991 2777 2044 2833 id

470 2874 554 2920 est
581 2866 879 2921 scientibus
898 2880 1019 2936 qua
1053 2865 1125 2920 sit
1169 2864 1281 2937 (53)
1314 2865 1365 2919 in
1401 2864 1520 2935 lege
1548 2876 1797 2922 vetustas
1827 2868 2042 2937 litterae,

466 2966 525 3012 et
552 2958 765 3013 novitas
787 2959 1041 3028 spiritus;
1079 2960 1222 3026 quod
1264 2956 1358 3027 qui
1391 2957 1529 3013 bene
1558 2959 1683 3023 scit,
1726 2959 1875 3013 novit
1928 2959 2046 3015 sine

469 3046 638 3102 dubio
663 3048 789 3116 quia
827 3048 899 3101 ita
932 3047 1018 3101 lex
1049 3046 1364 3101 dominatur
1397 3044 1600 3100 homini
1632 3045 1869 3113 quandiu
1888 3045 2044 3110 vivit,

471 3130 614 3193 sicut
642 3139 727 3193 vir
762 3138 1007 3203 mulieri;
1040 3147 1093 3193 et
1125 3138 1264 3191 sicut
1298 3146 1476 3193 morte
1507 3137 1609 3190 viri
1639 3136 1899 3191 liberatur
1928 3152 2047 3191 mu-

2140 665 2207 720 lis
2233 663 2365 737 (54),
2401 663 2482 718 vel
2512 664 2579 719 de
2606 664 2691 719 bis
2721 664 2811 732 qui
2837 678 2903 718 ex
2930 663 3354 717 circumcisione
3374 662 3695 717 crediderunt

2140 757 2283 811 dicta
2319 757 2714 826 intelligantur,
2775 754 2848 809 nil
2884 754 3322 811 commovebitur
3355 753 3689 822 quaestionis:

2140 850 2344 905 clarum
2382 863 2611 918 namque
2638 857 2721 902 est
2749 849 2891 917 quod
2922 847 2976 902 hi
3033 847 3206 916 legem
3245 844 3401 900 velut
3426 844 3587 897 virum
3613 843 3695 897 ha-

2144 943 2393 1003 buerunt,
2411 940 2509 995 sub
2526 938 2683 1008 cujus
2713 947 2985 1008 potestate
3009 938 3287 993 vivebant.
3321 935 3435 991 Sed
3459 935 3545 989 ubi
3569 936 3696 989 venit

2140 1032 2418 1102 plenitudo
2446 1039 2743 1102 temporum
2772 1030 2840 1094 ⁸³,
2874 1030 2959 1084 lex
3007 1029 3275 1084 inﬁrmari
3312 1030 3492 1096 cepit
3521 1025 3567 1078 iu
3592 1039 3697 1078 car-

2141 1140 2229 1188 ne,
2256 1136 2310 1179 et
2333 1124 2701 1179 infirmitatem
2722 1137 2870 1177 mors
2890 1131 3181 1177 consecuta
3200 1128 3308 1185 est,
3337 1128 3394 1173 et
3424 1117 3471 1173 si
3503 1116 3695 1186 qui(55)

2140 1216 2240 1272 sub
2266 1224 2534 1285 potestate
2557 1214 2718 1285 hujus
2745 1211 2847 1267 viri
2894 1213 3142 1268 vixerant
3197 1221 3469 1283 tanquam
3508 1207 3697 1271 mulier,

2143 1319 2356 1364 mortua
2403 1308 2587 1364 littera
2624 1306 2839 1377 spiritui
2884 1305 3095 1361 nubunt
3131 1304 3360 1361 Christo
3411 1307 3695 1360 credentes.

2142 1401 2205 1456 lii
2243 1416 2371 1456 vero
2400 1401 2491 1471 qui
2527 1414 2594 1456 ex
2624 1402 2873 1474 gentibus
2923 1399 3155 1455 Domino
3196 1398 3572 1461 crediderunt,
3603 1410 3697 1450 non

2142 1493 2468 1547 videbuntur
2500 1492 2612 1564 (56)
2659 1493 2761 1547 sub
2795 1492 2955 1563 hujus
3009 1491 3139 1557 viri,
3196 1490 3254 1544 id
3287 1498 3378 1545 est
3435 1488 3536 1543 sub
3579 1487 3700 1558 legis

2142 1592 2409 1654 potestate
2436 1584 2660 1651 vixisse,
2698 1599 2797 1639 nec
2827 1583 3083 1639 habuisse
3106 1584 3290 1638 virum
3333 1581 3480 1653 legis
3513 1597 3701 1637 sermo.

2142 1690 2287 1730 nem.
2311 1674 2703 1730 Testimonium
2731 1686 2910 1730 autem
2942 1675 3101 1746 hujus
3131 1675 3235 1742 rei,
3272 1675 3327 1730 id
3352 1683 3442 1730 est
3493 1676 3624 1747 quod
3653 1675 3701 1729 hi

2140 1766 2233 1837 qui
2266 1782 2333 1820 ex
2361 1764 2776 1821 circumcisione
2816 1776 2945 1822 sunt
2974 1769 3074 1823 sub
3120 1767 3243 1822 viro
3268 1767 3503 1834 fuerint,
3532 1767 3581 1822 lii
3611 1782 3700 1820 au-

2145 1870 2249 1911 tem
2286 1858 2380 1927 qui
2413 1872 2482 1913 ex
2524 1858 2777 1927 gentibus
2822 1859 2941 1914 sine
2967 1859 3107 1925 viro,
3135 1857 3308 1916 Isaias
3333 1859 3578 1915 declarat
3619 1859 3695 1914 di-

2142 1966 2269 2007 cens
2294 1948 2407 2023 (57)
2433 1969 2447 2006 :
2475 1969 2493 2004 ι
2529 1948 2736 2006 Laetare
2756 1950 2958 2008 sterilis
2989 1967 3109 2023 quae
3142 1967 3248 2009 non
3280 1952 3460 2023 paris,
3494 1967 3701 2022 erumpe

2139 2051 2193 2096 et
2212 2042 2382 2097 clama
2412 2057 2531 2113 qua:
2555 2056 2659 2097 non
2687 2043 2961 2109 parturis;
3016 2044 3280 2114 quoniam
3315 2042 3477 2099 multi
3511 2042 3596 2097 lilii
3618 2044 3703 2096 de-

2140 2144 2320 2201 sertae,
2348 2126 2520 2207 magis
2546 2149 2707 2205 quam
2735 2132 2849 2203 ejus
2876 2148 2997 2206 quae
3028 2135 3193 2191 habet
3218 2135 3401 2191 virum
3426 2134 3496 2191 ".
3532 2153 3552 2187 ι
3583 2134 3704 2189 Mul-

2141 2237 2226 2285 tos
2265 2226 2408 2284 ﬁlios
2429 2227 2560 2283 dicit
2587 2227 2816 2283 deserta:
2840 2227 3012 2299 magis
3058 2242 3222 2298 quam
3262 2231 3387 2298 ejus
3413 2243 3535 2298 quae
3559 2227 3708 2282 habet

2142 2320 2340 2386 virum,
2363 2318 2504 2390 quod
2536 2319 2704 2374 multo
2740 2320 2920 2390 plures
2949 2334 3014 2375 ex
3036 2319 3295 2391 gentibus
3324 2335 3495 2390 quam
3518 2333 3580 2374 ex
3606 2319 3709 2372 cir-

2143 2412 2477 2467 cumcisione
2498 2411 2865 2479 crediderint;
2897 2421 2953 2467 et
2985 2411 3225 2468 ostendit
3249 2427 3373 2467 eam
3411 2426 3532 2482 qua:
3559 2409 3711 2465 habet

2144 2505 2342 2569 virum,
2370 2503 2712 2575 Synagogam
2745 2516 2866 2558 esse
2893 2501 3005 2572 (58)
3026 2515 3146 2572 qua
3178 2501 3348 2556 habet
3377 2499 3584 2573 legem;
3614 2501 3714 2554 de-

2144 2606 2344 2651 sertam
2377 2611 2529 2663 vero,
2562 2605 2618 2653 et
2648 2609 2868 2667 vagam,
2900 2610 2966 2651 ac
2994 2595 3111 2652 sine
3139 2593 3249 2649 ulla
3279 2601 3557 2663 potestate
3582 2592 3713 2664 legis

2143 2689 2438 2752 viventem,
2478 2688 2717 2759 gentium
2752 2685 3190 2753 multitudinem,
3240 2699 3367 2756 qua
3423 2692 3482 2739 et
3515 2684 3716 2739 sterilis

2144 2791 2301 2847 erat,
2335 2779 2535 2836 nullius
2564 2777 2790 2852 legitimi
2816 2777 2967 2833 verbi
2994 2777 3284 2849 proferens
3332 2791 3575 2848 germen.
3612 2775 3716 2830 Po-

2144 2874 2291 2929 nitur
2317 2887 2449 2944 ergo
2486 2872 2541 2928 iu
2575 2871 2663 2927 bis
2691 2870 2759 2925 ab
2805 2868 3065 2939 Apostolo
3116 2869 3282 2924 homo
3334 2869 3433 2939 qui
3474 2867 3573 2923 sub
3601 2865 3720 2938 lege

2145 2966 2294 3028 vivit,
2322 2975 2582 3036 tanquam
2610 2962 2806 3021 mulier
2827 2980 2950 3036 quae
2979 2963 3081 3020 sub
3113 2962 3235 3018 viro
3262 2971 3375 3019 est.
3415 2960 3603 3017 Virum
3631 2973 3718 3013 au~

2147 3067 2251 3113 tem
2277 3058 2427 3128 ponit
2449 3070 2752 3113 sermonem
2784 3055 2938 3127 legis,
2966 3068 3129 3127 quem
3156 3065 3341 3110 tamen
3372 3054 3547 3107 virum
3572 3065 3721 3105 mor-

2106 3130 2300 3206 'tuum
2327 3151 2460 3206 dicit
2490 3150 2628 3222 (59),
2656 3150 2747 3220 qui
2776 3157 2864 3205 est
2894 3147 3197 3205 secundum
3254 3146 3495 3202 litteram
3538 3158 3718 3200 sermo

471 3228 573 3284 lier
595 3248 623 3283 a
656 3229 774 3300 lege
804 3228 969 3300 578
1018 3227 1278 3298 conjugii,
1327 3237 1384 3283 et
1435 3226 1680 3283 sociandi
1713 3239 1775 3281 se
1801 3226 1918 3281 viro
1952 3225 2021 3280 ali

2158 3243 2299 3312 legis.
2338 3240 2445 3298 Sed
2477 3241 2523 3296 is
2554 3238 2828 3311 quomodo
2879 3237 2955 3305 sit
2986 3245 3270 3301 mortuus,
3326 3234 3719 3305 pervidendum

473 3322 670 3391 accipit
725 3322 1052 3387 libertatem,
1107 3322 1179 3375 ita
1217 3330 1275 3375 et
1302 3320 1482 3374 anima
1522 3317 1677 3388 cujus
1704 3317 1789 3372 vir
1812 3318 1896 3373 lex
1931 3327 2035 3381 est.

468 3429 595 3467 cum
632 3421 957 3469 vetustatem
980 3413 1179 3467 littera:
1206 3412 1258 3465 in
1294 3411 1414 3481 lege
1446 3412 1887 3478 deprehenderit,
1911 3411 2038 3482 quia

466 3504 613 3572 quod
647 3503 936 3557 veterascit
961 3518 1127 3573 prope
1155 3503 1538 3557 exterminium
1572 3510 1678 3565 est,
1709 3503 1873 3557 veluti
1895 3518 2038 3559 mor-

472 3602 559 3646 tua
589 3593 690 3648 sibi
718 3591 835 3663 lege
866 3595 1162 3649 secundum
1194 3592 1428 3647 litteram
1460 3594 1657 3664 accipit
1683 3594 1917 3649 nubendi
1945 3594 2038 3649 alii

466 3685 605 3751 viro,
634 3683 725 3755 qui
756 3693 840 3739 est
858 3684 1079 3753 spiritus
1101 3685 1233 3756 legis
1263 3704 1277 3740 :
1322 3705 1342 3738 ι
1375 3684 1611 3757 Spiritus
1643 3695 1823 3741 autem
1853 3687 2035 3742 Domi-

470 3794 570 3833 nus
618 3788 701 3832 est
723 3778 791 3833 δ’.
829 3795 851 3833 ι
881 3776 1035 3843 Quod
1086 3789 1268 3833 autem
1301 3781 1460 3845 dixit,
1511 3799 1533 3834 ι
1569 3778 1684 3838 Lex
1731 3783 2038 3836 dominatur

469 3868 672 3923 homini
703 3878 909 3938 quanto
942 3878 1183 3939 tempore
1214 3872 1346 3927 vivit
1373 3914 1390 3939 ,
1433 3891 1453 3926 ι
1489 3889 1596 3928 non
1624 3874 1691 3927 ad
1738 3872 2036 3937 hominem,

464 3962 560 4017 sed
595 3964 662 4016 ad
697 3963 866 4034 legem
898 3963 1292 4024 referturJloc
1319 3967 1464 4022 enim
1490 3975 1544 4021 et
1567 3964 1621 4020 in
1656 3966 2041 4035 consequenti-

466 4047 569 4105 bus
599 4052 822 4119 indicat,
861 4054 951 4108 tibi
980 4054 1112 4109 dicit
1140 4074 1155 4111 :
1183 4073 1205 4108 ι
1253 4057 1486 4112 Vivente
1526 4056 1644 4110 viro
1687 4056 1903 4127 alligata
1955 4065 2041 4112 est

436 4138 609 4212 Alegi;
648 4161 667 4196 ι
694 4153 750 4198 et
792 4144 962 4213 ipsius
999 4146 1229 4217 exempli
1262 4146 1406 4217 quod
1437 4158 1778 4217 assumptum
1816 4156 1898 4202 est
1925 4147 2038 4217 ple-

467 4235 588 4286 nius
614 4235 755 4288 idem
780 4236 915 4290 ordo
938 4237 1182 4291 declarat
1222 4252 1236 4290 :
1267 4238 1441 4309 legem
1487 4240 1634 4293 enim
1666 4238 1787 4294 loco
1812 4239 1910 4294 viri
1941 4255 2038 4310 po-

464 4325 595 4389 suit,
625 4335 681 4380 et
700 4327 767 4381 de
796 4327 913 4396 ipsa
939 4328 1072 4382 dicit
1097 4343 1113 4382 :
1142 4348 1160 4381 ι
1184 4329 1241 4383 Si
1269 4340 1450 4384 autem
1466 4338 1712 4385 mortuus
1741 4329 2031 4398 fueritvir,

540 4486 586 4519 η
616 4485 787 4544 lCor.
814 4503 874 4547 ιι,
906 4488 993 4543 15.
1094 4489 1140 4523 ’⁸⁸
1160 4490 1318 4545 Galat
1352 4506 1388 4554 t,
1422 4490 1477 4543 3.
1574 4491 1621 4523 δ’
1644 4492 1805 4547 Rom.
1838 4505 1935 4552 vn,
1961 4491 2016 4546 6.

2116 4491 2164 4523 ⁸⁸
2190 4488 2210 4543 1
2233 4490 2363 4545 Cor.
2389 4505 2468 4552 ix,
2506 4491 2599 4546 20.
2673 4490 2716 4522 ⁸¹
2742 4489 2906 4544 Joan.
2935 4488 3142 4557 xn,4|.

2145 3342 2250 3389 est.
2297 3331 2483 3387 Potest
2511 3331 2729 3402 quidem
2760 3331 2922 3385 etiam
2966 3328 3021 3383 in
3052 3329 3159 3384 hoc
3193 3327 3372 3381 videri
3406 3324 3517 3394 (60)
3566 3337 3718 3377 mor-

2146 3432 2289 3486 tuus,
2333 3438 2458 3479 cum
2503 3422 2765 3495 spiritalis
2797 3419 3160 3492 intelligentia
3212 3415 3457 3475 excludit
3485 3424 3543 3470 et
3569 3413 3721 3470 velut

2145 3513 2406 3569 interimit
2438 3514 2801 3585 corporalem,
2828 3522 2884 3568 et
2915 3512 3155 3569 ostendit
3179 3509 3554 3580 refugiendam
3594 3518 3723 3561 esse

2143 3603 2479 3657 occidentem
2529 3602 2794 3671 litteram,
2844 3610 2903 3657 et
2951 3601 3291 3673 sequendum
3354 3599 3718 3654 viviﬁcantem

2143 3694 2419 3766 spiritum.
2452 3694 2562 3750 Sed
2619 3705 2676 3751 et
2713 3695 2821 3749 hoc
2853 3695 3016 3750 modo
3047 3701 3306 3748 mortuus
3363 3704 3489 3745 esse
3517 3687 3605 3744 hic
3638 3686 3723 3741 vir

2142 3785 2444 3841 evidentius
2467 3785 2876 3856 approbabitur.
2911 3784 3329 3840 Etenimdonec
3352 3786 3439 3837 lex
3467 3781 3718 3836 umbram

2141 3876 2367 3950 gerebat
2398 3875 2703 3931 futurorum
2726 3877 2993 3954 bonorum
3022 3874 3090 3941 ⁸⁸,
3118 3883 3175 3929 et
3202 3875 3258 3929 in
3280 3872 3576 3929 Jerusalem
3603 3879 3720 3923 ter-

2146 3984 2277 4023 rena
2302 3968 2418 4041 (61)
2442 3968 2680 4024 cmlestis
2710 3968 2939 4023 culturae
2963 3976 3123 4039 typus
3146 3976 3203 4021 et
3258 3966 3439 4035 imago
3488 3962 3723 4034 get-chao

2147 4068 2254 4124 tur,
2280 4070 2332 4113 et
2367 4060 2538 4115 altare
2570 4062 2849 4123 manebat,
2871 4056 3328 4123 etsacerdotium,
3348 4069 3531 4111 sermo
3554 4053 3721 4121 legis,

2147 4150 2328 4206 littera
2389 4151 2666 4217 videlicet,
2712 4153 2900 4207 vivere
2948 4149 3065 4221 (62)
3111 4149 3418 4204 videbatur.
3461 4145 3722 4201 Nondum

2142 4241 2287 4295 enim
2322 4241 2609 4295 introierat
2629 4241 2684 4296 in
2715 4250 2903 4296 sancta
2922 4254 3028 4295 non
3047 4238 3363 4296 manufaeta
3384 4233 3724 4299 Christus",

2143 4346 2243 4387 nec
2286 4340 2594 4387 accesserat
2633 4332 2700 4387 ad
2743 4329 2989 4388 velamen
3037 4332 3296 4398 interius,
3329 4329 3471 4401 quod
3505 4325 3573 4381 ad
3608 4323 3725 4377 ﬂe—

3218 4490 3266 4522 "
3286 4489 3328 4544 ll
3354 4490 3476 4545 Cor.
3500 4503 3592 4553 ut.
3622 4492 3723 4545 17.

464 4554 512 4590 ³⁸
539 4557 715 4614 Galat.
746 4574 820 4622 tv,
843 4559 899 4613 4.
973 4558 1021 4592 ⁵⁸
1048 4559 1170 4616 lsai.
1203 4577 1309 4628 Liv,
1345 4562 1367 4614 1
1396 4577 1411 4627 ;
1444 4560 1624 4617 Galat.
1652 4578 1725 4625 tv,
1758 4560 1849 4616 27.
1922 4562 1970 4593 ⁵⁸
1998 4560 2028 4616 Η

2158 4602 2163 4615 .
2199 4577 2254 4625 x,
2284 4561 2332 4614 1.
2409 4561 2456 4592 ⁸⁸
2478 4560 2647 4616 Hebr.
2677 4576 2755 4617 tx.
2787 4560 2876 4614 24.

537 4690 649 4764 (50)
683 4690 857 4764 Alias,
891 4709 910 4743 t
946 4691 1142 4763 Legem
1176 4706 1303 4749 vero
1348 4692 1646 4764 spiritalem
1698 4708 1807 4748 non
1859 4692 2032 4748 solum
2067 4701 2111 4754 ί)
2138 4692 2459 4764 maritaliter
2482 4692 2704 4764 spiritui
2746 4692 2974 4764 nubent.
3007 4710 3026 4743 ι
3065 4689 3173 4745 Sed
3211 4693 3411 4764 rectius
3435 4707 3573 4764 mss.
3610 4709 3725 4747 no-

464 4759 661 4815 Paulus
687 4762 912 4816 sciebat.
946 4781 967 4815 ι

534 4831 647 4901 (51)
687 4830 786 4901 his.
812 4847 954 4887 unus
976 4831 1176 4901 Regius
1208 4848 1355 4887 num.
1382 4833 1516 4887 1641
1549 4834 1628 4889 sic
1662 4834 1851 4894 habet,
1884 4850 1902 4883 ι
1938 4831 2033 4900 qui

468 4900 650 4973 tamen
678 4900 952 4973 spiritales
971 4900 1147 4973 erant.
1183 4902 1314 4955 Nam
1343 4902 1396 4973 id
1421 4905 1640 4972 quidam
1668 4902 1919 4957 carnales
1942 4916 2036 4973 ne-

465 4968 733 5039 sciebant,
794 4972 861 5025 de
893 4970 1091 5039 quibus
1131 4973 1262 5027 dicit
1292 4989 1306 5025 :
1340 4972 1386 5027 0
1426 4968 1690 5027 iuseusati
1726 4971 1969 5026 Galatae!
2009 4989 2028 5023 ι

463 5036 659 5094 Crateri
689 5054 820 5093 vero
844 5036 975 5093 mss.
1006 5050 1061 5094 et
1088 5043 1218 5096 editi
1251 5050 1311 5094 ut
1341 5043 1393 5095 in
1416 5051 1603 5098 nostro
1626 5051 1797 5096 textu.

535 5106 652 5177 (52)
690 5108 792 5164 Ms.
826 5126 989 5175 unus,
1030 5126 1051 5159 ι
1083 5111 1463 5177 Apostolorum
1498 5113 1645 5165 enim
1681 5113 1952 5166 doctrina.
2009 5129 2028 5162 ι

465 5177 668 5249 Deinde
693 5180 820 5232 editi
850 5178 1115 5246 plerique,
1136 5199 1156 5230 ι
1179 5181 1595 5249 instruebantur
1613 5182 1680 5235 ad
1705 5182 2031 5244 docendum,

469 5247 593 5299 talis
622 5257 763 5311 erat,
794 5250 1115 5313 qttatdocet,
1154 5269 1172 5301 ι
1209 5262 1315 5302 etc.

539 5316 655 5387 (5'5)
694 5315 784 5371 Sic
814 5333 941 5373 mss.
971 5318 1232 5386 plerique.
1266 5319 1407 5372 Editi
1443 5333 1572 5372 vero
1588 5328 1652 5372 et
1694 5332 1795 5371 tns.
1842 5333 1983 5372 titius
2013 5335 2028 5373 :

473 5399 491 5429 ι
510 5384 821 5459 Ηοεςιιιιιθηι
841 5384 1306 5457 (ἰίείιιεειὶιιὲηιιοό
1322 5389 1440 5459 (al.,
1461 5407 1482 5439 ι
1503 5388 1758 5459 quoniam
1778 5399 1827 5458 ι)
1846 5388 2029 5459 vidit,»

464 5465 572 5513 etc.
624 5456 822 5510 Deinde
854 5472 983 5511 mss.
1028 5455 1247 5524 quidam
1294 5455 1417 5511 cum
1448 5455 1630 5518 editis,
1675 5473 1694 5507 ι
1725 5455 2036 5510 Scientibus

464 5526 605 5597 enim
629 5525 748 5597 (al.,
773 5544 792 5577 ι
817 5540 948 5597 ergo
967 5524 1013 5597 ι)
1033 5527 1203 5595 legem
1221 5528 1431 5596 loquor,
1455 5526 1860 5597 iuquitPaulus,
1882 5527 1933 5579 id
1953 5539 2036 5581 est

466 5595 764 5649 scientibus
789 5596 916 5663 quia
954 5595 1049 5659 sit,
1078 5615 1099 5648 ι
1137 5607 1244 5650 etc.

534 5663 646 5735 (54)
681 5665 782 5719 Ms.
808 5679 968 5728 unus,
996 5685 1015 5717 ι
1043 5665 1187 5736 side
1216 5666 1444 5736 populis.
1482 5686 1503 5719 ι
1533 5668 1641 5732 AL,
1675 5686 1694 5719 ι
1724 5668 1771 5722 si
1796 5667 1862 5723 de
1895 5680 2027 5735 apo.

466 5735 752 5796 stolorum,
793 5752 813 5785 ι
844 5744 974 5797 etc.,
1009 5734 1170 5789 male.

535 5803 650 5876 (55)
688 5803 789 5869 ιιι.
819 5818 978 5876 unus,
1006 5822 1026 5855 ι
1058 5815 1112 5876 et
1163 5806 1243 5859 sic
1274 5807 1389 5876 qui,
1428 5826 1448 5858 ι
1475 5818 1581 5861 etc.
1621 5807 1826 5861 Deinde
1872 5804 2028 5865 editi,

470 5889 490 5921 ι
515 5872 970 5940 mulier,spiritui
996 5875 1223 5928 nubunt.
1256 5872 1437 5932 t'hlss.
1475 5880 1715 5944 quidam.
1746 5895 1764 5929 ι
1801 5879 2029 5933 mulier.

2141 4763 2250 4884 str'i)
2287 4772 2343 4816 et
2394 4762 2676 4829 Rabanus,
2711 4779 2730 4813 ι
2775 4762 2992 4828 mulier,
3022 4770 3236 4816 mortua
3269 4762 3444 4818 littera
3487 4763 3729 4831 spiritui

2143 4848 2211 4884 nu
2255 4843 2370 4884 uut.
2414 4852 2433 4883 ι

2143 4843 2370 4886 nubunt.
2414 4852 2433 4883 ι

2209 4900 2533 4973 (56)7Editi,
2570 4917 2591 4952 ι
2629 4898 2875 4973 “ivero
2902 4899 2996 4970 qui
3030 4913 3097 4954 ex
3160 4902 3409 4971 gentibus
3454 4901 3727 4956 credide-

2143 4971 2552 5036 runt,’Domino
2585 4971 2953 5033 crediderunt,
2997 4981 3055 5024 et
3079 4987 3188 5025 non
3229 4972 3495 5033 videntur,
3526 4990 3555 5023 ι
3599 4983 3726 5025 etc.

2213 5041 2322 5111 (57)
2364 5042 2460 5111 Ms.
2509 5055 2674 5106 unus,
2706 5058 2726 5089 ι
2763 5042 2929 5094 Isaias
2955 5041 3100 5094 dabit
3130 5042 3342 5097 dicens.
3376 5061 3395 5094 ι
3423 5039 3726 5103 Babauus,

2140 5126 2162 5160 ι
2194 5109 2362 5164 Isaias
2391 5110 2664 5164 clamabat
2686 5111 2890 5165 dicens.
2931 5129 2950 5164 ι

2206 5180 2317 5248 (58)
2362 5180 2511 5234 Esse.
2544 5180 2599 5233 ιιι
2635 5181 2797 5235 editis
2817 5181 3112 5235 omittitur.

2206 5246 2317 5320 (59)
2353 5251 2444 5305 Sic
2483 5265 2586 5303 ms.
2616 5266 2775 5304 unus.
2802 5248 2993 5305 Caeteri
3024 5263 3154 5320 vero
3182 5264 3344 5317 mss.;
3374 5246 3645 5302 Rabanus
3670 5258 3733 5302 et

2135 5318 2289 5380 editi,
2317 5338 2337 5372 ι
2384 5320 2668 5374 mortalem
2696 5322 2849 5382 dicit,
2884 5339 2905 5372 ι
2940 5318 3102 5376 male.

2209 5388 2323 5458 (60)
2357 5389 2521 5451 Editi,
2559 5406 2579 5439 ι
2616 5389 3003 5458 providendum
3036 5399 3142 5445 est.
3185 5387 3363 5445 Potest
3388 5383 3627 5459 quidem
3670 5390 3735 5443 in

2140 5458 2240 5511 hoc
2267 5459 2459 5512 videri.
2501 5476 2519 5507 ι
2549 5460 2754 5513 omisso
2785 5478 2803 5510 t
2827 5460 3015 5514 etiam.
3048 5476 3068 5511 ι

2189 5526 2298 5595 (61)
2328 5527 2491 5588 Editi.
2526 5549 2545 5580 ι
2581 5538 2636 5585 et
2673 5530 2956 5587 inhiabant
2983 5532 3036 5587 in
3072 5541 3321 5594 terrena;
3354 5551 3371 5583 ι
3405 5530 3729 5590 Rabanus.

2118 5598 2670 5685 Letfinliierusalem
2698 5610 2935 5685 terrena.
2972 5621 2994 5685 ξ
3023 5600 3579 5685 hiss._qu_idam_alius,
3623 5624 3648 5654 ι
3672 5615 3735 5656 et

2115 5665 2360 5738 inhiabat
2397 5672 2656 5733 terrenis;
2694 5690 2714 5722 ι
2758 5672 2916 5738 alios,
2946 5682 3003 5727 et
3031 5692 3050 5723 ι
3087 5665 3360 5732 inhiabant
3384 5681 3653 5726 terrena.
3706 5693 3726 5723 ι

2116 5734 2221 5788 Sed
2252 5737 2492 5804 potiores
2523 5756 2652 5795 mss.
2689 5752 2748 5795 ut
2777 5745 2830 5794 in
2859 5734 3045 5798 nostro
3079 5753 3250 5799 textu.

2188 5805 2298 5872 (δὲ)
2347 5807 2596 5866 Videlicet
2626 5812 2811 5867 vivere.
2848 5811 2975 5869 "ch
3017 5815 3183 5869 verba
3219 5813 3616 5871 desiderantur
3670 5813 3733 5866 in

2119 5876 2291 5933 editis.
