3768 6528
85 423 191 480 1075

82 541 216 594 braeos
233 534 458 589 scribens
471 532 758 602 Apostolus
778 530 824 562 "
841 546 1058 586 carnem
1073 532 1274 586 Christi
1288 545 1408 585 esse
1425 531 1591 584 inter-
1617 533 1665 588 A

81 637 289 698 pretatur.
304 625 397 682 Ubi
414 641 539 680 vero
569 642 591 676 ο
626 623 856 679 Verbum
877 637 1004 676 caro
1019 622 1217 677 factum
1240 631 1341 688 est,
1365 632 1419 676 et
1436 622 1587 676 habi-

80 718 178 774 tavit
197 719 244 772 in
269 718 409 771 nobis
433 717 573 778 ",ra
592 714 876 785 praesentia
901 711 1018 780 ejus
1041 712 1338 768 Jerusalem
1369 724 1582 767 terrena

81 825 167 865 tum
207 808 388 878 templo
419 805 532 877 (65)
571 815 627 860 et
661 805 840 866 altari,
870 813 1034 872 atque
1071 804 1321 858 omnibus
1353 820 1471 874 qua:
1511 804 1582 858 ibi

78 901 370 972 gerebantur,
394 913 584 954 ever-sa
615 906 718 952 est.
738 894 890 949 Tunc
909 903 1155 950 mortuus
1173 907 1258 950 est
1273 897 1358 950 vir
1372 897 1508 962 ejus,
1533 897 1584 949 id

76 1003 136 1046 est
151 992 417 1048 secundum
439 990 675 1044 litteram
711 989 816 1042 lex.
839 989 920 1041 An
941 1003 1046 1042 non
1060 987 1183 1055 jure
1195 989 1393 1042 dicitur
1412 989 1465 1042 in
1484 989 1584 1044 hac

75 1093 190 1153 parte
214 1094 441 1138 mortuus
469 1097 650 1137 sermo
681 1081 831 1151 legis,
852 1079 940 1134 cui
967 1080 1116 1135 nulla!
1138 1080 1433 1143 sacrificia,
1459 1081 1584 1135 nul.

74 1180 152 1229 lum
194 1174 565 1238 sacerdotium,
598 1171 742 1226 nulla
780 1170 1001 1227 Levitici
1045 1173 1254 1228 ordinis
1284 1172 1584 1227 ministeria

73 1266 370 1322 deferuntur?
394 1264 726 1318 Homicidam
745 1264 933 1332 punire
953 1278 1060 1318 non
1078 1273 1273 1333 potest,
1309 1277 1409 1319 nec
1433 1265 1585 1319 adul.

72 1369 204 1413 teram
233 1357 337 1429 (64)
363 1357 602 1427 lapidare
629 1373 644 1412 :
678 1355 792 1409 haec
814 1355 957 1409 enim
981 1357 1081 1411 sibi
1108 1356 1364 1427 vlndicatl
1383 1357 1584 1410 Roma-

69 1465 222 1504 norum
256 1458 520 1518 potestas:
559 1458 613 1503 et
643 1449 858 1502 dubitas
883 1447 1059 1502 adhuc
1091 1449 1134 1502 si
1163 1457 1371 1502 mortua
1398 1449 1470 1502 sit
1495 1463 1583 1502 se-

68 1543 260 1596 cundum
281 1541 510 1596 litteram
536 1541 663 1595 lex?
687 1540 794 1595 Ter
825 1541 879 1594 in
907 1555 1048 1594 anno
1072 1556 1334 1610 apparere
1355 1540 1582 1596 Domino

67 1633 207 1687 omnis
227 1630 487 1686 masculus
506 1647 611 1685 non
636 1631 879 1686 ascendit
903 1632 1016 1702 (65)
1039 1650 1050 1684 :
1073 1633 1188 1686 ovis
1215 1632 1268 1686 in
1290 1631 1584 1687 festivitate

68 1720 248 1776 Pascha
269 1721 316 1774 in
351 1720 567 1776 civitate
603 1736 762 1788 quam
813 1721 1040 1791 elegisse
1059 1731 1278 1790 putatur
1329 1722 1583 1779 Dominus

65 1811 175 1867 Deus
195 1812 324 1867 nulla
347 1813 655 1882 jugulatur;
677 1812 930 1882 manipuli
974 1813 1331 1880 primitiarum
1365 1831 1470 1869 non
1501 1816 1583 1868 of-

64 1906 288 1968 feruntur,
323 1904 464 1958 nulla
484 1903 791 1958 celebratur
811 1905 1042 1970 oblatio;
1066 1905 1207 1960 nulla
1233 1907 1404 1976 lepra,
1440 1908 1584 1962 nulla

63 2005 281 2064 purgatur
301 1995 636 2048 immunditia
669 1993 802 2064 (66).
832 1994 898 2048 Et
929 1995 1160 2050 dubitari
1196 2007 1370 2066 potest
1401 1999 1452 2052 in
1499 1999 1584 2054 his

61 2088 270 2141 omnibus
292 2096 553 2140 mortuam
581 2101 701 2141 esse
725 2086 960 2141 litteram
980 2087 1150 2157 legis?
1171 2091 1304 2144 Cum
1325 2105 1454 2158 ergo
1479 2092 1584 2146 cla-

60 2179 197 2232 ruerit
215 2194 306 2249 per
327 2179 443 2234 haec
472 2181 657 2234 omnia
698 2192 965 2235 mortuum
992 2197 1113 2235 esse
1131 2182 1303 2236 virum
1322 2183 1580 2250 priorem,

64 2271 179 2323 nulla
200 2272 570 2342 praevaricatio
607 2281 692 2327 est
733 2273 950 2328 Christo
983 2282 1238 2344 tanquam
1275 2276 1392 2329 viro
1422 2275 1578 2330 alteri

59 2363 244 2427 sociari,
265 2363 402 2418 sicut
431 2364 641 2420 mulieri
677 2369 879 2422 crimen
919 2383 1023 2421 non
1065 2377 1150 2422 est
1175 2368 1219 2422 si
1264 2369 1380 2423 viro
1403 2369 1582 2438 priore

59 2453 278 2510 defuncto
300 2457 554 2527 suscipiat
596 2459 829 2513 secunda
868 2460 1158 2516 connubia.
1199 2459 1266 2514 Et
1294 2471 1579 2530 pr0pterea

56 2545 192 2600 dicit:
216 2565 235 2597 ι
255 2547 416 2616 Igitur
431 2547 644 2602 vivente
670 2550 788 2603 viro
807 2550 1281 2620 cognominabitur
1304 2551 1574 2616 adultera,

54 2636 87 2688 si
107 2635 249 2692 fuerit
265 2653 381 2691 cum
402 2637 508 2692 alio
522 2639 663 2704 viro,
678 2659 696 2691 ι
719 2649 774 2693 ιιι
793 2643 1046 2695 ostendat
1066 2642 1191 2710 quia
1211 2651 1264 2695 et
1288 2643 1464 2696 anima
1486 2645 1580 2698 ho-

53 2729 204 2794 minis,
248 2730 290 2784 si
313 2728 427 2797 jam
457 2731 605 2785 venit
645 2731 710 2785 ad
745 2730 1052 2798 Christum,
1105 2743 1163 2788 et
1190 2733 1410 2789 Christo
1432 2735 1578 2790 velut

52 2821 258 2874 secundo
279 2822 394 2876 viro
421 2823 628 2878 sociata
646 2835 748 2888 est,
764 2825 909 2878 nullo
927 2838 1126 2890 genere
1151 2826 1333 2880 vivere
1351 2828 1400 2881 ei
1418 2827 1577 2882 debet

50 2920 257 2966 vetustas
280 2914 496 2979 litterae,
527 2931 646 2986 qua:
673 2924 758 2972 est
784 2919 938 2986 quasi
966 2920 1114 2989 prior
1153 2921 1254 2982 vir,
1280 2936 1348 2975 ne
1379 2921 1512 2976 forte
1525 2922 1572 2974 si

49 2999 182 3072 579
211 3004 356 3058 illum
380 3006 582 3061 habeat
619 3007 673 3062 in
701 3022 759 3063 se
799 3010 1090 3077 viventem,
1121 3010 1389 3066 elﬁciatur
1419 3013 1576 3067 adul-

48 3105 154 3161 tera,
182 3113 297 3166 quae
327 3099 397 3152 ita
427 3100 665 3155 secundo
691 3103 896 3158 sociata
925 3113 1027 3168 est,
1064 3114 1122 3158 ut
1150 3105 1199 3159 ei
1221 3107 1399 3162 adhuc
1424 3106 1574 3163 vive-
1620 3128 1630 3136 ·

47 3197 112 3280 ret
137 3189 281 3280 prior
305 3189 442 3261 (67).
468 3189 582 3246 Hoc
614 3200 697 3247 est
733 3194 874 3262 quod
914 3208 1014 3264 per
1043 3195 1200 3248 aliam
1244 3196 1466 3268 figuram
1520 3208 1575 3254 et
1600 3221 1646 3280 α

47 3274 87 3329 il
113 3278 477 3346 superioribus
506 3281 664 3350 dixit,
693 3283 820 3353 quia
860 3284 1000 3338 mori
1038 3285 1189 3353 prius
1230 3295 1475 3356 Oportet,
1520 3299 1577 3344 et

45 3366 100 3420 ita
125 3371 443 3440 consepeliri
471 3371 717 3429 Christo.
745 3375 990 3445 Denique
1021 3376 1186 3431 etiam
1220 3378 1321 3433 hoc
1351 3379 1499 3434 addit
1521 3381 1572 3433 in

44 3459 402 3523 posterioribus
435 3481 450 3517 :
493 3480 513 3514 ι
534 3463 741 3534 Itaque,
779 3465 978 3521 fratres
1002 3468 1132 3535 mei,
1164 3477 1218 3523 et
1245 3484 1340 3524 vos
1376 3472 1572 3524 mortui

43 3549 150 3601 estis
178 3549 281 3620 legi
314 3566 413 3619 per
432 3567 632 3622 corpus
657 3554 883 3624 Christi,
911 3565 970 3611 ut
996 3558 1116 3613 sitis
1138 3559 1362 3614 alterius
1390 3561 1480 3630 qui
1505 3577 1574 3616 ex

42 3642 238 3695 mortuis
275 3646 609 3712 resurrexit,
643 3655 700 3700 ut
733 3646 1126 3705 fructilicetnus
1176 3651 1286 3706 Deo
1309 3651 1356 3684 ”
1383 3653 1516 3722 (68).
1551 3672 1569 3704 ι

45 3725 176 3787 Vides
205 3738 500 3804 quomodo,
533 3737 662 3793 licet
705 3739 1000 3810 ﬁgurarum
1045 3742 1339 3798 diversitas
1388 3746 1574 3798 videa-

41 3830 126 3886 tur,
150 3830 213 3879 ad
259 3843 426 3881 unum
484 3838 664 3885 tamen
713 3846 931 3887 sensum
982 3843 1178 3889 cuncta
1233 3846 1574 3890 revocantur.

40 3908 148 3966 Nam
170 3925 222 3970 et
252 3921 397 3987 quod
423 3921 598 3988 legem
639 3921 792 3976 nobis
827 3933 1094 3979 mortuam
1119 3925 1274 3990 dicit,
1299 3925 1401 3980 hoc
1430 3927 1574 3981 idem

40 4004 125 4055 vult
151 4007 569 4080 intelligi,quod
607 4023 661 4068 et
707 4029 806 4068 nos
842 4016 1038 4070 mortui
1095 4031 1283 4070 sumus
1331 4018 1435 4087 legi
1478 4033 1575 4086 per

88 4143 128 4173 ⁵⁷
155 4139 315 4198 lIebr.
341 4158 399 4208 x,
417 4142 508 4200 20.
583 4145 630 4176 ⁸⁸
655 4143 810 4202 Joan.
835 4163 874 4212 ι,
899 4148 986 4204 14.
1063 4148 1110 4180 ⁸³
1152 4147 1312 4203 Rom.
1340 4166 1439 4214 vn,
1461 4151 1515 4206 4.
1590 4153 1637 4185 ⁸ο

88 4287 188 4359 (65)
215 4291 307 4346 Sic
329 4307 434 4347 ms.
464 4307 605 4346 unus
636 4303 688 4346 et
712 4291 985 4348 Rabanus.
1022 4292 1164 4349 Editi
1205 4310 1332 4350 vero
1358 4307 1408 4349 et
1438 4313 1566 4352 mss.

34 4359 277 4434 quidam”
302 4378 334 4416 a
359 4362 649 4430 praesentia
685 4364 802 4431 ejus
855 4363 940 4418 lex
979 4379 1098 4416 cum
1156 4366 1374 4434 templo,
1405 4387 1426 4419 ι
1462 4379 1566 4420 etc.

31 4428 155 4480 Alter
175 4446 274 4485 ms.
306 4428 512 4497 codex,
551 4450 572 4482 ι
605 4448 671 4486 ac
697 4428 982 4500 praesentia
1007 4434 1119 4500 ejus
1137 4428 1436 4490 Jerusalem
1467 4447 1575 4492 ter-

33 4508 285 4571 renacnrn
312 4502 544 4571 templo,
585 4521 604 4552 ι
628 4513 734 4557 etc.

90 4566 188 4638 (64)
223 4570 410 4636 Editi,
434 4566 464 4622 ἰ
500 4587 598 4625 nec
628 4573 957 4628 adulterum.
995 4591 1014 4624 ι

35 4702 45 4711 ε
89 4636 185 4704 (65)
218 4641 392 4702 Editi,
419 4659 439 4692 ι
466 4641 658 4711 littera:
691 4644 838 4711 Iex.p
869 4642 1069 4698 Deinde
1099 4659 1204 4699 ms.
1241 4660 1402 4710 unus,
1432 4665 1449 4696 ι
1477 4646 1584 4700 Ter

36 4710 75 4754 in
98 4723 229 4762 anno
256 4725 535 4778 apparere
566 4710 1038 4779 Dominojuhetur
1067 4716 1245 4769 omnis
1271 4718 1579 4778 masculus;

30 4787 109 4825 non
137 4780 412 4834 ascendit.
443 4798 464 4832 ι

81 4845 178 4913 (66)
218 4848 314 4903 Sic
365 4867 471 4904 nts.
508 4867 646 4906 unus
689 4852 887 4920 Regius
933 4868 1084 4906 num.
1121 4855 1275 4911 l659.
1328 4855 1583 4912 Rabanos

30 4924 149 4988 τεῳ,
177 4935 196 4964 σ
238 4920 511 4988 manipuli
545 4922 907 4986 primitiarum
938 4924 1237 4978 elIeruntur
1259 4927 1388 4979 nulli
1419 4962 1433 4978 .
1464 4963 1478 4978 .
1523 4964 1537 4979 .
1564 4963 1582 4981 .

29 4982 145 5058 "IL"?
179 4982 446 5057 expiatur
488 4982 852 5054 itumttttditia,
910 5011 930 5043 ι
978 5003 1084 5048 etc.
1141 4996 1334 5050 Caneri
1371 5011 1498 5049 mss,
1531 5006 1583 5048 ei,

29 5051 173 5134 editi,
201 5073 231 5108 ί
253 5051 956 5134 'manipulihpriruitiarum
992 5064 1112 5132 (aL,
1149 5083 1171 5115 ι
1200 5068 1267 5120 de
1296 5066 1584 5134 manipulis

29 5129 386 5204 prtinittarum_
405 5133 458 5204 ι),
479 5129 620 5204 nulla
647 5132 954 5185 celebratur
974 5129 1174 5187 oblatio
1201 5154 1212 5187 ε
1246 5136 1388 5189 nulla
1416 5129 1583 5204 lepra,

29 5190 172 5320 ι
190 5200 418 5320 peceqzis
434 5190 560 5271 (aL,
579 5218 598 5251 ι
618 5204 920 5270 peccatoris
943 5205 990 5272 ι)
1014 5205 1329 5271 immundis,
1348 5190 1579 5258 dubitari

99 5274 188 5323 est,
227 5285 246 5316 ι
278 5277 396 5322 etc.

82 5329 184 5410 (67)
215 5335 412 5410 Alias,
451 5357 471 5388 ι
497 5340 620 5410 quia
660 5340 731 5392 ita
760 5341 935 5396 adhuc
975 5344 1213 5398 secundo
1244 5346 1448 5399 sociata
1479 5355 1584 5410 est,

29 5405 256 5478 ιιιειΑςειμ
282 5425 319 5478 ῖς
349 5419 412 5460 ιιι
434 5411 478 5462 si
504 5405 550 5474 ἰ)
577 5410 753 5464 adhuc
781 5412 990 5465 viveret
1021 5414 1188 5478 prior.
1223 5432 1242 5465 ι

79 5467 180 5546 (68)
213 5473 372 5553 Ειῇιὶ
407 5498 420 5532 :
456 5495 477 5530 ι
505 5467 666 5535 Vides
717 5483 988 5549 quomodo
1021 5467 1328 5553 'Iigurarum
1350 5526 1366 5551 ,
1401 5503 1420 5536 ι
1452 5495 1584 5548 em,

29 5545 200 5593 imissa
233 5561 253 5594 ι
287 5545 442 5600 licet.
465 5567 488 5600 ι

79 5608 185 5679 (69)
243 5614 350 5669 Sic
390 5633 521 5688 mss.
571 5634 711 5674 unus
761 5620 958 5688 Regius
1018 5637 1167 5676 nunt.
1232 5621 1390 5676 I6“.
1441 5623 1590 5676 Alter

29 5685 107 5760 El}-
146 5686 504 5760 num._16_39:
547 5706 565 5738 ι
588 5688 723 5742 Nam
754 5685 1004 5760 equidem
1043 5693 1212 5760 legem
1249 5694 1406 5747 nobis
1443 5710 1587 5745 mor-

29 5742 452 5836 :(li‘catarnodicit
465 5775 558 5826 per
584 5742 1046 5836 corpusjchristi,
1070 5742 1123 5814 iii
1153 5778 1261 5830 quo
1291 5778 1540 5836 corpore,
1562 5782 1581 5814 ι

29 5822 140 5882 διε-ι
174 5824 416 5883 omissis
441 5822 809 5886 intermediis.
857 5822 1048 5887 Caeteri
1090 5822 1219 5887 vero
1248 5822 1588 5897 utss.;liaha-

966 417 1324 474 COMMENT.
1367 415 1433 470 IN
1466 413 1686 470 EPIST.

1724 412 1816 468 AD
1850 415 2017 470 ROM.
2055 414 2181 468 LIB.
2219 415 2307 469 VI.
3121 418 3260 474 107a

1694 542 1890 597 corpus
1923 529 2149 594 Christi,
2188 529 2243 583 in
2293 541 2401 596 quo
2447 542 2686 597 corpore
2729 527 2840 598 (69)
2872 584 2874 586 ,
2901 547 2919 579 ι
2948 529 3261 599 iniquitates

1689 633 1904 675 nostras
1929 622 2072 683 tulit,
2115 629 2170 675 et
2201 629 2424 690 peccata
2449 629 2634 675 nostra
2670 620 2910 689 portavit
2934 621 3001 685 ⁸⁸,
3029 640 3048 674 ι
3095 633 3152 676 et
3209 624 3262 677 in

1687 728 1793 781 quo
1825 714 1976 766 exuit
2016 713 2391 780 cprincipatus
2440 718 2496 764 et
2543 719 2862 779 potestates,
2921 711 3268 780 triumphans

1685 818 1781 858 eas
1813 803 1862 857 in
1891 805 2182 871 semetipso
2205 804 2270 856 ⁶¹.
2297 822 2315 854 ι
2353 801 2746 856 Festinandum
2773 813 2858 857 est
2885 818 3015 871 ergo
3036 806 3102 857 ad
3133 806 3266 860 istas

1685 896 1954 948 secundas
1984 895 2222 963 nuptias,
2255 909 2377 964 qua:
2403 893 2678 950 beatiores
2713 905 2838 948 sunt
2887 895 3058 962 multo
3094 911 3257 964 quam

1686 985 1896 1055 primae.
1929 987 1996 1040 Et
2037 987 2163 1041 vide
2203 989 2248 1040 si
2291 987 2434 1040 forte
2463 986 2576 1055 jam
2620 998 2751 1041 tunc
2792 985 2881 1040 lex
2925 990 3032 1041 tale
3078 988 3277 1042 nescio.

1685 1079 1811 1148 quid
1835 1079 2202 1134 adumbrabat
2228 1079 2280 1132 in
2298 1093 2364 1133 eo
2384 1078 2754 1149 cumjubebat
2787 1078 2900 1149 (70)
2941 1090 2997 1132 ut
3045 1080 3259 1145 mulier,

1686 1180 1900 1227 mortuo
1933 1172 2112 1239 priore
2153 1173 2293 1236 viro,
2347 1172 2414 1226 de
2441 1187 2550 1241 quo
2592 1187 2777 1227 semen
2810 1187 2918 1226 non
2945 1181 3264 1240 susceperat

1687 1263 1834 1335 (talis
1863 1264 2008 1318 enim
2061 1262 2239 1318 fuerat
2269 1263 2360 1332 qui
2399 1262 2636 1317 fructum
2671 1279 2776 1317 non
2815 1275 2998 1334 posset
3043 1261 3260 1333 afferre)

1678 1353 1964 1422 juberetur
1988 1357 2145 1411 fratri
2168 1355 2287 1424 ejus
2309 1355 2520 1410 nubere
2547 1354 2626 1411 “.
2660 1355 2852 1410 Frater
2871 1355 3015 1408 enim
3049 1356 3261 1409 videtur

1688 1446 1827 1517 legis
1876 1447 2071 1502 litterae
2119 1448 2416 1502 secundum
2467 1448 2718 1518 spiritum
2759 1449 2869 1513 lex,
2921 1458 2981 1501 ut
3016 1449 3083 1500 de
3143 1447 3260 1513 ipso

1688 1541 1863 1608 magis
1890 1540 2083 1594 mulier
2110 1539 2306 1594 all‘erat
2335 1540 2596 1594 fructum.
2631 1541 2737 1597 Sed
2795 1543 2911 1596 haec
2947 1541 3158 1610 plenius
3203 1541 3258 1592 in

1687 1627 1822 1683 locis
1868 1631 1982 1685 suis
2024 1632 2395 1700 requirentur.
2447 1630 2602 1685 Nunc
2644 1641 2847 1695 autem,
2901 1642 2960 1686 ut
2995 1633 3256 1695 diximus,

1685 1718 1836 1787 prius
1870 1719 2209 1774 moriendum
2253 1730 2340 1776 est
2373 1721 2477 1790 legi
2518 1722 2748 1785 litterze,
2799 1734 2858 1777 ut
2886 1724 2966 1777 sic
2999 1722 3257 1793 conjungi

1686 1813 1956 1880 possimus
1977 1812 2215 1879 Christo,
2245 1815 2334 1883 qui
2358 1829 2424 1868 ex
2452 1817 2681 1870 mortuis
2714 1818 3036 1872 resurrexit.
3072 1815 3258 1870 Potest

1688 1913 1868 1956 autem
1924 1902 2038 1958 fieri
2070 1913 2127 1957 ut
2157 1905 2259 1959 hoc
2287 1920 2391 1959 non
2422 1907 2596 1960 solum
2645 1907 2710 1961 de
2756 1908 2874 1977 lege
2926 1908 3096 1978 Moysi
3136 1924 3256 1977 quae

1685 2002 1773 2048 est
1821 1996 2122 2048 secundum
2173 1995 2412 2049 litteram
2476 1998 2759 2061 sentiatur,
2827 1999 2922 2051 sed
2981 2000 3047 2052 de
3106 2000 3254 2052 omni

1687 2085 1908 2140 homine
1931 2085 2084 2157 (7i):
2118 2087 2373 2156 quoniam
2403 2097 2610 2141 certum
2643 2099 2724 2142 est
2746 2091 2890 2157 quod
2925 2089 3260 2156 quibuscum

1685 2193 1792 2244 que
1817 2177 2106 2243 institutis,
2131 2179 2545 2247 quibuscunque
2577 2179 2822 2233 moribus
2859 2192 3074 2249 agatur,
3100 2181 3254 2248 quasi

1684 2271 1784 2324 sub
1813 2270 1931 2337 lege
1957 2271 2059 2324 hac
2094 2284 2203 2338 qua
2243 2270 2416 2323 utitur
2465 2272 2645 2325 vivere
2685 2274 2987 2326 credendus
3019 2287 3141 2327 est:
3170 2271 3258 2325 cui

1685 2359 1870 2426 utique
1908 2359 1990 2412 vel
2029 2359 2145 2426 ipse
2200 2359 2334 2413 mori
2371 2361 2550 2419 debet.
2601 2361 2684 2414 vel
2741 2361 2856 2430 ipsa
2889 2362 2963 2415 illi
3003 2362 3136 2432 (72),
3189 2378 3258 2416 ne

1682 2448 1824 2504 forte
1857 2449 1958 2504 sub
1997 2451 2103 2504 alio
2140 2451 2262 2504 viro
2291 2453 2466 2519 posita
2507 2453 2686 2506 anima
2733 2452 2803 2506 ad
2839 2455 3115 2508 Christum
3168 2471 3259 2508 ve-

1681 2543 1858 2608 niens,
1895 2558 2001 2596 non
2035 2554 2142 2597 tant
2177 2543 2392 2613 nuptias
2429 2543 2547 2610 ejus
2583 2545 2755 2610 adire,
2797 2561 2960 2613 quam
3008 2548 3255 2602 adultera

1681 2633 1816 2688 eﬂici
1851 2635 2119 2701 videatur,
2162 2635 2361 2704 quippe
2404 2637 2448 2688 si
2501 2637 2698 2704 prioris
2755 2637 2870 2708 (75)
2920 2617 3096 2692 adhuc
3152 2641 3254 2692 viri

1681 2727 1888 2796 legibus
1919 2729 2073 2781 vivit.
2124 2727 2276 2794 Quod
2335 2737 2516 2782 tamen
2557 2731 2845 2797 Apostolus
2888 2732 2990 2783 alia
3033 2747 3260 2786 rursum

1681 2819 1848 2889 ﬁgura
1880 2822 1944 2873 ad
1980 2819 2228 2874 euuuletn
2258 2834 2480 2873 sensum
2510 2818 2625 2888 (74)
2654 2821 3049 2890 explanationis
3085 2823 3252 2874 addu-

1677 2912 1772 2965 cit.
1801 2910 2090 2982 Subjungit
2119 2911 2266 2966 enim
2297 2927 2310 2962 :
2351 2912 2514 2968 «Cum
2540 2914 2684 2968 enim
2709 2925 2956 2967 essemus
2985 2914 3035 2968 in
3065 2929 3252 2978 carne,

1677 3001 1808 3056 vitia
1835 3013 2185 3072 peccatorum
2219 3020 2340 3074 qua:
2386 3019 2482 3073 per
2521 3005 2694 3074 legem
2727 3017 2906 3073 erant,
2927 3009 3253 3075 'operaban-

1679 3105 1766 3150 tur
1829 3096 1886 3152 in
1935 3097 2194 3154 membris
2241 3101 2446 3155 nostris
2500 3111 2557 3154 ut
2609 3101 3004 3156 fructificarent
3069 3107 3256 3160 morti.

1676 3188 1830 3246 Nunc
1885 3200 2066 3245 autem
2123 3190 2285 3246 soluti
2332 3207 2522 3248 sumus
2569 3209 2600 3246 a
2634 3192 2755 3263 lege
2791 3194 3010 3260 mortui,
3045 3195 3098 3248 in
3144 3212 3252 3264 qua

1683 3282 2080 3347 detinebamur,
2110 3286 2184 3338 ita
2221 3292 2282 3338 ut
2303 3285 2612 3341 serviamus
2650 3288 2704 3340 in
2740 3287 2978 3342 novitate
3005 3289 3252 3355 spiritus.

1667 3385 1738 3430 et
1767 3391 1873 3430 non
1902 3376 1954 3429 in
1985 3384 2257 3431 vetustate
2297 3375 2515 3430 litterae.
2546 3395 2566 3429 ι
2596 3375 2839 3446 Apparet
2861 3388 2917 3432 et
2949 3378 3002 3431 in
3032 3378 3143 3441 his,
3197 3395 3254 3431 ιιι

1683 3467 1736 3521 in
1787 3469 2168 3538 superioribus
2208 3483 2303 3536 per
2341 3469 2649 3540 exemplum
2681 3470 2960 3539 cujusdam
2997 3471 3255 3524 similitu-

1682 3560 1824 3617 dinis
1875 3561 2115 3616 diximus
2149 3560 2284 3629 (7.5),
2339 3559 2564 3614 Paulum
2595 3576 2665 3615 ex
2705 3562 2812 3616 alio
2849 3563 2905 3616 in
2944 3563 3090 3617 aliud
3118 3579 3254 3618 con-

1679 3653 1832 3708 clave
1861 3653 2084 3708 incertis
2129 3662 2184 3706 et
2228 3651 2458 3706 occultis
2512 3654 2797 3720 gressibus
2835 3653 3065 3724 digredi.
3116 3655 3252 3708 Cum

1679 3746 1825 3798 enim
1872 3745 1926 3797 in
1964 3743 2339 3813 superioribus
2372 3741 2441 3796 de
2490 3741 2610 3812 lege
2656 3743 2853 3799 litterae
2899 3746 3278 3814 disputasscth

1681 3835 1824 3904 quod
1854 3835 2040 3903 utique
2067 3834 2134 3887 ad
2165 3848 2259 3887 eos
2285 3831 2562 3886 videretur
2589 3843 2796 3888 tantum
2821 3836 2910 3905 qui
2932 3850 3000 3890 ex
3021 3837 3256 3890 circum-

1683 3926 1892 3982 cisione
1925 3925 2290 3987 crediderant,
2346 3925 2663 3993 pertinere:
2697 3943 2844 3981 nunc
2885 3928 3074 3982 latenti
3115 3945 3251 3998 qua—

1684 4019 1807 4072 dam
1838 4015 2199 4071 conversione
2214 4015 2396 4069 carnis
2425 4026 2480 4070 et
2506 4016 2761 4070 vitiorum
2795 4019 3014 4072 discutit
3054 4019 3267 4090 legem,

1676 4152 1803 4208 lsai.
1837 4165 1949 4215 Llll,
1981 4149 2037 4215 4,
2071 4150 2154 4205 ll.
2229 4147 2271 4180 ⁶¹
2295 4147 2504 4203 Coloss.
2531 4165 2590 4213 ιι,
2623 4149 2710 4204 IS.
2785 4152 2835 4182 δ”
2853 4152 3008 4208 Deut.
3042 4169 3170 4219 xxv,
3197 4154 3252 4209 5.

1677 4313 1801 4363 nus,
1828 4306 1882 4351 et
1909 4296 2039 4351 editi
2069 4307 2088 4347 :
2119 4311 2139 4344 ι
2163 4293 2295 4348 Nam
2321 4301 2374 4346 et
2407 4293 2551 4358 quod
2582 4291 2752 4362 legem
2787 4294 2946 4347 nobis
2979 4305 3253 4348 mortuam

1679 4370 1832 4430 dicit,
1860 4369 1962 4420 hoc
1992 4365 2131 4420 idem
2166 4364 2299 4418 libet
2327 4363 2489 4434 (alui
2509 4363 2720 4416 videtur
2746 4363 2790 4434 ι)
2825 4365 3072 4433 intelligi,
3104 4367 3248 4432 quod

1679 4448 1733 4492 et
1756 4441 1798 4491 si
1833 4435 2001 4507 (al.,c
2021 4444 2076 4507 et
2101 4436 2177 4507 sic
2199 4434 2256 4498 ι)
2297 4433 2492 4486 mortui
2521 4447 2708 4507 sumus
2740 4443 2755 4502 (
2783 4435 2912 4500 al.,t
2941 4437 3255 4507 inortilicati

1614 4541 1658 4595 Β
1685 4503 1961 4588 διιιιιιιερ)
2019 4505 2119 4572 legi
2172 4518 2267 4571 per
2306 4517 2506 4569 corpus
2549 4503 2788 4583 Christi,
2818 4514 2989 4595 t'etc.
3029 4505 3254 4586 Deinde,

1691 4577 2090 4647 «principatum
2133 4585 2190 4627 et
2245 4583 2594 4641 poteSIatem,
2653 4575 2997 4642 triumphans
3054 4590 3148 4630 eos
3196 4577 3248 4628 in

1683 4647 1996 4714 Semetipsn.
2025 4664 2044 4696 ι

1757 4711 1900 4786 (7h):
1917 4715 2006 4768 Sic
2047 4715 2449 4786 potioresmss.
2503 4711 2696 4786 nostri,
2729 4723 2795 4786 et
2836 4712 3114 4786 Rabanus,
3148 4711 3253 4763 nisi

1685 4781 1826 4860 quod
1851 4781 1991 4837 alius
2014 4781 2117 4860 pro
2146 4785 2434 4860 «jubebat,
2455 4801 2474 4834 ι
2512 4783 2673 4835 habet
2696 4782 2964 4860 «jubeant-,3
2992 4781 3128 4832 alius
3157 4795 3253 4860 pro

1691 4857 2062 4925 «juberetur,»
2109 4857 2270 4907 habet
2314 4871 2330 4902 ι
2357 4854 2641 4920 jubeatttr,
2675 4864 2800 4925 t__e_t_
2821 4859 2954 4925 altus
2984 4865 3082 4917 pro
3104 4868 3131 4925 _¢
3157 4854 3252 4917 qui

1687 4922 1944 4998 fructum,
1967 4927 2317 4998 rhabettquae
2357 4927 2614 4998 tractum:
2651 4942 2670 4974 ι
2707 4922 3028 4998 Editi‘vcro,
3071 4923 3154 4972 tin
3187 4934 3254 4971 eo

1685 5009 1807 5048 cum
1869 4993 2082 5060 juberet
2148 4989 2240 5061 (af.
2295 5013 2313 5044 ι
2350 4993 2537 5060 jubcat
2569 4989 2614 5060 ι)
2658 5000 2716 5043 ιιι
2767 4990 2981 5054 mulier,
3036 5000 3254 5061 inortuo

1686 5059 1882 5134 priore,
1907 5064 2020 5116 viro
2052 5064 2118 5117 de
2155 5059 2262 5134 quo
2303 5059 2490 5134 semen
2539 5059 2643 5113 nun
2675 5068 3053 5134 susceperat,
3091 5059 3247 5134 fratri

1685 5131 1803 5202 ejus
1845 5134 2091 5187 nuberet.
2123 5152 2140 5184 ι
2178 5133 2306 5187 Mss.
2339 5133 2594 5200 quidam,
2629 5131 2725 5182 «in
2771 5145 2834 5182 c0
2868 5143 2988 5181 cum
3030 5132 3262 5195 conjux,

1689 5214 1903 5256 mortuo
1928 5204 2106 5271 priore
2142 5205 2278 5268 viro,
2313 5204 2379 5254 de
2410 5215 2516 5270 quo
2553 5215 2738 5253 semen
2777 5215 2883 5251 non
2911 5209 3255 5267 susceperat,

1679 5271 1972 5347 jubebatur
1999 5274 2147 5325 fratri
2167 5273 2283 5340 ejus
2306 5273 2528 5323 nubere.
2557 5289 2576 5320 ι
2676 5339 2705 5347 __
2741 5337 2752 5347 .

1758 5343 1872 5414 (71)
1907 5343 1998 5414 Sic
2031 5353 2179 5414 recte
2195 5335 2308 5394 ius.
2345 5357 2518 5414 unus,
2541 5351 2595 5414 et
2625 5337 2790 5414 editi;
2822 5335 3080 5392 Rabanus
3126 5352 3256 5392 vero

1687 5425 1741 5466 et
1767 5409 1910 5465 'ms's.
1942 5412 2214 5478 plerique,
2259 5429 2277 5462 ι
2305 5411 2397 5463 sed
2421 5410 2599 5463 omnis
2632 5409 2812 5460 homo.
2843 5427 2861 5458 ι

1759 5481 1872 5553 (72)
1907 5476 2043 5534 Editi
2091 5476 2367 5550 plerique,
2429 5478 2555 5532 «vel
2598 5479 2713 5547 ipsa
2761 5478 2900 5532 mori
2945 5477 3129 5544 debet,
3174 5476 3257 5531 vel

1689 5553 1803 5606 ipse
1833 5553 1923 5606 illi.
1951 5570 1971 5601 ι

1711 5568 2157 5692 ρεῧῖἓίιῇιὲιιῑιιιις
2188 5629 2242 5674 et
2264 5617 2651 5676 Gencbrardus
2682 5632 2697 5669 :
2727 5633 2748 5669 ι
2776 5619 2976 5689 quippe
3013 5635 3135 5690 qua:
3157 5617 3259 5674 sub

1691 5709 1902 5761 prltirts,
1931 5710 1948 5740 ι
1981 5705 2085 5743 είς.

1763 5762 1876 5832 (74)
1903 5761 2042 5832 Ειιιιί
2070 5759 2343 5832 plerique,
2377 5777 2396 5810 ι
2421 5773 2546 5813 eum
2572 5772 2816 5832 sensum.
2845 5780 2865 5812 ι

1765 5823 1878 5902 (75)
1912 5831 2040 5886 Vide
2070 5823 2240 5899 supra
2276 5829 2366 5885 lib.
2399 5844 2449 5894 ν,
2492 5844 2640 5884 num.
2674 5829 2730 5884 1.
