3768 6540
526 402 666 461 1078

1965 400 2284 459 ORIGENIS

3595 406 3694 463 l076

529 531 604 586 ob
636 529 693 584 id
720 526 839 583 sine
872 527 1040 584 dubio
1086 534 1148 581 ut
1189 525 1362 581 etiam
1423 525 1492 581 ad
1542 533 1768 581 caeteros
1821 523 2096 589 homines,
2124 534 2173 591 Α
2201 525 2255 579 in
2284 523 2526 580 novitate
2553 522 2817 591 spiritus,
2855 535 2963 576 non
3001 521 3054 577 in
3080 532 3354 580 vetustate
3385 523 3569 579 litterze.
3609 522 3695 580 Non

526 636 635 676 non
668 635 764 675 eos
789 620 938 676 solos
964 618 1056 689 qui
1087 633 1151 674 ex
1186 617 1607 673 circumcisione
1632 626 1792 684 sunt,
1822 625 2093 673 tractatus

529 712 638 766 iste
662 711 937 781 pertinere
968 712 1237 767 videatur.
1275 711 1367 765 Ait
1395 727 1526 780 ergo
1551 730 1566 768 :
1599 712 1762 766 «Cum
1792 712 1933 766 enim
1954 726 2096 767 esse.

529 816 651 856 mus
704 802 759 855 in
806 817 1036 857 carne.»
1101 799 1167 855 Et
1233 802 1480 871 quidem,
1537 812 1798 871 quantum
1851 802 1916 855 ad
1980 816 2095 857 rem

529 902 761 960 spectat,
789 894 863 949 in.
885 908 1050 949 carne
1083 894 1270 965 utique
1308 897 1517 965 positus
1562 896 1664 951 ista
1695 896 1911 952 dicebat
1945 909 1961 954 :
2000 897 2095 952 sed

533 1001 701 1041 «cum
728 986 781 1040 in
812 1000 978 1041 carne
998 1003 1264 1053 essemus,
1290 1008 1309 1040 ι
1356 990 1457 1045 boc
1502 1000 1584 1044 est
1627 1005 1747 1044 eum
1794 990 2093 1044 secundum

527 1092 746 1133 carnem
794 1079 1143 1147 viveremus,
1197 1100 1217 1134 ‹
1247 1083 1378 1137 vitia
1430 1091 1774 1152 peccatorum
1829 1097 1950 1152 quae
1999 1096 2097 1150 per

528 1170 698 1237 legem
747 1182 923 1237 erant,
962 1173 1328 1240 operabantur
1388 1175 1441 1230 in
1500 1177 1757 1232 membris
1812 1176 2036 1229 nostris.
2066 1192 2088 1226 ι

526 1259 783 1327 Quanam
806 1260 890 1315 lex
907 1262 1010 1316 ista
1032 1274 1114 1317 est
1141 1278 1239 1332 per
1263 1280 1425 1332 quam
1459 1266 1582 1320 vitia
1617 1266 1821 1336 peccati
1856 1280 2090 1334 operan-

527 1359 616 1404 tur
648 1349 799 1421 (76)?
858 1349 1114 1421 Nunquid
1157 1353 1244 1408 lex
1291 1352 1464 1424 Moysi
1493 1355 1659 1409 etiam
1698 1356 1743 1409 si
1795 1352 2091 1408 secundum

522 1439 761 1497 litteram
814 1441 1159 1509 observetur,
1222 1445 1355 1498 vitia
1414 1454 1642 1515 generat
1710 1443 2093 1514 peccatorum?

523 1529 634 1585 Sed
664 1531 719 1586 in
754 1541 947 1602 aperto
973 1542 1055 1588 est
1096 1536 1239 1602 quod
1268 1535 1415 1590 illam
1452 1535 1623 1605 legem
1653 1535 1796 1590 dicat
1825 1537 1877 1589 in
1918 1550 2091 1589 mem-

524 1621 663 1688 bris,
690 1637 813 1691 quae
836 1624 1047 1679 resistit
1078 1624 1190 1696 (77)
1224 1624 1325 1694 legi
1363 1630 1587 1691 mentis,
1621 1627 1688 1681 de
1729 1641 1834 1695 qua
1873 1638 1929 1682 et
1968 1639 2093 1682 ante

420 1712 429 1777 ξ
525 1709 899 1776 tractavimus,
943 1717 1214 1780 quomodo
1254 1731 1273 1763 ι
1301 1714 1384 1768 lex
1425 1714 1771 1770 subintroivit
1818 1727 1876 1770 ut
1918 1717 2092 1770 abun-

419 1798 447 1819 "
525 1796 681 1852 daret
712 1810 993 1868 peccatum
1026 1801 1090 1857 °'.
1120 1823 1140 1856 ι
1183 1804 1298 1872 Ipsa
1333 1818 1463 1873 ergo
1487 1805 1570 1860 lex
1602 1815 1687 1860 est
1715 1822 1833 1877 qqze
1869 1808 1997 1862 facit
2038 1809 2091 1863 in

2200 617 2343 671 enim
2377 616 2581 673 idcirco
2610 630 2710 669 nos
2733 614 2984 669 Christus
3013 615 3284 670 abstraxit
3326 630 3358 669 a
3388 615 3494 680 lege
3518 618 3693 683 peccati,

2200 717 2267 795 ut.
2287 708 2541 762 vetustati
2578 707 2775 763 litterae
2807 707 3135 770 serviamus,
3167 706 3219 761 id
3262 715 3350 762 est
3399 716 3449 760 ut
3474 707 3695 762 circumci-

2198 788 2405 856 sionem
2458 788 2812 869 recipiamus,
2863 806 2918 852 et
2955 795 3192 852 Sabbata
3245 797 3330 853 vel
3390 807 3562 854 caetera
3609 813 3694 867 qua

2197 901 2441 949 vetustas
2474 892 2609 962 legis
2635 892 2828 948 litterae
2853 893 3097 949 continet
3131 910 3147 948 :
3180 892 3277 949 sed
3302 903 3363 947 ut
3388 891 3543 961 legem
3564 890 3638 945 Dei
3657 891 3693 945 in

2197 986 2421 1058 spiritus
2483 986 2724 1042 novitate
2759 1001 3079 1050 servemus,
3115 987 3169 1040 id
3228 996 3316 1042 est
3385 999 3450 1040 ex
3501 984 3694 1039 omnibus

2197 1093 2317 1148 quae
2339 1077 2394 1133 in
2427 1091 2490 1132 ea
2523 1076 2899 1147 scripta.sunt
2947 1076 3249 1147 spiritalem
3308 1090 3511 1131 sensum
3540 1073 3695 1144 Spiritu

2197 1169 2433 1224 donante
2462 1166 2766 1237 capiamus,
2806 1165 2944 1220 sicut
2981 1175 3036 1220 et
3064 1165 3205 1220 idem
3233 1163 3509 1233 Apostolus
3536 1162 3580 1217 in
3608 1161 3696 1217 aliis

2197 1259 2350 1327 dicit,
2381 1258 2508 1328 quia
2546 1277 2564 1309 ι
2595 1257 2844 1313 velamen
2873 1266 2957 1312 est
2983 1256 3214 1325 positum
3255 1255 3309 1310 in
3357 1254 3486 1309 facie
3521 1252 3694 1324 Moysi:

2195 1364 2318 1406 cum
2376 1358 2558 1405 autem
2615 1362 2907 1403 conversus
2953 1346 3118 1401 fuerit
3166 1347 3290 1415 quis
3345 1346 3411 1399 ad
3462 1345 3694 1400 Dominum

2196 1441 2476 1497 auferetur
2502 1441 2767 1496 velamen.
2803 1440 3064 1495 Dominus
3092 1439 3236 1493 enim
3267 1438 3483 1507 spiritus
3507 1446 3596 1492 est.
3624 1435 3695 1491 libi

2194 1542 2375 1590 autem
2402 1534 2634 1603 spiritus
2676 1532 2908 1595 Domini,
2952 1532 3026 1586 ibi
3054 1531 3275 1586 libertas
3302 1529 3372 1585 “.
3400 1548 3421 1583 ι
3452 1527 3694 1582 Novitatem

2195 1639 2325 1681 sane
2349 1624 2572 1695 spiritus
2597 1624 2714 1679 scio
2742 1622 3005 1693 quosdam
3047 1622 3184 1677 male
3239 1618 3352 1693 (83)
3397 1618 3697 1688 intelligentes

2195 1717 2323 1773 illuc
2367 1717 2626 1779 traxisse,
2667 1727 2728 1769 ut
2765 1716 3011 1772 dicerent
3039 1731 3239 1770 novum
3297 1727 3421 1769 esse
3469 1711 3696 1781 Spiritum,

2197 1817 2454 1878 tanquam
2489 1807 2581 1878 qui
2610 1816 2737 1861 ante
2768 1796 3075 1861 nonfuerit
3097 1847 3113 1871 ,
3160 1821 3261 1860 nec
3286 1802 3554 1859 veteribus
3580 1801 3697 1854 inno-

524 1887 611 1943 bis
639 1890 727 1957 qui
757 1892 1054 1947 secundum
1086 1908 1306 1948 carnem
1340 1897 1551 1960 vivunt,
1586 1896 1717 1951 vitia
1742 1908 2090 1966 peccatorum
2126 1886 2168 1945 Β
2198 1900 2366 1955 tuerit
2394 1918 2408 1955 :
2433 1910 2488 1954 et
2519 1899 2769 1954 nesciunt
2814 1915 2873 1954 se
2901 1900 2956 1955 in
3004 1901 3106 1953 hoc
3132 1896 3453 1963 gravissime
3499 1894 3700 1959 Μθδωιε·

523 1979 800 2038 abundare
828 1993 888 2038 ut
915 1984 1249 2040 fructificent
1276 1989 1438 2042 morti
1482 1989 1619 2059 (78).
1668 1991 1750 2046 Ad
1794 1991 1895 2045 boc
1932 2007 2091 2044 nam-

523 2086 629 2140 que
665 2081 749 2127 est
803 2074 890 2128 illa
926 2075 1011 2130 lex
1064 2076 1117 2129 in
1169 2078 1429 2133 membris
1459 2081 1700 2146 nostris,
1745 2090 1802 2134 ut
1835 2082 2091 2136 resistens

524 2162 814 2216 adversum
848 2163 1018 2232 legem
1044 2164 1241 2219 mentis
1258 2167 1507 2237 captivos
1538 2183 1638 2222 nos
1654 2170 1814 2223 ducat
1840 2180 2089 2238 peccato,

521 2265 577 2307 et
612 2254 711 2309 bos
734 2254 944 2310 fructus
975 2254 1176 2311 ollerat
1208 2258 1391 2313 morti.
1457 2277 1477 2310 ι
1514 2258 1667 2314 Nunc
1704 2270 1886 2315 autem
1929 2260 2088 2315 soluti

522 2359 714 2400 sumus
745 2361 775 2399 a
805 2345 922 2416 lege
954 2348 1176 2413 mortui,
1214 2349 1266 2403 in
1291 2364 1395 2419 qua
1421 2350 1853 2406 detinebantur.»
1880 2351 1960 2406 Ab
1989 2352 2090 2408 hac

522 2450 654 2504 ergo
675 2436 813 2507 lege,
847 2438 900 2492 in
925 2455 1031 2508 qua
1058 2440 1458 2505 detinebamur,
1507 2458 1651 2499 nunc
1682 2444 1845 2499 soluti
1879 2460 2087 2501 sumus.

528 2546 548 2580 ι
569 2526 745 2583 Nunc.
767 2547 788 2581 ι
821 2530 1092 2596 Quando!
1118 2531 1249 2589 Sine
1278 2534 1442 2589 dubio
1468 2535 1684 2604 quando
1715 2550 1839 2590 cum
1871 2536 2090 2593 Christo

520 2620 720 2674 mortui
743 2636 952 2690 sumus,
982 2632 1037 2679 et
1067 2626 1369 2694 consepulti
1394 2625 1443 2682 ei
1475 2624 1590 2699 (79)
1616 2641 1712 2697 per
1741 2627 2088 2696 baptismum,

521 2720 576 2765 et
604 2711 848 2767 crucillxi
873 2728 997 2768 cum
1025 2715 1171 2784 ipso:
1197 2726 1253 2771 et
1288 2718 1413 2772 ideo
1439 2717 1573 2772 dicit
1607 2734 1623 2773 :
1661 2735 1681 2770 ι
1703 2717 1874 2774 Soluti
1899 2732 2089 2775 sumus

520 2816 555 2856 ι
587 2803 705 2872 lege
736 2808 933 2861 mortui
961 2806 1096 2879 (80).
1119 2826 1139 2860 ι
1172 2808 1285 2864 Nisi
1320 2810 1462 2864 enim
1498 2810 1622 2880 quis
1654 2821 1898 2867 mortuus
1926 2811 2090 2867 fuerit

521 2909 644 2950 cum
674 2895 917 2960 Christo,
955 2900 1023 2954 ab
1046 2901 1146 2955 ista
1201 2901 1319 2972 lege
1361 2918 1471 2958 non
1507 2902 1756 2958 solvitur.
1788 2903 1921 2959 Scio
1952 2915 2009 2959 et
2031 2906 2088 2961 iu

519 2988 643 3043 aliis
685 2990 1089 3060 exemplaribus
1136 2994 1397 3062 scriptum
1431 3009 1445 3047 :
1478 3012 1497 3046 ι
1527 2995 1567 3048 Δ
1605 2995 1723 3065 lege
1769 2996 1980 3062 mortis,
2033 2998 2085 3051 iu

520 3094 626 3150 qua
653 3081 1029 3136 detinebamur
1053 3104 1069 3154 ;
1095 3104 1114 3137 ι
1156 3084 1251 3138 sed
1276 3086 1402 3149 boc,
1448 3085 1502 3140 id
1525 3094 1610 3140 est
1657 3104 1677 3137 ‹
1709 3086 1928 3152 mortui,
1960 3105 1979 3138 ι
2032 3095 2088 3141 et

519 3173 704 3228 verius
732 3182 814 3228 est
835 3184 890 3230 et
913 3175 1139 3234 rectius.
1172 3176 1323 3243 Quod
1361 3193 1489 3234 vero
1517 3178 1669 3233 addit
1699 3180 1751 3233 in
1785 3180 2087 3236 conclusio-

519 3280 590 3320 ne
619 3284 638 3320 :
670 3265 779 3320 tlta
803 3276 863 3322 ut
889 3268 1194 3323 serviamus
1228 3269 1282 3323 in
1317 3271 1561 3325 novitate
1590 3271 1834 3341 spiritus,
1869 3281 1926 3327 et
1977 3288 2082 3328 non

521 3357 575 3410 in
600 3365 871 3413 vetustate
893 3359 1112 3425 litterae,
1148 3379 1168 3414 ι
1202 3363 1345 3430 quod
1368 3362 1487 3417 sine
1508 3362 1669 3417 dubio
1694 3360 1858 3433 580
1883 3364 1949 3419 de
1968 3364 2085 3435 lege

517 3448 716 3505 littera
747 3452 951 3507 dictum
985 3455 1225 3518 videtur,
1251 3455 1358 3509 boc
1390 3454 1548 3510 modo
1579 3465 1947 3524 consequente
1970 3455 2083 3528 (8l)

519 3539 748 3609 intelligi
782 3542 1003 3608 poterit.
1038 3539 1096 3595 In
1125 3557 1294 3597 carne
1333 3543 1552 3612 quidem
1581 3542 1773 3610 positi,
1812 3552 1867 3598 et
1894 3559 2085 3599 secun-

520 3630 652 3684 dum
707 3647 925 3686 carnem
975 3633 1242 3696 viventes,
1292 3644 1512 3705 propter
1554 3646 1896 3704 peccatorum
1933 3638 2084 3703 vitia,

520 3737 643 3790 qua:
687 3722 771 3778 lex
803 3723 913 3787 illa,
947 3738 1069 3794 quae
1101 3735 1221 3781 erat
1245 3727 1299 3781 in
1342 3726 1603 3782 membris
1633 3728 1861 3796 nostris,
1909 3729 2087 3783 alebat

522 3822 583 3867 ut
639 3812 1032 3871 fructiﬁcarent
1079 3818 1275 3880 morti,
1348 3832 1454 3871 non
1513 3825 1822 3885 poteramus
1879 3819 2087 3874 servire

522 3905 742 3960 novitati
784 3907 1010 3976 spiritus
1052 3911 1175 3963 dum
1211 3909 1299 3963 illa
1335 3909 1421 3963 lex
1463 3909 1830 3963 membrorum
1873 3912 2085 3965 vivebat

518 3996 573 4050 in
601 4000 782 4062 nobis,
838 4000 968 4067 imo,
1022 4001 1149 4056 dum
1197 4016 1301 4056 nos
1335 4000 1634 4057 secundum
1668 4001 1815 4056 illam
1863 4001 2084 4055 viveba-

518 4105 658 4146 mus.
694 4091 793 4146 Ubi
823 4105 955 4146 vero
979 4092 1228 4149 Christus
1266 4108 1364 4162 pro
1408 4096 1568 4151 nobis
1601 4106 1852 4151 mortuus
1893 4104 1997 4161 est,
2030 4102 2087 4148 et

516 4197 615 4237 nos
641 4198 765 4237 cum
797 4184 914 4250 ipso
944 4186 1139 4239 mortui
1172 4202 1360 4242 sumus
1383 4199 1628 4258 peccato,
1656 4186 1867 4241 liberati
1895 4201 2085 4241 sumus

423 4281 427 4286 '
517 4272 631 4342 (82)
664 4291 760 4342 per
790 4277 964 4346 ipsum
993 4293 1023 4331 a
1058 4278 1173 4349 lege
1202 4281 1414 4348 peccati
1448 4281 1498 4333 in
1536 4296 1643 4349 qua
1675 4281 2086 4344 detinebamur,

516 4373 571 4417 et
603 4379 892 4432 pessumus
929 4366 1040 4437 jam
1073 4369 1278 4424 servire
1319 4370 1419 4439 legi
1474 4371 1603 4437 Dei;
1656 4370 1861 4424 servire
1904 4379 2082 4423 autem

2199 2006 2369 2048 mare.
2399 1991 2519 2059 Ipse
2546 1992 2691 2043 enim
2726 1990 2960 2058 Spiritus
2997 2001 3081 2043 est
3104 1988 3157 2042 in
3180 1987 3320 2055 lege,
3359 1985 3473 2053 ipse
3496 1984 3547 2037 in
3573 1983 3703 2036 Evan-

2197 2082 2359 2150 gelio,
2401 2082 2514 2149 ipse
2547 2095 2761 2148 semper
2783 2096 2903 2134 cum
2929 2077 3088 2134 Patre
3116 2088 3170 2133 et
3196 2077 3334 2132 Filio
3361 2084 3467 2142 est,
3511 2081 3562 2129 et
3597 2088 3698 2128 sem-

2196 2188 2293 2244 per
2318 2182 2425 2237 est,
2455 2184 2511 2228 et
2533 2184 2676 2238 erat,
2708 2184 2759 2227 et
2791 2173 2916 2236 erit,
2942 2172 3082 2227 sicut
3108 2170 3270 2225 Pater
3306 2179 3361 2224 et
3402 2168 3579 2224 Filius.
3622 2163 3705 2219 Non

2196 2277 2328 2332 ergo
2361 2264 2475 2332 ipse
2516 2276 2688 2317 novus
2710 2271 2814 2327 est,
2853 2263 2947 2317 sed
2995 2261 3279 2317 credentes
3329 2259 3577 2326 innovat,
3619 2270 3707 2311 cum

2197 2369 2293 2409 eos
2315 2369 2345 2407 a
2379 2355 2656 2410 veteribus
2695 2352 2855 2409 malis
2903 2354 2969 2409 ad
3000 2368 3198 2410 novam
3233 2354 3407 2415 vitam,
3460 2360 3511 2408 et
3559 2361 3709 2404 novant

2197 2446 2474 2515 religionis
2521 2446 2634 2517 (84)
2693 2445 2895 2501 Christi
2945 2446 3351 2502 observantiam
3405 2444 3627 2509 adducit,
3674 2449 3712 2494 tt

2195 2537 2467 2608 spiritales
2498 2554 2569 2594 ex
2593 2538 2909 2592 carnalibus
2930 2537 3084 2595 facit.

2262 2629 2316 2687 8.
2348 2628 2517 2697 «Quid
2539 2644 2667 2700 ergo
2692 2630 2930 2686 dicemus
2947 2630 3098 2686 lLex
3113 2637 3398 2702 peccatum
3423 2629 3539 2684 est?
3557 2628 3710 2686 Absit.

2194 2720 2301 2778 Sed
2329 2731 2610 2792 peccatum
2649 2738 2754 2776 non
2802 2723 3052 2791 cognovi,
3096 2723 3204 2780 nisi
3242 2735 3342 2792 per
3376 2721 3558 2791 legem.
3602 2719 3707 2773 Nam

2193 2813 2693 2883 concupiscentiam
2747 2814 3050 2868 nesciebam
3099 2814 3203 2869 nisi
3239 2813 3328 2869 lex
3360 2814 3554 2869 diceret
3585 2809 3707 2864 :Non

2193 2905 2569 2975 concupisces.
2604 2904 2905 2960 Occasione
2941 2914 3122 2958 autem
3166 2912 3428 2974 accepta,
3469 2909 3707 2972 peceatum

2192 3012 2292 3066 per
2320 2996 2636 3050 mandatum
2660 3006 2942 3063 operatum
2982 3002 3067 3049 est
3101 2995 3154 3049 in
3184 3009 3275 3050 me
3311 3009 3522 3050 omnem
3547 3005 3708 3047 concu-

2195 3087 2541 3157 piscentiam.
2594 3084 2726 3141 Sine
2775 3086 2891 3157 lege
2943 3088 3086 3142 enim
3144 3095 3426 3155 peccatum
3477 3092 3709 3139 mortuum

2194 3187 2331 3233 erat.
2360 3175 2473 3248 Ego
2495 3187 2677 3231 autem
2707 3177 2955 3233 vivebam
3002 3180 3121 3234 sine
3161 3178 3282 3247 lege
3309 3176 3601 3245 aliquando.
3624 3172 3707 3226 Sed

2194 3270 2281 3323 ubi
2304 3270 2455 3324 venit
2483 3269 2823 3333 mandatum,
2848 3280 3124 3339 peccatum
3159 3270 3376 3323 revixit.
3424 3268 3532 3338 Ego
3561 3276 3708 3320 autem

2192 3373 2436 3417 mortuus
2472 3375 2604 3426 sum
2637 3378 2652 3415 :
2687 3370 2744 3415 et
2792 3362 3070 3416 inventum
3121 3370 3207 3416 est
3240 3361 3369 3414 mihi
3420 3359 3708 3416 mandatum,

2192 3454 2334 3523 quod
2360 3460 2478 3508 erat
2506 3455 2574 3507 ad
2606 3451 2793 3518 vitam,
2817 3453 2921 3507 hoc
2948 3466 3068 3507 esse
3090 3452 3158 3506 ad
3186 3460 3437 3506 mortem.
3465 3446 3710 3503 Peccatum

2191 3545 2336 3601 enim
2369 3546 2662 3601 occasione
2688 3552 2913 3614 accepta
2943 3559 3040 3614 per
3067 3546 3384 3599 mandatum
3405 3542 3603 3598 seduxit
3622 3550 3711 3599 me.

2194 3646 2251 3693 et
2279 3652 2375 3705 per
2403 3636 2538 3691 illud
2585 3636 2827 3691 eccidit.-
2867 3635 3056 3706 Itaque
3098 3636 3183 3689 lex
3214 3635 3435 3704 quidem
3463 3640 3649 3692 sancta,
3667 3636 3712 3680 et

2193 3729 2505 3782 mandatum
2536 3735 2811 3793 sanctum,
2844 3736 2901 3782 et
2929 3727 3159 3797 justum,
3210 3736 3265 3781 et
3312 3726 3529 3780 bonum.
3584 3717 3711 3786 Quod

2190 3834 2319 3889 ergo
2349 3818 2551 3873 bonum
2583 3829 2686 3884 est,
2717 3818 2849 3872 mihi
2883 3832 3031 3873 mors
3081 3827 3167 3872 est
3209 3816 3370 3889 (85)?
3416 3816 3577 3870 Absit.
3627 3809 3713 3864 Sed

2190 3920 2498 3981 peccatum,
2530 3918 2588 3964 ut
2619 3918 2882 3978 appareat
2912 3920 3228 3979 peccatum,
3260 3924 3355 3978 per
3380 3908 3569 3962 bonum
3603 3901 3713 3956 mihi

2192 4009 2478 4071 operatum
2505 4010 2589 4055 est
2620 4008 2875 4064 mortem,
2904 4008 2965 4053 ut
2994 3999 3089 4053 ﬁat
3119 4014 3286 4069 supra
3322 3999 3528 4052 modum
3557 4007 3713 4064 pecca-

2191 4101 2279 4148 tor
2326 4093 2498 4161 ipsum
2536 4102 2816 4160 peccatum
2856 4107 2953 4162 per
3003 4093 3322 4145 mandatum
3359 4091 3424 4143 “.
3458 4107 3478 4140 ι
3541 4087 3593 4140 ln
3646 4085 3715 4136 bis

2191 4180 2328 4237 locis
2370 4181 2576 4250 positos
2627 4180 2824 4233 crebro
2872 4194 2972 4233 nos
3002 4192 3225 4233 necesse
3250 4185 3333 4231 est
3359 4177 3421 4230 de
3450 4175 3611 4243 legum
3641 4169 3714 4221 di-

2192 4272 2544 4327 versitatibus
2569 4285 2920 4326 commouere
2951 4268 3085 4341 (86).
3121 4268 3236 4324 Hoc
3259 4270 3401 4324 enim
3440 4265 3549 4320 vult
3574 4259 3713 4331 581

2191 4365 2390 4420 Paulus
2417 4365 2507 4434 qui
2540 4365 2640 4420 sub
2664 4380 2773 4422 uno
2801 4364 2935 4434 legis
2966 4363 3187 4418 nomine
3212 4376 3423 4418 sensum
3452 4359 3516 4412 de
3542 4369 3634 4409 una
3658 4353 3716 4404 ad

588 4457 637 4490 ⁸⁸
659 4458 812 4511 Rom.
844 4475 897 4525 v,
934 4460 1024 4513 ευ.
1100 4460 1146 4491 ⁸⁸
1177 4458 1220 4515 ll
1241 4461 1366 4516 (ἰὸν.
1399 4478 1480 4524 Ill,
1525 4461 1711 4517 l5-l7.
1787 4461 1835 4493 ⁸⁸
1860 4461 2016 4516 Rom.
2045 4476 2077 4512 v

2195 4459 2214 4511 l
2242 4472 2398 4527 seqq.

594 4548 709 4620 (Ε)
735 4549 895 4620 Alias
927 4568 940 4603 :
987 4568 1006 4601 α
1036 4554 1439 4620 uperabantur?
1468 4573 1487 4605 ι

591 4617 704 4687 (77)
733 4618 833 4673 Ms.
870 4617 1132 4692 unus,;et
1161 4623 1288 4679 editi
1321 4640 1336 4676 :
1375 4640 1393 4673 ο
1424 4624 1597 4692 legem
1638 4623 1784 4676 dicat
1811 4621 2081 4692 membro-

519 4702 665 4764 rum,
690 4703 830 4757 quae,
859 4708 880 4764 ξ
918 4702 1026 4744 etc.
1059 4689 1316 4747 Rabanus
1342 4709 1359 4746 :
1393 4709 1412 4742 ι
1439 4689 1607 4764 legem
1627 4692 1778 4748 dicat
1805 4691 1862 4746 in
1902 4707 2080 4747 mem-

517 4757 908 4828 bris‘operari,
934 4776 1055 4828 qua:
1098 4764 1337 4827 resistat,
1364 4781 1379 4815 I
1411 4757 1521 4818 etc'.

588 4826 705 4903 (78)
760 4829 902 4885 Editi
946 4826 963 4881 ἐ
1013 4826 1331 4897 «vixerint;
1358 4851 1380 4884 ι
1440 4841 1497 4887 et
1544 4841 1785 4903 postea:
1825 4847 1850 4883 ι
1893 4828 2087 4887 afferat

514 4900 697 4952 morti.
731 4915 752 4949 ι

585 4966 708 5041 (79),
739 4966 832 5023 Sic
871 4968 1074 5023 rectius
1105 4984 1219 5041 _ms.
1258 4985 1399 5025 unus
1446 4968 1648 5041 Regius
1706 4984 1857 5041 num.
1920 4970 2079 5026 1659.

515 5033 711 5090 Caeteri
756 5052 899 5106 vero
923 5053 1076 5106 mss.,
1105 5037 1384 5102 Rabanns,
1421 5049 1473 5091 et
1498 5033 1659 5101 editi,
1728 5058 1746 5090 ι
1770 5056 1800 5092 a
1835 5037 1975 5105 lege,
2026 5045 2077 5093 in

516 5118 623 5171 qua
650 5109 845 5179 mortui
880 5105 1019 5177 (al.,
1046 5105 1125 5179 (Aa
1158 5107 1274 5176 lege
1292 5106 1569 5179 mortis,»),
1586 5106 1641 5162 in
1661 5125 1765 5178 qua
1796 5109 2078 5163 detineba-

517 5174 773 5245 ιῃυιιηΑὺ
802 5174 904 5230 bac
924 5191 1057 5244 ergo
1081 5174 1367 5245 legennnc
1395 5174 1557 5233 soluti
1591 5174 1780 5232 sumus
1799 5216 1817 5238 ,
1863 5181 2079 5244 quando

516 5242 635 5295 sine
658 5242 824 5299 dubio
852 5261 975 5300 eum
994 5242 1224 5301 Christo
1258 5250 1454 5302 mortui
1482 5264 1668 5304 sumus
1693 5256 1748 5301 et
1776 5242 2079 5316 consepulti

513 5322 639 5366 cum
667 5328 751 5375 eo,
776 5333 795 5365 ι
825 5326 933 5369 etc.

587 5378 705 5523 (80)
731 5383 872 5438 Editi
902 5399 920 5437 :
954 5402 973 5436 ι
1002 5400 1032 5439 a
1056 5385 1173 5455 lege
1200 5387 1412 5452 mortis,
1437 5405 1456 5439 ι
1492 5387 1651 5440 male.

592 5451 675 5515 (8i
731 5454 874 5508 Editi
896 5493 912 5517 ,
968 5472 988 5506 ι
1024 5468 1439 5523 consequenter,
1469 5475 1489 5508 ι
1547 5458 1651 5511 dei:

592 5451 705 5526 (8l)
731 5454 874 5526 Editi
896 5493 912 5517 ,
968 5472 988 5506 ι
1024 5451 1439 5526 consequenter,
1469 5475 1489 5508 ι
1547 5458 1741 5513 deinde
1770 5472 1876 5513 ms.
1914 5473 2073 5521 unus,

522 5525 707 5595 «quod
743 5525 798 5577 in
851 5538 1017 5595 carne
1056 5525 1273 5592 quidem
1318 5528 1502 5595 positi,
1536 5544 1555 5576 ι
1593 5537 1723 5589 etc.,
1777 5537 1836 5580 et
1887 5537 2073 5595 postea

516 5591 670 5668 editi,
707 5611 727 5644 ι
755 5604 814 5668 ut
843 5591 1197 5668 fructiﬁcaret
1243 5591 1439 5668 morti,
1461 5611 1585 5668 non
1616 5591 1926 5668 poteramus
1959 5611 2075 5648 ser-

519 5661 635 5731 vire
652 5663 876 5716 novitati
909 5661 1144 5731 Spiritus
1171 5665 1379 5719 Domini
1407 5683 1420 5717 :
1455 5665 1546 5718 illa
1576 5661 1656 5719 lex
1699 5667 2068 5720 membrorum

518 5726 817 5804 vivebatjn
846 5726 1027 5804 nobis:
1050 5735 1103 5788 in
1132 5736 1349 5788 modum
1379 5749 1486 5804 quo
1515 5738 1641 5801 nos,
1660 5754 1679 5786 ι
1711 5746 1817 5790 etc.

589 5797 701 5872 (82)
724 5802 891 5867 Editi,
925 5822 945 5854 ς
970 5802 1124 5860 liberi
1160 5797 1417 5862 sumus}
1457 5797 1663 5861 Deinde
1696 5821 1799 5862 ms.
1843 5821 1982 5861 unus
2011 5812 2067 5859 et

2120 4555 2164 4608 D
2195 4549 2469 4609 Rabanus,
2500 4566 2521 4598 ι
2547 4562 2857 4616 possumus.
2877 4564 2897 4598 ι
2924 4544 3077 4616 Alter
3108 4559 3210 4598 ms.
3253 4563 3271 4595 ι
3296 4552 3351 4598 ιιι
3373 4541 3651 4616 possimus.
3692 4553 3711 4585 ι

2265 4618 2384 4693 (85)
2418 4608 2577 4671 Male.
2622 4617 2782 4693 Deest
2822 4618 2874 4669 in
2932 4615 3275 4693 libr_is.a_nt_ea
3324 4608 3717 4693 ed'itis._l’ustt:a

2190 4681 2321 4743 vero
2357 4681 2455 4756 pro
2502 4706 2522 4739 ι
2550 4698 2606 4742 ut
2633 4688 2898 4750 dicereut,
2927 4704 2948 4737 ι
2980 4686 3108 4739 editi
3136 4685 3337 4738 habent
3360 4720 3379 4747 ,
3425 4699 3444 4730 σ
3474 4681 3561 4735 ubi
3585 4681 3717 4730 dice-

2192 4766 2375 4899 ΐθῖἕξῖ
2404 4824 2503 4899 ys.
2535 4841 2693 4899 unus,
2715 4841 2751 4899 _g
2777 4821 3100 4899 Citrisliana:
3122 4821 3411 4899 religionis.
3437 4838 3458 4899 ξ

2263 4888 2374 4963 (85)
2407 4894 2572 4956 Editi.
2611 4912 2631 4945 ι
2659 4894 2789 4963 mihi
2829 4892 3029 4948 factum
3060 4888 3358 4963 estituors?
3384 4908 3405 4942 ι
3448 4888 3541 4963 bis.
3571 4895 3718 4963 auus,

2192 4985 2212 5018 ι
2239 4959 2370 5020 mihi
2396 4965 2596 5020 malum
2639 4962 2760 5019 est?
2788 4982 2808 5016 ι
2853 4966 2957 5017 Sed
2988 4962 3170 5017 caeteri
3215 4976 3345 5014 mss.
3379 4968 3439 5013 ut
3467 4959 3519 5010 iu
3547 4961 3717 5008 nostro

2182 5046 2364 5176 milia.)
2391 5103 2457 5158 1η
2486 5105 2576 5176 his
2606 5103 2739 5176 locis
2767 5104 2965 5171 positos
2996 5101 3178 5155 crebro
3215 5118 3307 5157 nas
3342 5090 3721 5176 ῃειεωιξαέε

2182 5161 2358 5243 (αρἀηί
2385 5161 2783 5229 άὶυενεὶιαιὶὸιιὶ
2811 5189 3161 5243 commouere,
3193 5182 3298 5226 etc.
3341 5169 3450 5223 lluc
3490 5161 3721 5243 referet):

2135 5276 2146 5283 ο
2182 5241 2307 5297 dum
2332 5244 2548 5297 videtur
2569 5243 2930 5310 fragmentum
2954 5241 3200 5296 Gracunt
3225 5243 3359 5310 quod
3376 5254 3404 5289 e
3420 5241 3722 5310 partem-inf

2184 5315 2239 5366 in
2272 5316 2415 5368 hanc
2439 5299 2736 5382 Epistulam
2769 5312 3129 5382 adifiomauos
3156 5299 3486 5382 desuntptum
3507 5299 3721 5382 exhibet

2182 5393 2345 5451 caput
2374 5368 2923 5460 poplimféilocaljte
2942 5421 2957 5445 ,
2984 5380 3127 5436 unde
3166 5368 3722 5460 iteruni'digccfﬂiffl

2182 5433 2345 5520 assa;
2372 5433 2627 5506 unum.
2650 5433 2831 5505 animi
2851 5433 3257 5520 interpretatio:
3288 5440 3496 5520 thosv
3518 5456 3532 5506 ;
3560 5438 3615 5520 ’ρ
3636 5433 3722 5484 νόα

2184 5506 2283 5592 tios
2322 5522 2599 5592 dilapsis;
2637 5540 2657 5572 ι
2696 5522 2810 5591 Οὐχ
2852 5506 3040 5591 ὥσπέρ
3080 5520 3254 5592 ὅνομοε
3288 5519 3342 5592 ἓξ
3381 5517 3497 5592 ὲ-ςτι
3541 5506 3722 5592 36115.

2180 5573 2455 5663 baiolis?
2473 5573 2552 5654 εἷξ
2779 5573 2954 5661 ’δόμου
2985 5573 3258 5663 ᾳξανσςαάοὖ
3287 5589 3381 5663 τῆς
3399 5573 3722 5663 Γραφῆἴ

2174 5677 2287 5729 γος.
2331 5661 2422 5717 Διὸ
2469 5663 2587 5732 καθῗ
2634 5655 2869 5716 Exacto»?
2910 5661 3016 5732 χρὴ
3062 5655 3223 5714 «sua»;
3264 5655 3420 5732 αὑέᾗς
3457 5655 3722 5732 ἐπιμελέξηὲ

2173 5719 2538 5805 enimneque.
2566 5731 2859 5805 astopﬁaat,
2884 5719 2978 5805 νῧῖθ
3004 5719 3105 5805 μὲν
3133 5719 3516 5805 cbo-qualitas?

2173 5801 2340 5873 νόμου
2356 5798 2562 5874 φωνῆς,
2588 5798 2689 5856 vivi
2705 5798 2761 5856 δὲ
2784 5801 2835 5856 τί
2865 5802 2969 5876 χρὴ
2988 5798 3049 5855 ’ἐὺ
3072 5798 3303 5855 τοιοῦτόν
3323 5798 3530 5850 ἐννοεῖν.
