3768 6540
457 358 594 415 1079

1913 364 2001 420 OB
2012 365 2232 422 lGENIS

3571 362 3695 423 {680

454 474 821 530 deferentibus
845 476 898 530 in
923 477 1206 546 propatulo
1235 491 1586 549 ponerentur,
1609 491 1663 536 et
1691 481 1936 551 pedibus,
1961 495 2019 538 ιιι
2049 495 2094 548 Α
2124 487 2256 542 Cain
2287 495 2566 554 peccatum
2592 500 2749 540 suum
2778 497 2832 540 et
2859 486 2993 540 dixit
3023 503 3040 540 :-
3072 501 3090 536 ι
3118 483 3288 553 Maius
3316 494 3403 540 est
3429 496 3694 554 peccatum

453 566 526 620 ita
557 568 810 632 dixerim,
845 570 1208 625 conculcanda
1257 573 1632 627 traderentur:
1662 573 1754 626 sed
1789 584 1846 625 ut
1873 611 1888 634 ,
1935 589 2022 626 se-

449 660 688 713 Cundum
719 674 779 712 ea
811 674 931 728 qua».
955 675 1113 729 supra
1161 675 1257 730 per
1297 663 1581 730 quamdam
1614 663 2020 716 similitudinem

450 748 707 814 diximus,
735 750 1049 819 mysterium
1070 751 1154 805 sui
1178 752 1320 822 regis
1349 753 1415 806 ad
1445 767 1644 821 paucos
1673 764 1729 806 et
1754 753 2022 808 occultius

452 839 776 906 perveniret.
808 839 898 892 Ait
927 840 1149 908 itaque:
1182 860 1201 894 ι
1240 841 1381 908 Quid
1419 857 1550 912 ergo
1592 842 1877 898 dicemus?
1912 842 2021 898 Lex

453 939 737 996 peccaturo
790 939 871 985 est
893 930 984 983 “?
1018 950 1039 985 ι
1101 932 1349 996 Putasti,
1405 934 1612 1002 inquit,
1650 950 1734 988 me
1790 935 1855 989 de
1905 934 2023 1004 lege

454 1018 624 1090 Moysi
668 1021 847 1075 dicere
886 1022 1014 1090 quia
1060 1034 1341 1091 peccatum
1373 1024 1497 1079 est?
1529 1043 1548 1076 ι
1581 1025 1772 1086 Absit,
1799 1026 1958 1078 absit.
1996 1043 2015 1076 ι

450 1111 535 1165 Ad
573 1121 860 1182 utrumque
889 1112 1119 1169 sulIiciat
1148 1117 1273 1183 quia
1299 1132 1473 1185 neque
1499 1119 1565 1172 de
1595 1116 1910 1189 legeMoysi
1943 1117 2021 1171 lo-

451 1218 593 1272 quor
617 1243 631 1268 ,
666 1219 839 1273 neque
867 1205 936 1259 de
970 1207 1079 1274 ipsa
1113 1209 1232 1263 dico
1264 1211 1389 1278 quia
1438 1220 1717 1278 peccatum
1748 1219 1868 1264 est:
1903 1211 2017 1275 sed,

452 1311 473 1346 ι
513 1293 799 1349 Peccatum
831 1311 935 1350 non
965 1300 1191 1367 cognovi
1225 1300 1326 1353 nisi
1367 1315 1462 1368 per
1492 1299 1683 1370 legem.
1720 1298 1852 1354 Nam
1893 1316 2022 1355 con-

449 1391 842 1456 cupiscentiam
869 1391 1197 1454 nesciebant,
1230 1393 1331 1447 nisi
1364 1393 1446 1447 lex
1477 1393 1721 1448 diceret:
1753 1392 1867 1447 Non
1891 1409 2022 1447 con-

448 1482 698 1548 cupisces
727 1484 792 1535 ⁶τ.
842 1503 860 1536 ι
895 1482 1159 1554 Intelligo,
1194 1485 1386 1554 inquit,
1421 1486 1486 1540 de
1514 1500 1618 1554 qua
1649 1485 1766 1553 lege
1801 1483 2013 1552 loquar,

449 1586 570 1639 quae
603 1570 714 1643 (89)
761 1574 859 1627 nisi
901 1584 1084 1637 esset,
1124 1584 1406 1642 peccatum
1441 1590 1599 1628 nemo
1642 1583 2019 1643 cognosceret.

446 1661 702 1731 Nunquid
735 1663 900 1734 Moysi
949 1668 1031 1719 lex
1081 1676 1166 1719 est
1213 1681 1310 1734 per
1355 1681 1521 1735 quam
1553 1667 1725 1720 Adam
1769 1666 2024 1733 cognovit

447 1766 727 1826 peccatum
762 1773 918 1811 suum
943 1797 960 1822 ,
1004 1769 1060 1813 et
1095 1757 1379 1814 abscondit
1411 1773 1471 1813 se
1513 1773 1542 1810 a
1585 1767 1881 1826 conspectu
1916 1757 2021 1810 Do-

449 1849 582 1903 mini
613 1848 702 1902 “?
735 1849 991 1918 Nunquid
1019 1847 1188 1922 Moysi
1226 1849 1307 1902 lex
1339 1859 1422 1904 est
1449 1865 1546 1919 per
1569 1864 1729 1920 quam
1759 1849 2016 1920 cognovit

519 2051 565 2082 ⁸⁸
605 2048 764 2102 Rom.
808 2063 906 2111 vn,
950 2048 1002 2101 7.
1103 2052 1149 2085 ⁸⁷
1179 2048 1313 2106 ibid.
1343 2052 1398 2106 .7.
1504 2051 1550 2084 ⁸⁸
1589 2051 1725 2107 Gen.
1767 2066 1850 2106 ιιι.
1883 2051 1918 2105 8

447 2120 494 2154 ’⁸
527 2119 566 2174 ll
589 2121 714 2179 Cor.
739 2135 823 2183 ιιι,
843 2120 897 2174 '5.

446 2301 656 2370 Moysis
708 2299 878 2367 legem
901 2337 916 2360 ,
953 2313 1073 2367 quas
1119 2298 1350 2370 imperat
1384 2297 1655 2370 facienda
1684 2298 1750 2351 iis
1785 2298 1878 2370 qui
1922 2297 2017 2370 ipsi

450 2368 754 2436 subiacent.
783 2370 898 2423 lloc
928 2380 1105 2422 autem
1131 2369 1441 2421 declaratur
1473 2369 1524 2420 in
1559 2368 1747 2423 eadem
1783 2368 2015 2435 Epistula

450 2454 506 2496 et
549 2444 632 2494 Itis
677 2441 904 2492 verbis:
965 2437 1070 2490 Lex
1112 2439 1250 2492 enim
1305 2447 1516 2504 propter
1579 2437 2016 2506 transgressiones

449 2512 620 2578 posita
655 2519 768 2572 est,
800 2509 965 2561 donec
1003 2508 1190 2562 venerit
1231 2507 1516 2578 senten_cui
1552 2512 1870 2578 prormisfum
1909 2518 2018 2569 est,

453 2574 699 2634 ordinata
729 2595 820 2650 per
851 2578 1062 2650 angelos
1101 2578 1156 2630 in
1185 2593 1341 2650 manu
1369 2574 1679 2650 Hediatoris
1709 2575 2014 2650 (Galat._tlt,

452 2651 578 2717 19);
631 2661 685 2701 et
729 2649 813 2704 his
864 2665 878 2702 :
931 2647 1074 2700 Adeo
1123 2659 1177 2698 ut
1223 2647 1305 2717 lea:
1334 2655 1508 2717 noster
1543 2647 1857 2716 pmdagogus
1898 2647 2016 2717 [ue-

452 2715 604 2772 rit-in
631 2718 920 2777 Christum,
951 2727 1006 2770 ut
1045 2734 1109 2771 ea:
1136 2717 1239 2783 ﬁde
1253 2715 1613 2783 justiﬁeemnr
1637 2730 1654 2766 :
1683 2715 1732 2769 at
1764 2715 1848 2768 ubi
1876 2715 2015 2768 venit

497 2791 608 2853 des,
634 2806 733 2839 non
749 2788 866 2857 jam
886 2787 980 2840 sub
1005 2787 1290 2857 pwdaﬁgogo
1311 2802 1512 2857 sumus.
1546 2783 1897 2857 0tnnes_e_nim
1920 2784 2018 2857 ﬁlii

504 2861 550 2912 'ei
595 2849 712 2912 estis
747 2849 838 2923 per
859 2849 1015 2923 fidem
1044 2858 1097 2910 in
1124 2849 1330 2909 Christo
1365 2853 1494 2907 Jesu
1553 2857 1683 2910 ibid.
1741 2851 1813 2906 Ἦ
1871 2849 2012 2919 seq.)

448 2924 609 2997 Legis
623 2929 783 2980 etiam
805 2929 1018 2980 nomine
1034 2927 1368 2997 signiﬁcatur
1387 2925 1762 2997 ltistoria_apud
1777 2923 2022 2997 Moysem

451 2993 743 3065 descripta,
785 2993 1237 3064 quemadmodum
1269 3009 1422 3065 exiea
1449 2995 1563 3065 ipsa
1590 2993 1824 3065 Epistula
1857 2993 2024 3065 disci-

450 3084 572 3124 mus
615 3063 700 3120 liis
744 3063 924 3121 verbis
970 3083 984 3118 :
1043 3065 1211 3118 Dicite
1255 3064 1420 3125 mihi,
1472 3064 1564 3132 qui
1603 3064 1695 3115 sub
1729 3063 1837 3130 lege
1866 3063 2023 3116 vultis

449 3155 582 3203 esse,
615 3137 712 3205 legi
743 3153 844 3190 non
875 3136 1189 3189 auscultatis
1215 3151 1232 3196 ;
1272 3135 1524 3201 scriptum
1545 3135 1780 3205 estenim
1810 3147 1829 3184 :
1853 3133 2024 3185 Abra-

450 3207 575 3261 ham
611 3203 742 3260 duos
782 3206 922 3272 filios
963 3206 1167 3268 ltabuit,
1209 3220 1370 3257 unum
1401 3218 1468 3256 ea:
1496 3203 1722 3268 ancilla,
1774 3212 1823 3256 et
1859 3218 2022 3255 unum

447 3294 513 3344 ea:
535 3277 730 3343 libera;
761 3278 850 3330 sed
869 3277 958 3344 qui
988 3291 1052 3329 ea;
1078 3273 1596 3344 ancilla,secundum
1620 3289 1835 3344 carnem
1852 3283 2021 3344 natus

448 3341 560 3410 est;
605 3347 693 3416 qui
712 3341 897 3416 autem
931 3361 995 3398 ea:
1035 3346 1220 3416 libera,
1242 3359 1348 3416 per
1387 3341 2018 3416 promissionem_(G_alat.

450 3432 528 3479 ιν,
561 3411 627 3471 2i
680 3415 824 3483 seq.)
861 3414 987 3468 Scio
1041 3426 1092 3470 et
1132 3413 1394 3483 Psalmos
1422 3411 1591 3481 legem
1631 3411 1925 3483 appellari,
1962 3420 2022 3483 ut

491 3486 672 3539 Ianum
719 3481 912 3540 estex
961 3485 1028 3538 iis
1082 3505 1094 3538 :
1145 3482 1215 3536 Ut
1269 3481 1551 3550 impleatur
1598 3498 1766 3535 sermo
1823 3482 1912 3550 qui
1964 3482 2020 3535 in

491 3504 672 3539 ianum
719 3504 804 3540 εει
845 3504 912 3538 ex
962 3504 1028 3538 IIS
1082 3505 1094 3538 :
1145 3504 1214 3536 ω
1269 3504 1551 3550 tmptcatur
1598 3504 1766 3535 sermo
1823 3504 1912 3550 qui
1964 3504 2016 3535 ιη

447 3504 560 3624 iige
598 3556 831 3619 ipsorum
861 3557 1088 3624 scriptus
1116 3564 1191 3606 est
1223 3569 1251 3624 :_
1278 3550 1416 3624 Quia
1458 3554 1675 3624 oderunt
1715 3567 1796 3624 me
1828 3551 2016 3620 gratis.

450 3619 638 3694 (Ioan.
688 3641 784 3690 xv,
833 3619 1102 3694 25).:Sed
1138 3633 1191 3677 et
1233 3621 1384 3694 lsaite
1411 3619 1720 3694 vaticinium
1749 3619 2018 3694 [eivoca-

453 3689 541 3747 tur
566 3694 636 3747 ab
667 3689 928 3761 Apustolo
949 3692 1161 3750 dicente
1202 3707 1217 3746 :
1253 3691 1321 3744 In
1348 3690 1471 3761 (lege
1508 3689 1758 3758 scriptum
1789 3700 1868 3744 est
1898 3705 1918 3744 :
1949 3690 2016 3742 Et

420 3764 504 3836 _in
540 3766 660 3818 aliis
691 3759 892 3836 linguis
911 3775 958 3818 et
992 3763 1147 3816 labiis
1178 3762 1299 3836 aliis
1338 3759 1527 3836 loquar
1563 3761 1774 3836 populea
1788 3761 1933 3821 huic.
1967 3771 2018 3813 et

450 3850 612 3902 neque
651 3837 726 3887 sic
767 3827 982 3888 audient
1025 3849 1126 3894 me,
1173 3833 1300 3885 dicit
1333 3827 1591 3902 Dominus
1631 3827 1688 3896 ’(l
1734 3827 1857 3886 Cor.
1905 3846 2015 3892 xu',

445 3901 561 3970 ‘21).
625 3904 806 3958 Inveni
859 3903 1003 3959 enim
1049 3903 1103 3956 in
1138 3903 1344 3970 Aquila:
1376 3901 1852 3969 interpretatione,
1894 3917 2017 3966 quae

448 3973 575 4027 huic
611 3976 758 4030 dicto
803 3989 868 4028 ex
907 3988 1062 4040 inquo
1106 3973 1516 4040 responderent.
1562 3971 1765 4024 Dicitur
1810 3978 1864 4023 et
1908 3973 2016 4032 lex.

447 4044 754 4108 abstrusior
771 4039 1074 4098 etdivinior
1093 4039 1227 4109 legis
1251 4039 1625 4108 intelligentia.
1651 4040 1810 4093 sicuti
1843 4041 1893 4093 in
1916 4043 2018 4095 hoc

450 4113 568 4168 loco
622 4130 637 4169 :
686 4113 896 4169 Scimus
941 4113 1078 4166 enim
1130 4111 1291 4180 legem
1339 4126 1450 4163 esse
1501 4109 1790 4180 spiritalem
1841 4110 2012 4180 (Rom.

2053 2817 2094 2871 Β

446 4165 555 4246 vti,
594 4165 718 4250 ιη’
741 4165 848 4237 iAd
875 4165 1018 4248 bzec,
1055 4182 1136 4235 lex
1164 4165 1386 4242 dicitur,
1416 4165 2014 4250 quaisecundunicoin-
2042 4165 2087 4226 C

447 4246 671 4308 munem
707 4268 951 4314 sensum,
1001 4246 1198 4305 anima:
1226 4249 1386 4303 insita
1414 4259 1530 4316 est,
1572 4259 1644 4311 et,
1683 4257 1741 4300 ιιι
1777 4246 2016 4316 loquitur

447 4320 757 4389 Scriptura,
787 4322 1052 4388 inscripta
1078 4321 1259 4385 cordi,
1292 4320 1568 4389 imperans
1591 4334 1713 4387 qua:
1743 4316 2014 4389 facienda,

447 4402 502 4460 et
527 4387 720 4446 vetans
744 4406 864 4460 quae
905 4387 1011 4445 non
1043 4390 1310 4452 facienda,
1341 4388 1565 4460 quodet
1596 4389 1681 4442 his
1706 4387 1891 4460 verbis,
1918 4390 2014 4442 de-

447 4459 689 4516 claratur
743 4458 776 4514 ξ
813 4459 943 4514 Cum
972 4461 1108 4514 enim
1139 4471 1312 4528 gentes
1337 4475 1452 4528 qua:
1476 4458 1639 4527 legem
1663 4475 1766 4511 non
1801 4459 2015 4521 habent,

447 4542 664 4597 natura,
701 4547 820 4599 quia
860 4530 987 4598 legis
1019 4539 1161 4592 sunt,
1193 4529 1442 4599 faciant:
1471 4529 1527 4580 hi
1569 4532 1656 4596 qui
1705 4528 1870 4596 legem
1897 4546 2016 4599 non

445 4601 662 4662 habent,
707 4597 808 4654 sibi
848 4597 949 4668 ipsi
979 4608 1101 4651 sunt
1146 4599 1250 4668 lex,
1296 4598 1384 4666 qui
1416 4601 1693 4650 ostendunt
1732 4615 1858 4668 opus
1886 4597 2014 4666 legis

444 4671 700 4736 scriptum
749 4670 807 4724 in
853 4667 1099 4723 cordibus
1144 4667 1286 4730 suis,
1332 4670 1682 4720 testimonium
1721 4667 2016 4731 perhibente

443 4740 679 4807 ipsorum
719 4740 1041 4794 conscientia
1081 4737 1259 4808 (Itoni.
1307 4752 1367 4800 tt,
1408 4737 1497 4800 ll,
1544 4739 1652 4805 l5).
1713 4741 1844 4802 Quae
1871 4739 2014 4790 enim

443 4809 500 4864 in
539 4809 799 4864 cordibus
836 4812 1034 4876 scripta
1080 4807 1163 4861 est
1195 4807 1279 4861 lex
1302 4845 1317 4868 ,
1366 4816 1420 4859 et
1453 4808 1505 4858 in
1540 4809 1792 4874 gentibus
1823 4821 2013 4859 natura

445 4895 566 4947 qua:
609 4881 694 4934 lex
719 4879 874 4949 jubet
903 4879 1264 4940 facientibus,
1299 4893 1404 4928 non
1435 4876 1535 4928 alia
1571 4886 1655 4949 est
1679 4877 1746 4930 ab
1780 4892 1865 4949 ea,
1897 4893 2018 4945 qua:

444 4946 740 5004 secundum
778 4963 1122 5002 communem
1165 4962 1383 5000 sensum
1424 4957 1614 4998 natura
1641 4946 1895 5014 inscripta
1935 4956 2019 4999 est

444 5021 673 5088 principi
710 5020 846 5088 parti
881 5029 1100 5081 nostrae,
1131 5026 1186 5069 et
1219 5033 1338 5084 qua:
1367 5016 1608 5088 quotidie
1638 5031 1757 5088 cum
1790 5017 2017 5088 rationis

446 5086 783 5158 perfectione
824 5106 887 5143 ac
925 5088 1392 5158 consummatione
1445 5087 1678 5158 adultior
1707 5086 1765 5137 ﬁt
1800 5096 1855 5138 et
1883 5087 2013 5158 soli-

445 5154 586 5211 ilior.
616 5157 713 5214 llic
732 5171 849 5212 crat
877 5159 1008 5227 legis
1038 5156 1379 5226 signiﬁcatus
1411 5165 1466 5210 et
1489 5157 1540 5207 in
1567 5156 1668 5227 hoc
1687 5157 1805 5210 loco
1834 5173 1847 5208 :
1884 5154 2018 5227 Pec-

446 5239 623 5281 catum
666 5223 1236 5294 nonlintpu'tatur'cum
1264 5243 1367 5279 non
1393 5237 1468 5279 est
1493 5227 1576 5277 lex
1609 5223 1783 5293 (Rom.
1813 5241 1866 5290 ν,
1889 5226 2012 5295 15);

444 5310 507 5368 et
537 5299 588 5350 in
622 5300 722 5351 hoc
768 5315 782 5350 :
839 5299 1121 5351 Peccatum
1171 5314 1275 5350 non
1315 5295 1531 5368 cognovi
1582 5295 1815 5368 nisiper
1853 5299 2016 5365 legem

447 5365 622 5429 (Rom.
658 5383 752 5429 vn,
783 5368 868 5437 7);
911 5379 1034 5421 ante
1065 5368 1236 5437 legem
1281 5365 1425 5420 enim
1456 5367 1660 5437 Moysis
1694 5365 2014 5432 imputatum

443 5448 522 5487 est
562 5436 838 5503 peccatum
872 5448 924 5491 et
959 5439 1088 5491 Cain
1111 5436 1136 5500 ,ί
1156 5447 1210 5493 et
1247 5438 1336 5504 qui
1361 5437 1558 5490 diluvio
1592 5436 1830 5499 absorpti
1865 5447 2010 5500 sunt,

2126 594 2326 640 metnn,
2349 594 2509 646 quant
2540 587 2597 630 ut
2634 577 2906 645 relinquar
2931 578 2975 608 “
2999 577 3023 629 ἲ
3054 597 3072 629 ι
3108 582 3216 630 Διιι
3244 592 3345 642 per
3374 592 3538 644 quam
3567 576 3696 630 Plia-

2124 683 2218 723 rao
2252 668 2503 741 cognovit
2546 679 2828 736 peccatum
2859 682 3046 730 suum,
3078 677 3133 718 et
3173 665 3352 719 dixit:
3391 684 3410 716 ι
3450 666 3695 719 Dominus

2121 760 2296 830 justus
2327 745 2431 825 est,
2463 773 2566 828 ego
2593 769 2773 812 autem
2816 766 2871 810 et
2912 757 3137 826 populus
3184 771 3338 810 meus
3384 757 3532 824 impii
3556 756 3601 786 "
3625 755 3647 807 ?
3673 775 3688 806 ι

2123 851 2274 917 Quod
2304 851 2348 904 si
2394 851 2445 904 lti
2480 863 2692 912 omnes,
2722 849 2921 918 aliique
2958 850 3224 903 innumeri
3267 859 3399 903 ante
3426 849 3592 918 Moysi
3627 850 3694 902 le-

2123 958 2242 1011 gem
2271 950 2645 1012 cognoverunt
2691 950 2966 1010 peccatum
3013 955 3167 994 suum
3193 980 3209 1001 ,
3257 955 3365 993 non
3402 939 3568 1009 532
3605 942 3694 994 erit

2124 1033 2241 1086 sine
2274 1032 2434 1087 dubio
2470 1031 2636 1102 Moysi
2673 1030 2758 1085 lex
2804 1033 2869 1084 de
2906 1045 3011 1097 qua
3057 1030 3192 1083 dicit
3221 1030 3542 1101 Apostolus,
3577 1031 3691 1096 quia

2128 1141 2147 1174 ι
2182 1134 2463 1190 peccatum
2499 1137 2602 1174 non
2638 1119 2866 1187 cognovi
2901 1118 3000 1172 nisi
3046 1134 3144 1187 per
3184 1119 3360 1186 legem
3393 1119 3476 1181 7‘;
3515 1136 3533 1168 ι
3563 1129 3616 1169 et
3639 1120 3695 1169 de

2123 1227 2228 1282 qua
2263 1212 2392 1267 dicit
2421 1210 2531 1280 (90)
2560 1228 2572 1263 :
2628 1228 2647 1262 ι
2682 1209 3195 1277 Concupiscentiam
3243 1209 3556 1264 nesciebam
3605 1209 3691 1261 nisi

2124 1308 2206 1362 lex
2235 1307 2440 1363 diceret
2471 1323 2484 1360 :
2523 1305 2641 1356 Non
2671 1302 3062 1370 concupisces;
3100 1320 3120 1352 ι
3157 1302 3252 1356 sed
3280 1310 3366 1355 est
3400 1302 3492 1354 illa
3526 1301 3610 1353 lex
3639 1306 3693 1351 de

2123 1416 2226 1470 qua
2254 1397 2564 1466 frequenter
2591 1395 2827 1448 diximus
2846 1433 2862 1457 ,
2892 1407 3010 1460 quo:
3040 1392 3093 1446 itt
3140 1394 3424 1446 hominum
3453 1392 3694 1444 cordibus

2130 1510 2147 1540 ι
2180 1491 2379 1558 scripta
2404 1501 2509 1549 est,
2529 1504 2631 1540 non
2658 1493 2982 1548 atramento,
3005 1486 3099 1538 sed
3123 1483 3330 1552 Spirittt
3358 1483 3452 1535 Dei
3477 1483 3580 1534 vivi
3602 1483 3691 1542 ",s

2123 1592 2178 1636 et
2211 1583 2370 1634 docet
2394 1592 2831 1647 unumquemque
2861 1577 2990 1645 quid
3022 1577 3295 1646 agendum
3327 1575 3424 1639 sit,
3460 1575 3583 1642 quid
3618 1591 3693 1625 ca-

2128 1673 2379 1724 vendum.
2411 1670 2528 1739 Ipsa
2559 1678 2803 1738 estergo
2855 1682 2952 1734 per
2995 1683 3157 1736 quant
3205 1666 3490 1734 cognoscit
3546 1666 3694 1716 hoino

2125 1773 2404 1834 peccatum
2435 1776 2612 1815 suum.
2641 1761 2839 1826 Aperte
2891 1759 2978 1812 hic
3013 1757 3316 1810 naturalem
3371 1756 3547 1824 legem
3574 1757 3694 1807 dicit

2126 1852 2314 1904 tandiu
2346 1847 2580 1920 ignorari
2630 1863 2659 1900 a
2712 1845 3172 1913 noliis,quandiu
3222 1843 3403 1896 mtatis
3452 1857 3694 1911 processu

2625 2045 2671 2075 το
2713 2045 2879 2100 Exod.
2915 2060 2988 2107 ιι,
3026 2043 3114 2098 27.
3220 2043 3268 2075 ’⁸
3312 2041 3476 2098 Rom.
3514 2059 3607 2106 vn,
3648 2045 3694 2095 7.

2129 2049 2263 2105 Gen.
2322 2063 2393 2112 tv,
2440 2049 2524 2101 l3.

2129 2313 2327 2350 menses
2360 2313 2628 2364 superesse
2657 2305 2708 2352 et
2745 2298 2922 2351 messis
2945 2299 3084 2352 venit
3106 2298 3132 2350 ?
3149 2297 3398 2351 Attollite
3419 2297 3619 2360 oculos,
3653 2312 3697 2353 et

2130 2367 2297 2437 ridete
2352 2367 2626 2434 regiones,
2680 2370 2806 2436 quia
2848 2369 2961 2437 jam
3011 2368 3144 2421 albte
3188 2378 3310 2420 sunt
3363 2374 3432 2419 ad
3493 2385 3697 2422 messem

2129 2436 2310 2505 (Joan.
2367 2452 2457 2499 Iv,
2523 2437 2633 2496 55).
2711 2439 2800 2491 Bis
2852 2436 3008 2490 cnim
3059 2438 3255 2491 messis
3325 2437 3693 2491 nominatur:

2127 2507 2275 2573 prius
2300 2506 2516 2573 quidem
2545 2509 2608 2558 ad
2628 2523 2944 2576 corpoream
2969 2521 3194 2561 messem
3215 2505 3492 2568 refertur;
3527 2521 3699 2574 poste-

2130 2577 2244 2629 rius
2271 2591 2400 2629 vero
2433 2576 2500 2628 ad
2533 2594 2762 2631 messem
2813 2576 3055 2644 Spiritus.
3097 2576 3288 2629 Simile
3328 2587 3513 2629 autem
3550 2579 3696 2632 inve-

2126 2645 2247 2698 nies
2279 2647 2330 2698 in
2364 2661 2506 2699 caeco
2538 2649 2604 2699 ab
2635 2648 2748 2713 ipso
2783 2658 2907 2700 natu
2939 2657 3160 2706 curato,
3192 2647 3278 2698 cui
3313 2648 3430 2698 [nec
3470 2647 3700 2714 loquitur

2126 2729 2353 2782 corpore
2405 2717 2707 2770 caacutienti
2767 2735 2780 2770 :
2833 2714 2945 2784 Ego
2999 2718 3070 2768 ad
3117 2718 3388 2785 judicium
3459 2717 3513 2767 in
3568 2719 3699 2768 hunc

2124 2786 2375 2837 mundum
2414 2786 2547 2848 veni,
2581 2798 2635 2838 ut
2660 2788 2752 2854 qui
2789 2803 2888 2838 non
2917 2787 3103 2840 vident.
3150 2787 3400 2854 videant,
3427 2798 3474 2835 et
3505 2789 3598 2853 qui
3631 2789 3698 2838 ri-

2125 2855 2279 2918 dent,
2341 2856 2464 2908 eieci
2505 2856 2633 2922 [iant
2673 2853 2886 2924 ’(Joan.
2937 2871 3026 2916 ιι,
3075 2855 3187 2922 39).
3233 2853 3325 2908 Sic
3373 2866 3432 2908 et
3481 2874 3497 2909 :
3546 2856 3699 2908 Nunc

2123 2924 2237 2976 sine
2263 2925 2370 2992 lege
2397 2933 2602 2978 natura:
2621 2927 2830 2993 justitia
2857 2925 2950 2978 Dei
2982 2927 3249 2993 apparuit,
3295 2927 3601 2977 testimonio
3628 2926 3696 2977 le-

2123 2994 2201 3064 gis
2223 2993 2422 3064 Moysis
2457 3002 2505 3046 et
2527 2995 2898 3064 prophetarum
2915 2995 3267 3062 prtenuntiata
3284 2993 3462 3060 (Rom.
3486 3010 3568 3054 ιιι,
3587 2997 3695 3062 il);

2124 3063 2354 3118 dixerim
2385 3079 2516 3118 vero
2542 3063 2735 3134 iisqui
2779 3066 3025 3120 dubitant
3056 3065 3324 3132 duplicem
3360 3065 3497 3133 legis
3532 3069 3697 3134 signi-

2125 3134 2344 3202 ilcatuni
2382 3135 2642 3202 recipere,
2693 3135 2738 3190 si
2779 3135 2862 3188 lex
2889 3136 3079 3189 eadem
3113 3134 3388 3201 accipitur
3423 3142 3480 3186 et
3515 3135 3566 3186 in
3602 3139 3697 3190 hoc

2125 3201 2301 3274 loco:
2342 3201 2507 3274 Nunc
2540 3214 2714 3258 autem
2756 3207 2866 3258 sine
2903 3205 3014 3274 lege
3040 3205 3249 3271 justitia
3276 3203 3373 3257 Dei
3416 3204 3622 3270 illuxit,
3647 3217 3698 3260 et

2125 3271 2178 3325 in
2227 3272 2318 3327 illo
2358 3289 2374 3328 :
2419 3274 2459 3326 Α
2491 3273 2600 3341 lege
2633 3286 2682 3328 et
2733 3271 2994 3344 prophetis
3028 3276 3410 3342 praenuntiata.
3472 3274 3530 3327 Si
3577 3281 3695 3328 alis-

2123 3356 2228 3414 que
2270 3345 2386 3414 lege
2423 3345 2696 3411 apparuit,
2725 3361 2828 3398 non
2861 3359 2889 3396 a
2920 3345 3056 3413 legis
3089 3345 3404 3398 testimonio
3439 3360 3691 3411 praenun-

2124 3412 2289 3483 tiatur
2318 3412 2342 3468 ξ
2364 3413 2408 3469 si
2451 3428 2580 3467 vero
2616 3414 2748 3483 legis
2791 3412 3102 3483 testimonio
3130 3414 3556 3482 comprobatur,
3593 3431 3694 3468 non

2122 3482 2241 3554 sine
2275 3484 2392 3554 lege
2414 3483 2686 3538 declarata
2709 3493 2813 3538 est.
2841 3482 3114 3538 Justitiam
3153 3485 3336 3552 itaque
3378 3484 3499 3548 Dei,
3527 3501 3644 3554 quae
3663 3503 3690 3538 ει

2121 3549 2248 3606 Jesu
2267 3549 2484 3608 Cliristo
2507 3555 2776 3608 declarata
2814 3565 2920 3616 est,
2951 3549 3292 3622 nequaquam
3320 3568 3422 3607 suo
3455 3549 3558 3608 tesi
3568 3557 3692 3607 imo-

2123 3623 2212 3693 nio
2241 3627 2562 3691 comprobat
2609 3634 2814 3677 naturae
2852 3623 2938 3677 lex
2970 3624 3191 3677 :minor
3226 3625 3375 3676 enim
3424 3638 3510 3678 est
3560 3626 3690 3693 ipsa.

2122 3691 2434 3763 Lex‘autem
2461 3693 2681 3763 Moysis,
2706 3709 2810 3747 non
2843 3693 3038 3755 littera,
3065 3694 3158 3746 sed
3189 3693 3436 3759 spiritus.
3455 3705 3514 3748 et
3536 3691 3693 3762 spiri-

2123 3763 2196 3814 tui
2232 3761 2364 3832 legis
2395 3761 2780 3829 respondentes
2799 3765 3107 3832 prephetze:
3142 3772 3196 3814 et
3217 3765 3311 3830 qtti
3347 3761 3690 3829 inipsissunt

2119 3846 2399 3886 sermones
2448 3833 2742 3902 Spiritales.
2803 3833 2984 3899 Quare
3038 3833 3330 3902 diligenter
3392 3835 3689 3887 observare

2118 3911 2332 3967 Oportet
2362 3919 2484 3956 eum
2516 3904 2604 3970 qui
2641 3903 2852 3956 divinas
2884 3905 3194 3970 Scripturas
3223 3903 3556 3970 pervoltttat,
3586 3920 3687 3957 non

2119 3985 2214 4024 eas
2246 3986 2461 4040 semper
2490 3973 2673 4026 iisdem
2707 3974 2965 4035 vocibus,
3000 3987 3104 4025 non
3138 3974 3330 4026 iisdem
3371 3973 3530 4027 rebus
3570 3976 3643 4026 uti
3677 3992 3690 4026 :

2118 4041 2262 4108 quod
2299 4041 2566 4095 interdum
2597 4042 2918 4111 facinntper
2948 4041 3503 4109 eognominationetu,
3527 4059 3694 4109 quan-

2119 4112 2295 4181 doque
2344 4127 2440 4179 per
2488 4111 2768 4181 ﬁguratam
2812 4113 3100 4174 rationem,
3149 4113 3444 4179 aliquando
3476 4124 3693 4181 propter

2118 4179 2435 4252 elocutionis
2466 4179 2804 4248 contextum,
2827 4184 2914 4250 qui
2942 4182 3112 4252 exigit
3136 4192 3194 4233 ut
3223 4184 3384 4235 aliter
3410 4179 3689 4251 inaliqui-

2120 4251 2219 4319 lius
2253 4251 2417 4305 dictio
2453 4263 2774 4319 usurpetur,
2813 4267 2974 4319 quam
3021 4251 3076 4303 ut
3113 4254 3166 4303 in
3215 4252 3342 4304 aliis
3385 4254 3555 4319 posita
3585 4265 3687 4304 est.

2118 4318 2273 4385 Quod
2313 4322 2357 4374 si
2385 4318 2596 4374 attente
2618 4318 2984 4388 observemus,
3015 4323 3219 4374 inultos
3255 4318 3437 4388 lapsus
3458 4323 3689 4375 evitabi-

2119 4405 2238 4443 mus
2289 4400 2342 4444 et
2399 4391 2649 4445 sinistras
2702 4392 3194 4460 interpretationes.
3261 4391 3554 4460 Sciendum
3611 4401 3692 4444 est

2122 4461 2420 4525 itaquenon
2444 4456 2867 4530 eodemsetnper
2920 4456 3227 4526 signiﬁcatu
3290 4458 3455 4530 poni,
3517 4461 3686 4524 vidit,

2118 4530 2211 4582 sed
2239 4530 2528 4598 aliquando
2556 4533 2606 4583 in
2637 4531 2752 4600 visu
2792 4537 3057 4600 corporis,
3087 4537 3226 4584 idem
3269 4532 3536 4582 interdum
3573 4544 3689 4582 esse

2119 4600 2260 4666 quod
2315 4600 2633 4668 intelligere.
2676 4599 2732 4654 ld
2764 4599 2908 4654 enim
2955 4601 3207 4654 universe
3249 4600 3532 4654 sciendum
3579 4609 3687 4663 est,

2118 4672 2263 4738 quod
2290 4685 2410 4724 cum
2439 4671 2717 4724 decretum
2745 4671 2815 4724 sit
2846 4670 3068 4738 Spiritui
3097 4675 3185 4738 qui
3211 4670 3266 4724 in
3302 4671 3587 4738 pr0pltetis
3609 4669 3687 4720 lo-

2118 4739 2336 4808 quitur,
2385 4739 2746 4803 abscondere,
2787 4756 2962 4808 ncqne
2999 4741 3172 4808 palam
3217 4753 3492 4808 exponere
3530 4753 3689 4791 sensa

2120 4810 2397 4873 veritatis;
2427 4811 2880 4878 quemadmodum
2906 4810 3104 4863 Christi
3139 4812 3326 4875 verbo,
3381 4810 3431 4860 in
3467 4820 3688 4878 aposto:

2119 4879 2215 4942 lis;
2247 4894 2390 4948 suape
2419 4877 2474 4932 et
2497 4881 2599 4933 sub
2627 4880 2900 4933 locutione
2923 4880 3304 4948 permiscetur,
3329 4893 3505 4945 neque
3527 4877 3686 4946 quasi

2120 4951 2219 5002 sub
2243 4965 2405 5002 unam
2438 4950 2920 5014 serietnbrationis
2959 4952 3294 5011 contexitur,
3333 4964 3401 5000 ne
3433 4949 3688 5000 videlicet

2122 5019 2322 5085 indigni
2366 5019 2430 5072 ad
2471 5019 2666 5073 anima:
2698 5035 2810 5072 suae
2834 5021 3094 5089 judicium
3127 5022 3403 5071 inveniant
3425 5032 3549 5085 quae
3586 5021 3690 5069 uti-

2121 5090 2242 5141 liter
2271 5089 2376 5143 illis
2406 5089 2721 5144 abscondita
2751 5101 2895 5142 sunt.
2937 5092 3064 5154 Quae
3100 5098 3156 5140 ut
3195 5091 3482 5159 plurimum
3519 5102 3685 5141 eausa

2117 5168 2232 5221 est,
2269 5173 2365 5211 cur
2401 5160 2687 5213 videantur
2730 5159 3024 5228 Scriptura:
3056 5174 3162 5212 non
3199 5161 3334 5213 satis
3365 5168 3488 5225 apta
3531 5173 3686 5212 coru-

2119 5229 2388 5297 positione
2409 5238 2464 5281 et
2493 5231 2876 5283 consecutione
2912 5230 3214 5292 conterere,
3264 5231 3497 5281 maxime
3528 5243 3685 5291 vero,

2121 5299 2200 5351 uti
2234 5300 2482 5366 superius
2504 5300 2760 5358 diximus,
2795 5300 3107 5368 prepbetica
3135 5311 3189 5352 et
3215 5299 3531 5364 apostolica,
3564 5298 3686 5365 Epi-

2119 5368 2256 5422 stola
2297 5368 2593 5436 praesertim
2637 5369 2701 5420 ad
2739 5368 3044 5433 Romanos,
3086 5370 3270 5438 inqua
3312 5368 3531 5438 quae‘de
3568 5369 3688 5438 lege

2120 5440 2395 5502 dicuntur,
2420 5439 2650 5494 diversis
2677 5441 2848 5492 modis
2878 5441 3150 5503 dicuntur,
3176 5436 3230 5493 et
3263 5436 3490 5492 diversis
3520 5437 3688 5489 rebus

444 5515 500 5578 et
531 5506 848 5569 Sodomitis,
871 5508 1059 5560 etaliis
1085 5507 1404 5572 innumeris.
1428 5507 1495 5561 Et
1521 5505 2009 5578 multiantelegem
2043 5508 2092 5566 υ
2119 5511 2490 5574 imponutttur,
2519 5522 2578 5562 ut
2609 5510 2860 5563 videatur
2898 5510 3094 5564 Paulus
3114 5511 3164 5563 in
3185 5510 3276 5564 illa
3299 5505 3540 5578 Epistula
3571 5521 3685 5560 rem

375 5583 378 5587 '
446 5575 938 5654 ‘Moysispecgatum
965 5588 1350 5654 cognoverunt.
1373 5578 1481 5654 Nec
1506 5576 1877 5654 ntircrisquod
1893 5579 2012 5654 dua:
2116 5579 2442 5654 propositam
2473 5595 2574 5632 non
2603 5581 2884 5648 exsequi.»

445 5645 580 5715 legis
608 5645 1210 5713 signiﬁcationes-vocis
1238 5647 1396 5710 hujus
1430 5648 1481 5699 in
1509 5648 1696 5715 eodem
1723 5645 1843 5699 loco
1859 5649 2006 5700 acci-

446 5713 690 5781 piuntur.
722 5715 875 5768 Hunc
894 5717 1036 5769 enim
1061 5731 1266 5771 morem
1285 5718 1420 5771 et-in
1453 5717 1574 5768 aliis
1601 5713 1894 5785 Scripturis
1922 5721 2004 5770 itt-

446 5787 761 5852 venietnus;
798 5786 1249 5854 quemadmodum
1291 5806 1305 5842 :
1350 5786 1540 5842 Nonne
1571 5786 1745 5840 dicitis
1778 5800 2003 5854 quatuor

2189 5646 2298 5716 (89)
2335 5648 2494 5714 Editi,
2524 5666 2545 5702 ι
2579 5646 2807 5718 quod,»
2847 5649 3006 5704 male.

2187 5719 2299 5790 (90)
2326 5719 2490 5787 Editi,
2520 5737 2540 5772 ι
2577 5722 2808 5776 diccbat.
2843 5738 2867 5774 ι
