  <div class='ocr_page' id='page_1' title='image "/cluster/home/n/w/nwhite01/storage/ocr_20150623/14/hvd.32044024333478/548.png"; bbox 0 0 3768 6544; ppageno 0'>
   <div class='ocr_carea' id='block_1_1' title="bbox 64 365 172 425">
    <p class='ocr_par' dir='ltr' id='par_1_1' title="bbox 64 365 172 425">
     <span class='ocr_line' id='line_1_1' title="bbox 64 365 172 425; baseline -0.056 1"><span class='ocrx_word' id='word_1_1' title='bbox 64 365 172 425; x_wconf 68' lang='lat' dir='ltr'><strong>lim</strong></span> 
     </span>
    </p>
   </div>
   <div class='ocr_carea' id='block_1_2' title="bbox 999 345 2344 449">
    <p class='ocr_par' dir='ltr' id='par_1_2' title="bbox 999 345 2344 449">
     <span class='ocr_line' id='line_1_2' title="bbox 999 345 2344 449; baseline 0 -30"><span class='ocrx_word' id='word_1_2' title='bbox 999 360 1356 419; x_wconf 77' lang='lat' dir='ltr'><strong>COMMENT.</strong></span> <span class='ocrx_word' id='word_1_3' title='bbox 1393 361 1461 417; x_wconf 86' lang='lat' dir='ltr'><strong>1N</strong></span> <span class='ocrx_word' id='word_1_4' title='bbox 1500 359 1723 449; x_wconf 74' lang='lat' dir='ltr'><strong>Ertsr.</strong></span> <span class='ocrx_word' id='word_1_5' title='bbox 1756 359 1849 413; x_wconf 83' lang='lat' dir='ltr'><strong>AD</strong></span> <span class='ocrx_word' id='word_1_6' title='bbox 1881 345 2050 416; x_wconf 71' lang='lat' dir='ltr'><strong>ROM.</strong></span> <span class='ocrx_word' id='word_1_7' title='bbox 2087 360 2214 419; x_wconf 86' lang='lat' dir='ltr'><strong>LIB.</strong></span> <span class='ocrx_word' id='word_1_8' title='bbox 2254 361 2344 419; x_wconf 89' lang='lat' dir='ltr'><strong>vr.</strong></span> 
     </span>
    </p>
   </div>
   <div class='ocr_carea' id='block_1_3' title="bbox 3167 369 3305 427">
    <p class='ocr_par' dir='ltr' id='par_1_3' title="bbox 3167 369 3305 427">
     <span class='ocr_line' id='line_1_3' title="bbox 3167 369 3305 427; baseline 0.029 -3"><span class='ocrx_word' id='word_1_9' title='bbox 3167 369 3305 427; x_wconf 70' lang='grc'><strong>1082</strong></span> 
     </span>
    </p>
   </div>
   <div class='ocr_carea' id='block_1_4' title="bbox 65 479 3303 552">
    <p class='ocr_par' dir='ltr' id='par_1_4' title="bbox 65 479 3303 552">
     <span class='ocr_line' id='line_1_4' title="bbox 65 479 3303 552; baseline 0.002 -17"><span class='ocrx_word' id='word_1_10' title='bbox 65 482 361 542; x_wconf 76' lang='lat' dir='ltr'><strong>noverimus</strong></span> <span class='ocrx_word' id='word_1_11' title='bbox 397 483 543 538; x_wconf 83' lang='lat' dir='ltr'><strong>inter</strong></span> <span class='ocrx_word' id='word_1_12' title='bbox 570 482 767 536; x_wconf 89' lang='lat' dir='ltr'><strong>bonum</strong></span> <span class='ocrx_word' id='word_1_13' title='bbox 800 487 857 538; x_wconf 84' lang='lat' dir='ltr'><strong>et</strong></span> <span class='ocrx_word' id='word_1_14' title='bbox 884 480 1083 535; x_wconf 90' lang='lat' dir='ltr'><strong>malum</strong></span> <span class='ocrx_word' id='word_1_15' title='bbox 1115 483 1452 549; x_wconf 84' lang='lat' dir='ltr'><strong>discernere,</strong></span> <span class='ocrx_word' id='word_1_16' title='bbox 1497 491 1554 536; x_wconf 93' lang='lat' dir='ltr'><strong>et</strong></span> <span class='ocrx_word' id='word_1_17' title='bbox 1597 498 1628 536; x_wconf 91' lang='lat' dir='ltr'><strong>a</strong></span> <span class='ocrx_word' id='word_1_18' title='bbox 1658 487 1706 542; x_wconf 75' lang='grc' dir='ltr'><strong>Α</strong></span> <span class='ocrx_word' id='word_1_19' title='bbox 1733 479 2045 548; x_wconf 81' lang='lat' dir='ltr'><strong>aliquando.</strong></span> <span class='ocrx_word' id='word_1_20' title='bbox 2081 480 2188 535; x_wconf 85' lang='lat' dir='ltr'><strong>Sed</strong></span> <span class='ocrx_word' id='word_1_21' title='bbox 2216 480 2304 536; x_wconf 91' lang='lat' dir='ltr'><strong>ubi</strong></span> <span class='ocrx_word' id='word_1_22' title='bbox 2341 479 2492 536; x_wconf 90' lang='lat' dir='ltr'><strong>venit</strong></span> <span class='ocrx_word' id='word_1_23' title='bbox 2516 480 2830 537; x_wconf 85' lang='lat' dir='ltr'><strong>mandatum</strong></span> <span class='ocrx_word' id='word_1_24' title='bbox 2853 523 2869 548; x_wconf 97' lang='lat'><strong>,</strong></span> <span class='ocrx_word' id='word_1_25' title='bbox 2908 491 3184 552; x_wconf 89' lang='lat' dir='ltr'><strong>peccatum</strong></span> <span class='ocrx_word' id='word_1_26' title='bbox 3215 503 3303 542; x_wconf 83' lang='lat' dir='ltr'><strong>re-</strong></span> 
     </span>
    </p>
   </div>
   <div class='ocr_carea' id='block_1_5' title="bbox 62 573 1624 643">
    <p class='ocr_par' dir='ltr' id='par_1_5' title="bbox 62 573 1624 643">
     <span class='ocr_line' id='line_1_5' title="bbox 62 573 1624 643; baseline -0.005 -9"><span class='ocrx_word' id='word_1_27' title='bbox 62 575 376 634; x_wconf 84' lang='lat' dir='ltr'><strong>cutrscientia</strong></span> <span class='ocrx_word' id='word_1_28' title='bbox 409 587 594 630; x_wconf 90' lang='lat' dir='ltr'><strong>nostra</strong></span> <span class='ocrx_word' id='word_1_29' title='bbox 626 574 740 643; x_wconf 81' lang='lat' dir='ltr'><strong>(9i)</strong></span> <span class='ocrx_word' id='word_1_30' title='bbox 790 573 1144 628; x_wconf 84' lang='lat' dir='ltr'><strong>audierimus.</strong></span> <span class='ocrx_word' id='word_1_31' title='bbox 1177 574 1446 643; x_wconf 75' lang='lat' dir='ltr'><strong>Loquitur</strong></span> <span class='ocrx_word' id='word_1_32' title='bbox 1477 574 1624 628; x_wconf 85' lang='lat' dir='ltr'><strong>enim</strong></span> 
     </span>
    </p>
   </div>
   <div class='ocr_carea' id='block_1_6' title="bbox 63 663 1626 732">
    <p class='ocr_par' dir='ltr' id='par_1_6' title="bbox 63 663 1626 732">
     <span class='ocr_line' id='line_1_6' title="bbox 63 663 1626 732; baseline -0.004 -9"><span class='ocrx_word' id='word_1_33' title='bbox 63 668 190 724; x_wconf 87' lang='lat' dir='ltr'><strong>nobis</strong></span> <span class='ocrx_word' id='word_1_34' title='bbox 212 667 362 720; x_wconf 90' lang='lat' dir='ltr'><strong>intra</strong></span> <span class='ocrx_word' id='word_1_35' title='bbox 391 666 783 720; x_wconf 91' lang='lat' dir='ltr'><strong>conscientiam</strong></span> <span class='ocrx_word' id='word_1_36' title='bbox 818 663 955 732; x_wconf 76' lang='lat'><strong>(92),</strong></span> <span class='ocrx_word' id='word_1_37' title='bbox 989 675 1044 718; x_wconf 91' lang='lat' dir='ltr'><strong>et</strong></span> <span class='ocrx_word' id='word_1_38' title='bbox 1077 665 1245 718; x_wconf 90' lang='lat' dir='ltr'><strong>dicit:</strong></span> <span class='ocrx_word' id='word_1_39' title='bbox 1288 682 1307 715; x_wconf 83' lang='lat' dir='ltr'><strong>r</strong></span> <span class='ocrx_word' id='word_1_40' title='bbox 1341 663 1459 718; x_wconf 82' lang='lat' dir='ltr'><strong>Non</strong></span> <span class='ocrx_word' id='word_1_41' title='bbox 1489 679 1626 718; x_wconf 89' lang='lat' dir='ltr'><strong>con-</strong></span> 
     </span>
    </p>
   </div>
   <div class='ocr_carea' id='block_1_7' title="bbox 61 755 1626 829">
    <p class='ocr_par' dir='ltr' id='par_1_7' title="bbox 61 755 1626 829">
     <span class='ocr_line' id='line_1_7' title="bbox 61 755 1626 829; baseline -0.005 -13"><span class='ocrx_word' id='word_1_42' title='bbox 61 763 304 829; x_wconf 84' lang='lat' dir='ltr'><strong>cupisces.</strong></span> <span class='ocrx_word' id='word_1_43' title='bbox 349 778 370 812; x_wconf 74' lang='grc' dir='ltr'><strong>ι</strong></span> <span class='ocrx_word' id='word_1_44' title='bbox 411 758 524 812; x_wconf 80' lang='lat' dir='ltr'><strong>Sed</strong></span> <span class='ocrx_word' id='word_1_45' title='bbox 552 757 806 826; x_wconf 89' lang='lat' dir='ltr'><strong>quoniam</strong></span> <span class='ocrx_word' id='word_1_46' title='bbox 835 770 940 809; x_wconf 93' lang='lat' dir='ltr'><strong>non</strong></span> <span class='ocrx_word' id='word_1_47' title='bbox 968 771 1215 824; x_wconf 89' lang='lat' dir='ltr'><strong>semper,</strong></span> <span class='ocrx_word' id='word_1_48' title='bbox 1248 770 1347 810; x_wconf 89' lang='lat' dir='ltr'><strong>nec</strong></span> <span class='ocrx_word' id='word_1_49' title='bbox 1371 771 1438 809; x_wconf 87' lang='lat' dir='ltr'><strong>ex</strong></span> <span class='ocrx_word' id='word_1_50' title='bbox 1472 755 1626 808; x_wconf 90' lang='lat' dir='ltr'><strong>initio</strong></span> 
     </span>
    </p>
   </div>
   <div class='ocr_carea' id='block_1_8' title="bbox 63 845 1626 910">
    <p class='ocr_par' dir='ltr' id='par_1_8' title="bbox 63 845 1626 910">
     <span class='ocr_line' id='line_1_8' title="bbox 63 845 1626 910; baseline -0.004 -5"><span class='ocrx_word' id='word_1_51' title='bbox 63 864 105 905; x_wconf 88' lang='lat' dir='ltr'><strong>ut</strong></span> <span class='ocrx_word' id='word_1_52' title='bbox 134 851 380 905; x_wconf 89' lang='lat' dir='ltr'><strong>nascitur</strong></span> <span class='ocrx_word' id='word_1_53' title='bbox 411 850 598 910; x_wconf 86' lang='lat' dir='ltr'><strong>homo,</strong></span> <span class='ocrx_word' id='word_1_54' title='bbox 628 847 711 901; x_wconf 93' lang='lat' dir='ltr'><strong>lex</strong></span> <span class='ocrx_word' id='word_1_55' title='bbox 747 847 849 900; x_wconf 86' lang='lat' dir='ltr'><strong>ista</strong></span> <span class='ocrx_word' id='word_1_56' title='bbox 875 846 1148 900; x_wconf 72' lang='lat' dir='ltr'><strong>invenitur</strong></span> <span class='ocrx_word' id='word_1_57' title='bbox 1184 847 1235 899; x_wconf 93' lang='lat' dir='ltr'><strong>in</strong></span> <span class='ocrx_word' id='word_1_58' title='bbox 1266 845 1502 910; x_wconf 90' lang='lat' dir='ltr'><strong>homine,</strong></span> <span class='ocrx_word' id='word_1_59' title='bbox 1532 845 1626 899; x_wconf 85' lang='lat' dir='ltr'><strong>sed</strong></span> 
     </span>
    </p>
   </div>
   <div class='ocr_carea' id='block_1_9' title="bbox 62 937 1626 1013">
    <p class='ocr_par' dir='ltr' id='par_1_9' title="bbox 62 937 1626 1013">
     <span class='ocr_line' id='line_1_9' title="bbox 62 937 1626 1013; baseline -0.006 -14"><span class='ocrx_word' id='word_1_60' title='bbox 62 943 381 1013; x_wconf 83' lang='lat' dir='ltr'><strong>aliquandiu,</strong></span> <span class='ocrx_word' id='word_1_61' title='bbox 407 943 541 997; x_wconf 90' lang='lat' dir='ltr'><strong>dum</strong></span> <span class='ocrx_word' id='word_1_62' title='bbox 569 952 702 996; x_wconf 69' lang='lat' dir='ltr'><strong>aetas</strong></span> <span class='ocrx_word' id='word_1_63' title='bbox 732 940 967 996; x_wconf 90' lang='lat' dir='ltr'><strong>nondum</strong></span> <span class='ocrx_word' id='word_1_64' title='bbox 996 939 1219 1007; x_wconf 86' lang='lat' dir='ltr'><strong>patitur,</strong></span> <span class='ocrx_word' id='word_1_65' title='bbox 1240 939 1359 993; x_wconf 86' lang='lat' dir='ltr'><strong>sine</strong></span> <span class='ocrx_word' id='word_1_66' title='bbox 1380 940 1480 993; x_wconf 88' lang='lat' dir='ltr'><strong>hac</strong></span> <span class='ocrx_word' id='word_1_67' title='bbox 1512 937 1626 1006; x_wconf 86' lang='lat' dir='ltr'><strong>lege</strong></span> 
     </span>
    </p>
   </div>
   <div class='ocr_carea' id='block_1_10' title="bbox 62 1028 1625 1100">
    <p class='ocr_par' dir='ltr' id='par_1_10' title="bbox 62 1028 1625 1100">
     <span class='ocr_line' id='line_1_10' title="bbox 62 1028 1625 1100; baseline -0.003 -14"><span class='ocrx_word' id='word_1_68' title='bbox 62 1036 246 1098; x_wconf 77' lang='lat' dir='ltr'><strong>vivitur,</strong></span> <span class='ocrx_word' id='word_1_69' title='bbox 272 1033 429 1088; x_wconf 84' lang='lat' dir='ltr'><strong>sicut</strong></span> <span class='ocrx_word' id='word_1_70' title='bbox 459 1041 516 1088; x_wconf 90' lang='lat' dir='ltr'><strong>et</strong></span> <span class='ocrx_word' id='word_1_71' title='bbox 551 1033 664 1100; x_wconf 89' lang='lat' dir='ltr'><strong>ipse</strong></span> <span class='ocrx_word' id='word_1_72' title='bbox 692 1028 891 1084; x_wconf 86' lang='lat' dir='ltr'><strong>Paulus</strong></span> <span class='ocrx_word' id='word_1_73' title='bbox 915 1029 1114 1085; x_wconf 77' lang='lat' dir='ltr'><strong>fatetur</strong></span> <span class='ocrx_word' id='word_1_74' title='bbox 1136 1029 1228 1098; x_wconf 89' lang='lat' dir='ltr'><strong>qui</strong></span> <span class='ocrx_word' id='word_1_75' title='bbox 1253 1029 1386 1083; x_wconf 88' lang='lat' dir='ltr'><strong>dicit</strong></span> <span class='ocrx_word' id='word_1_76' title='bbox 1414 1047 1428 1083; x_wconf 87' lang='lat'><strong>:</strong></span> <span class='ocrx_word' id='word_1_77' title='bbox 1463 1047 1483 1080; x_wconf 71' lang='grc' dir='ltr'><strong>ι</strong></span> <span class='ocrx_word' id='word_1_78' title='bbox 1513 1028 1625 1097; x_wconf 85' lang='lat' dir='ltr'><strong>Ego</strong></span> 
     </span>
    </p>
   </div>
   <div class='ocr_carea' id='block_1_11' title="bbox 60 1120 1623 1192">
    <p class='ocr_par' dir='ltr' id='par_1_11' title="bbox 60 1120 1623 1192">
     <span class='ocr_line' id='line_1_11' title="bbox 60 1120 1623 1192; baseline -0.004 -11"><span class='ocrx_word' id='word_1_79' title='bbox 60 1141 208 1180; x_wconf 83' lang='lat' dir='ltr'><strong>autem</strong></span> <span class='ocrx_word' id='word_1_80' title='bbox 244 1125 508 1180; x_wconf 80' lang='lat' dir='ltr'><strong>vivebam</strong></span> <span class='ocrx_word' id='word_1_81' title='bbox 539 1126 657 1179; x_wconf 87' lang='lat' dir='ltr'><strong>sine</strong></span> <span class='ocrx_word' id='word_1_82' title='bbox 698 1127 814 1192; x_wconf 84' lang='lat' dir='ltr'><strong>lege</strong></span> <span class='ocrx_word' id='word_1_83' title='bbox 857 1121 1167 1190; x_wconf 88' lang='lat' dir='ltr'><strong>aliquando,</strong></span> <span class='ocrx_word' id='word_1_84' title='bbox 1203 1139 1222 1172; x_wconf 76' lang='grc' dir='ltr'><strong>ι</strong></span> <span class='ocrx_word' id='word_1_85' title='bbox 1267 1123 1318 1175; x_wconf 92' lang='lat' dir='ltr'><strong>in</strong></span> <span class='ocrx_word' id='word_1_86' title='bbox 1360 1120 1451 1180; x_wconf 90' lang='lat' dir='ltr'><strong>illo</strong></span> <span class='ocrx_word' id='word_1_87' title='bbox 1485 1132 1623 1174; x_wconf 80' lang='lat' dir='ltr'><strong>tem-</strong></span> 
     </span>
    </p>
   </div>
   <div class='ocr_carea' id='block_1_12' title="bbox 61 1213 1622 1287">
    <p class='ocr_par' dir='ltr' id='par_1_12' title="bbox 61 1213 1622 1287">
     <span class='ocr_line' id='line_1_12' title="bbox 61 1213 1622 1287; baseline -0.003 -16"><span class='ocrx_word' id='word_1_88' title='bbox 61 1234 165 1287; x_wconf 86' lang='lat' dir='ltr'><strong>pore</strong></span> <span class='ocrx_word' id='word_1_89' title='bbox 186 1232 295 1286; x_wconf 91' lang='lat' dir='ltr'><strong>quo</strong></span> <span class='ocrx_word' id='word_1_90' title='bbox 320 1218 449 1272; x_wconf 90' lang='lat' dir='ltr'><strong>sine</strong></span> <span class='ocrx_word' id='word_1_91' title='bbox 472 1216 858 1286; x_wconf 83' lang='lat' dir='ltr'><strong>legevixirnos,</strong></span> <span class='ocrx_word' id='word_1_92' title='bbox 881 1213 1380 1282; x_wconf 76' lang='lat' dir='ltr'><strong>concupiscentiam</strong></span> <span class='ocrx_word' id='word_1_93' title='bbox 1411 1213 1622 1267; x_wconf 84' lang='lat' dir='ltr'><strong>nescie-</strong></span> 
     </span>
    </p>
   </div>
   <div class='ocr_carea' id='block_1_13' title="bbox 59 1304 1626 1370">
    <p class='ocr_par' dir='ltr' id='par_1_13' title="bbox 59 1304 1626 1370">
     <span class='ocr_line' id='line_1_13' title="bbox 59 1304 1626 1370; baseline -0.004 -8"><span class='ocrx_word' id='word_1_94' title='bbox 59 1309 240 1362; x_wconf 84' lang='lat' dir='ltr'><strong>bamus.</strong></span> <span class='ocrx_word' id='word_1_95' title='bbox 275 1305 402 1361; x_wconf 84' lang='lat' dir='ltr'><strong>Non</strong></span> <span class='ocrx_word' id='word_1_96' title='bbox 435 1307 602 1370; x_wconf 90' lang='lat' dir='ltr'><strong>dixit,</strong></span> <span class='ocrx_word' id='word_1_97' title='bbox 641 1321 746 1360; x_wconf 88' lang='lat' dir='ltr'><strong>non</strong></span> <span class='ocrx_word' id='word_1_98' title='bbox 783 1305 1071 1370; x_wconf 81' lang='lat' dir='ltr'><strong>habebam,</strong></span> <span class='ocrx_word' id='word_1_99' title='bbox 1103 1307 1198 1359; x_wconf 87' lang='lat' dir='ltr'><strong>sed</strong></span> <span class='ocrx_word' id='word_1_100' title='bbox 1231 1306 1329 1369; x_wconf 88' lang='lat' dir='ltr'><strong>ait,</strong></span> <span class='ocrx_word' id='word_1_101' title='bbox 1361 1321 1381 1354; x_wconf 77' lang='grc' dir='ltr'><strong>ι</strong></span> <span class='ocrx_word' id='word_1_102' title='bbox 1422 1304 1626 1358; x_wconf 84' lang='lat' dir='ltr'><strong>nescie-</strong></span> 
     </span>
    </p>
   </div>
   <div class='ocr_carea' id='block_1_14' title="bbox 61 1394 1624 1465">
    <p class='ocr_par' dir='ltr' id='par_1_14' title="bbox 61 1394 1624 1465">
     <span class='ocr_line' id='line_1_14' title="bbox 61 1394 1624 1465; baseline -0.004 -15"><span class='ocrx_word' id='word_1_103' title='bbox 61 1401 180 1461; x_wconf 84' lang='lat' dir='ltr'><strong>ham,</strong></span> <span class='ocrx_word' id='word_1_104' title='bbox 217 1416 236 1449; x_wconf 72' lang='grc' dir='ltr'><strong>ι</strong></span> <span class='ocrx_word' id='word_1_105' title='bbox 276 1407 552 1464; x_wconf 85' lang='lat' dir='ltr'><strong>tanquam</strong></span> <span class='ocrx_word' id='word_1_106' title='bbox 576 1411 695 1465; x_wconf 75' lang='lat' dir='ltr'><strong>qua:</strong></span> <span class='ocrx_word' id='word_1_107' title='bbox 720 1404 862 1450; x_wconf 87' lang='lat' dir='ltr'><strong>esset</strong></span> <span class='ocrx_word' id='word_1_108' title='bbox 896 1394 1135 1464; x_wconf 90' lang='lat' dir='ltr'><strong>quidem,</strong></span> <span class='ocrx_word' id='word_1_109' title='bbox 1165 1395 1506 1464; x_wconf 77' lang='lat' dir='ltr'><strong>ignoraretur</strong></span> <span class='ocrx_word' id='word_1_110' title='bbox 1545 1402 1624 1446; x_wconf 82' lang='lat' dir='ltr'><strong>ta-</strong></span> 
     </span>
    </p>
   </div>
   <div class='ocr_carea' id='block_1_15' title="bbox 61 1485 1626 1556">
    <p class='ocr_par' dir='ltr' id='par_1_15' title="bbox 61 1485 1626 1556">
     <span class='ocr_line' id='line_1_15' title="bbox 61 1485 1626 1556; baseline -0.001 -16"><span class='ocrx_word' id='word_1_111' title='bbox 61 1503 160 1542; x_wconf 81' lang='lat' dir='ltr'><strong>tnen</strong></span> <span class='ocrx_word' id='word_1_112' title='bbox 188 1490 340 1556; x_wconf 90' lang='lat' dir='ltr'><strong>quod</strong></span> <span class='ocrx_word' id='word_1_113' title='bbox 381 1497 537 1542; x_wconf 85' lang='lat' dir='ltr'><strong>esset</strong></span> <span class='ocrx_word' id='word_1_114' title='bbox 586 1487 1045 1556; x_wconf 83' lang='lat' dir='ltr'><strong>concupiscentia.</strong></span> <span class='ocrx_word' id='word_1_115' title='bbox 1099 1485 1204 1540; x_wconf 87' lang='lat' dir='ltr'><strong>Ubi</strong></span> <span class='ocrx_word' id='word_1_116' title='bbox 1245 1496 1427 1540; x_wconf 90' lang='lat' dir='ltr'><strong>autem</strong></span> <span class='ocrx_word' id='word_1_117' title='bbox 1474 1485 1626 1538; x_wconf 85' lang='lat' dir='ltr'><strong>venit</strong></span> 
     </span>
    </p>
   </div>
   <div class='ocr_carea' id='block_1_16' title="bbox 60 1575 1624 1647">
    <p class='ocr_par' dir='ltr' id='par_1_16' title="bbox 60 1575 1624 1647">
     <span class='ocr_line' id='line_1_16' title="bbox 60 1575 1624 1647; baseline -0.003 -15"><span class='ocrx_word' id='word_1_118' title='bbox 60 1580 194 1645; x_wconf 90' lang='lat' dir='ltr'><strong>ratio,</strong></span> <span class='ocrx_word' id='word_1_119' title='bbox 216 1589 274 1633; x_wconf 90' lang='lat' dir='ltr'><strong>et</strong></span> <span class='ocrx_word' id='word_1_120' title='bbox 305 1579 396 1633; x_wconf 90' lang='lat' dir='ltr'><strong>lex</strong></span> <span class='ocrx_word' id='word_1_121' title='bbox 433 1578 700 1634; x_wconf 82' lang='lat' dir='ltr'><strong>naturalis</strong></span> <span class='ocrx_word' id='word_1_122' title='bbox 726 1579 906 1633; x_wconf 91' lang='lat' dir='ltr'><strong>locum</strong></span> <span class='ocrx_word' id='word_1_123' title='bbox 937 1578 991 1632; x_wconf 90' lang='lat' dir='ltr'><strong>in</strong></span> <span class='ocrx_word' id='word_1_124' title='bbox 1022 1575 1177 1632; x_wconf 90' lang='lat' dir='ltr'><strong>nobis</strong></span> <span class='ocrx_word' id='word_1_125' title='bbox 1203 1592 1461 1647; x_wconf 84' lang='lat' dir='ltr'><strong>processu</strong></span> <span class='ocrx_word' id='word_1_126' title='bbox 1495 1586 1624 1629; x_wconf 70' lang='lat' dir='ltr'><strong>mta-</strong></span> 
     </span>
    </p>
   </div>
   <div class='ocr_carea' id='block_1_17' title="bbox 59 1671 1624 1744">
    <p class='ocr_par' dir='ltr' id='par_1_17' title="bbox 59 1671 1624 1744">
     <span class='ocr_line' id='line_1_17' title="bbox 59 1671 1624 1744; baseline -0.003 -16"><span class='ocrx_word' id='word_1_127' title='bbox 59 1676 114 1728; x_wconf 85' lang='lat' dir='ltr'><strong>tis</strong></span> <span class='ocrx_word' id='word_1_128' title='bbox 139 1676 376 1744; x_wconf 83' lang='lat' dir='ltr'><strong>invenit,</strong></span> <span class='ocrx_word' id='word_1_129' title='bbox 401 1675 603 1730; x_wconf 85' lang='lat' dir='ltr'><strong>docere</strong></span> <span class='ocrx_word' id='word_1_130' title='bbox 651 1689 751 1728; x_wconf 92' lang='lat' dir='ltr'><strong>nos</strong></span> <span class='ocrx_word' id='word_1_131' title='bbox 784 1671 950 1739; x_wconf 75' lang='lat' dir='ltr'><strong>erepit</strong></span> <span class='ocrx_word' id='word_1_132' title='bbox 997 1686 1121 1741; x_wconf 61' lang='lat' dir='ltr'><strong>qua</strong></span> <span class='ocrx_word' id='word_1_133' title='bbox 1163 1681 1343 1726; x_wconf 77' lang='lat' dir='ltr'><strong>essent</strong></span> <span class='ocrx_word' id='word_1_134' title='bbox 1373 1672 1536 1737; x_wconf 91' lang='lat' dir='ltr'><strong>bona,</strong></span> <span class='ocrx_word' id='word_1_135' title='bbox 1568 1676 1624 1724; x_wconf 92' lang='lat' dir='ltr'><strong>et</strong></span> 
     </span>
    </p>
   </div>
   <div class='ocr_carea' id='block_1_18' title="bbox 58 1763 1621 1836">
    <p class='ocr_par' dir='ltr' id='par_1_18' title="bbox 58 1763 1621 1836">
     <span class='ocr_line' id='line_1_18' title="bbox 58 1763 1621 1836; baseline -0.003 -17"><span class='ocrx_word' id='word_1_136' title='bbox 58 1769 327 1836; x_wconf 87' lang='lat' dir='ltr'><strong>prohibere</strong></span> <span class='ocrx_word' id='word_1_137' title='bbox 359 1783 391 1820; x_wconf 90' lang='lat' dir='ltr'><strong>a</strong></span> <span class='ocrx_word' id='word_1_138' title='bbox 427 1767 604 1822; x_wconf 90' lang='lat' dir='ltr'><strong>malis.</strong></span> <span class='ocrx_word' id='word_1_139' title='bbox 647 1765 771 1820; x_wconf 67' lang='lat' dir='ltr'><strong>llaec</strong></span> <span class='ocrx_word' id='word_1_140' title='bbox 796 1781 925 1836; x_wconf 92' lang='lat' dir='ltr'><strong>ergo</strong></span> <span class='ocrx_word' id='word_1_141' title='bbox 952 1765 1080 1819; x_wconf 92' lang='lat' dir='ltr'><strong>dum</strong></span> <span class='ocrx_word' id='word_1_142' title='bbox 1114 1764 1246 1820; x_wconf 89' lang='lat' dir='ltr'><strong>dicit</strong></span> <span class='ocrx_word' id='word_1_143' title='bbox 1273 1763 1410 1835; x_wconf 76' lang='lat'><strong>(93),</strong></span> <span class='ocrx_word' id='word_1_144' title='bbox 1461 1782 1480 1814; x_wconf 72' lang='grc' dir='ltr'><strong>ι</strong></span> <span class='ocrx_word' id='word_1_145' title='bbox 1515 1778 1621 1817; x_wconf 92' lang='lat' dir='ltr'><strong>non</strong></span> 
     </span>
    </p>
   </div>
   <div class='ocr_carea' id='block_1_19' title="bbox 1729 573 3308 642">
    <p class='ocr_par' dir='ltr' id='par_1_19' title="bbox 1729 573 3308 642">
     <span class='ocr_line' id='line_1_19' title="bbox 1729 573 3308 642; baseline 0.004 -16"><span class='ocrx_word' id='word_1_146' title='bbox 1729 573 1891 627; x_wconf 81' lang='lat' dir='ltr'><strong>vixit.</strong></span> <span class='ocrx_word' id='word_1_147' title='bbox 1917 573 2028 642; x_wconf 87' lang='lat' dir='ltr'><strong>Ego</strong></span> <span class='ocrx_word' id='word_1_148' title='bbox 2069 584 2248 627; x_wconf 87' lang='lat' dir='ltr'><strong>autern</strong></span> <span class='ocrx_word' id='word_1_149' title='bbox 2299 582 2548 628; x_wconf 90' lang='lat' dir='ltr'><strong>mortuus</strong></span> <span class='ocrx_word' id='word_1_150' title='bbox 2579 589 2742 636; x_wconf 88' lang='lat' dir='ltr'><strong>sum;</strong></span> <span class='ocrx_word' id='word_1_151' title='bbox 2787 583 2842 627; x_wconf 86' lang='lat' dir='ltr'><strong>et</strong></span> <span class='ocrx_word' id='word_1_152' title='bbox 2892 577 3173 630; x_wconf 87' lang='lat' dir='ltr'><strong>inventqu</strong></span> <span class='ocrx_word' id='word_1_153' title='bbox 3222 588 3308 632; x_wconf 87' lang='lat' dir='ltr'><strong>est</strong></span> 
     </span>
    </p>
   </div>
   <div class='ocr_carea' id='block_1_20' title="bbox 1729 664 3306 732">
    <p class='ocr_par' dir='ltr' id='par_1_20' title="bbox 1729 664 3306 732">
     <span class='ocr_line' id='line_1_20' title="bbox 1729 664 3306 732; baseline 0.004 -17"><span class='ocrx_word' id='word_1_154' title='bbox 1729 666 1860 720; x_wconf 91' lang='lat' dir='ltr'><strong>mihi</strong></span> <span class='ocrx_word' id='word_1_155' title='bbox 1908 665 2223 720; x_wconf 89' lang='lat' dir='ltr'><strong>mandatum</strong></span> <span class='ocrx_word' id='word_1_156' title='bbox 2246 706 2261 728; x_wconf 87' lang='lat'><strong>,</strong></span> <span class='ocrx_word' id='word_1_157' title='bbox 2291 666 2440 732; x_wconf 88' lang='lat' dir='ltr'><strong>quod</strong></span> <span class='ocrx_word' id='word_1_158' title='bbox 2471 675 2590 718; x_wconf 89' lang='lat' dir='ltr'><strong>erat</strong></span> <span class='ocrx_word' id='word_1_159' title='bbox 2621 664 2687 718; x_wconf 91' lang='lat' dir='ltr'><strong>ad</strong></span> <span class='ocrx_word' id='word_1_160' title='bbox 2719 666 2890 719; x_wconf 88' lang='lat' dir='ltr'><strong>vitam</strong></span> <span class='ocrx_word' id='word_1_161' title='bbox 2911 706 2927 731; x_wconf 89' lang='lat'><strong>,</strong></span> <span class='ocrx_word' id='word_1_162' title='bbox 2957 668 3058 722; x_wconf 88' lang='lat' dir='ltr'><strong>hoc</strong></span> <span class='ocrx_word' id='word_1_163' title='bbox 3088 682 3208 723; x_wconf 88' lang='lat' dir='ltr'><strong>esse</strong></span> <span class='ocrx_word' id='word_1_164' title='bbox 3238 671 3306 723; x_wconf 88' lang='lat' dir='ltr'><strong>ad</strong></span> 
     </span>
    </p>
   </div>
   <div class='ocr_carea' id='block_1_21' title="bbox 1729 755 3308 828">
    <p class='ocr_par' dir='ltr' id='par_1_21' title="bbox 1729 755 3308 828">
     <span class='ocr_line' id='line_1_21' title="bbox 1729 755 3308 828; baseline 0.003 -18"><span class='ocrx_word' id='word_1_165' title='bbox 1729 765 1960 811; x_wconf 90' lang='lat' dir='ltr'><strong>mortem</strong></span> <span class='ocrx_word' id='word_1_166' title='bbox 1985 755 2132 808; x_wconf 71' lang='lat'><strong>7&quot;&quot;.</strong></span> <span class='ocrx_word' id='word_1_167' title='bbox 2161 774 2180 806; x_wconf 69' lang='grc' dir='ltr'><strong><em>υ</em></strong></span> <span class='ocrx_word' id='word_1_168' title='bbox 2203 755 2279 809; x_wconf 88' lang='lat' dir='ltr'><strong>De</strong></span> <span class='ocrx_word' id='word_1_169' title='bbox 2303 757 2386 810; x_wconf 89' lang='lat' dir='ltr'><strong>his</strong></span> <span class='ocrx_word' id='word_1_170' title='bbox 2417 770 2555 825; x_wconf 88' lang='lat' dir='ltr'><strong>pene</strong></span> <span class='ocrx_word' id='word_1_171' title='bbox 2575 755 2828 810; x_wconf 89' lang='lat' dir='ltr'><strong>omnibus</strong></span> <span class='ocrx_word' id='word_1_172' title='bbox 2851 758 2964 827; x_wconf 86' lang='lat' dir='ltr'><strong>jam</strong></span> <span class='ocrx_word' id='word_1_173' title='bbox 2990 758 3041 810; x_wconf 90' lang='lat' dir='ltr'><strong>in</strong></span> <span class='ocrx_word' id='word_1_174' title='bbox 3067 762 3308 828; x_wconf 85' lang='lat' dir='ltr'><strong>superio-</strong></span> 
     </span>
    </p>
   </div>
   <div class='ocr_carea' id='block_1_22' title="bbox 1727 847 3308 919">
    <p class='ocr_par' dir='ltr' id='par_1_22' title="bbox 1727 847 3308 919">
     <span class='ocr_line' id='line_1_22' title="bbox 1727 847 3308 919; baseline 0.003 -18"><span class='ocrx_word' id='word_1_175' title='bbox 1727 847 1882 902; x_wconf 88' lang='lat' dir='ltr'><strong>ribus</strong></span> <span class='ocrx_word' id='word_1_176' title='bbox 1933 847 2090 918; x_wconf 90' lang='lat' dir='ltr'><strong>plene</strong></span> <span class='ocrx_word' id='word_1_177' title='bbox 2120 857 2410 902; x_wconf 90' lang='lat' dir='ltr'><strong>tractatum</strong></span> <span class='ocrx_word' id='word_1_178' title='bbox 2449 858 2574 914; x_wconf 90' lang='lat' dir='ltr'><strong>est;</strong></span> <span class='ocrx_word' id='word_1_179' title='bbox 2607 850 2748 904; x_wconf 89' lang='lat' dir='ltr'><strong>unde</strong></span> <span class='ocrx_word' id='word_1_180' title='bbox 2795 867 2862 903; x_wconf 88' lang='lat' dir='ltr'><strong>ne</strong></span> <span class='ocrx_word' id='word_1_181' title='bbox 2890 849 3081 904; x_wconf 90' lang='lat' dir='ltr'><strong>eadem</strong></span> <span class='ocrx_word' id='word_1_182' title='bbox 3110 851 3308 919; x_wconf 74' lang='lat' dir='ltr'><strong>saepius</strong></span> 
     </span>
    </p>
   </div>
   <div class='ocr_carea' id='block_1_23' title="bbox 1727 939 3306 1009">
    <p class='ocr_par' dir='ltr' id='par_1_23' title="bbox 1727 939 3306 1009">
     <span class='ocr_line' id='line_1_23' title="bbox 1727 939 3306 1009; baseline 0.002 -17"><span class='ocrx_word' id='word_1_183' title='bbox 1727 939 2088 1002; x_wconf 86' lang='lat' dir='ltr'><strong>revolvamus,</strong></span> <span class='ocrx_word' id='word_1_184' title='bbox 2119 939 2360 994; x_wconf 77' lang='lat' dir='ltr'><strong>breviter</strong></span> <span class='ocrx_word' id='word_1_185' title='bbox 2397 955 2524 1009; x_wconf 67' lang='lat' dir='ltr'><strong>quae</strong></span> <span class='ocrx_word' id='word_1_186' title='bbox 2563 941 2709 995; x_wconf 90' lang='lat' dir='ltr'><strong>dicta</strong></span> <span class='ocrx_word' id='word_1_187' title='bbox 2739 951 2862 995; x_wconf 90' lang='lat' dir='ltr'><strong>sunt</strong></span> <span class='ocrx_word' id='word_1_188' title='bbox 2894 940 2949 994; x_wconf 80' lang='lat' dir='ltr'><strong>ill</strong></span> <span class='ocrx_word' id='word_1_189' title='bbox 2987 942 3306 996; x_wconf 87' lang='lat' dir='ltr'><strong>memoriam</strong></span> 
     </span>
    </p>
   </div>
   <div class='ocr_carea' id='block_1_24' title="bbox 1728 1030 3304 1103">
    <p class='ocr_par' dir='ltr' id='par_1_24' title="bbox 1728 1030 3304 1103">
     <span class='ocr_line' id='line_1_24' title="bbox 1728 1030 3304 1103; baseline 0.001 -18"><span class='ocrx_word' id='word_1_190' title='bbox 1728 1032 2130 1093; x_wconf 88' lang='lat' dir='ltr'><strong>revocabimus.</strong></span> <span class='ocrx_word' id='word_1_191' title='bbox 2162 1030 2293 1085; x_wconf 89' lang='lat' dir='ltr'><strong>Sine</strong></span> <span class='ocrx_word' id='word_1_192' title='bbox 2325 1033 2446 1102; x_wconf 90' lang='lat' dir='ltr'><strong>lege</strong></span> <span class='ocrx_word' id='word_1_193' title='bbox 2490 1045 2672 1087; x_wconf 90' lang='lat' dir='ltr'><strong>autem</strong></span> <span class='ocrx_word' id='word_1_194' title='bbox 2711 1043 2994 1103; x_wconf 87' lang='lat' dir='ltr'><strong>peccaturrt</strong></span> <span class='ocrx_word' id='word_1_195' title='bbox 3036 1043 3304 1087; x_wconf 91' lang='lat' dir='ltr'><strong>mortuum</strong></span> 
     </span>
    </p>
   </div>
   <div class='ocr_carea' id='block_1_25' title="bbox 1726 1122 3309 1194">
    <p class='ocr_par' dir='ltr' id='par_1_25' title="bbox 1726 1122 3309 1194">
     <span class='ocr_line' id='line_1_25' title="bbox 1726 1122 3309 1194; baseline 0.002 -19"><span class='ocrx_word' id='word_1_196' title='bbox 1726 1137 1846 1177; x_wconf 88' lang='lat' dir='ltr'><strong>esse</strong></span> <span class='ocrx_word' id='word_1_197' title='bbox 1869 1122 1924 1176; x_wconf 92' lang='lat' dir='ltr'><strong>in</strong></span> <span class='ocrx_word' id='word_1_198' title='bbox 1957 1123 2136 1184; x_wconf 87' lang='lat' dir='ltr'><strong>nobis,</strong></span> <span class='ocrx_word' id='word_1_199' title='bbox 2168 1122 2272 1176; x_wconf 88' lang='lat' dir='ltr'><strong>hoc</strong></span> <span class='ocrx_word' id='word_1_200' title='bbox 2299 1133 2383 1178; x_wconf 87' lang='lat' dir='ltr'><strong>est</strong></span> <span class='ocrx_word' id='word_1_201' title='bbox 2433 1133 2727 1194; x_wconf 83' lang='lat' dir='ltr'><strong>antequam</strong></span> <span class='ocrx_word' id='word_1_202' title='bbox 2765 1139 2862 1193; x_wconf 92' lang='lat' dir='ltr'><strong>per</strong></span> <span class='ocrx_word' id='word_1_203' title='bbox 2896 1133 3109 1178; x_wconf 69' lang='lat' dir='ltr'><strong>aetatem</strong></span> <span class='ocrx_word' id='word_1_204' title='bbox 3142 1127 3309 1178; x_wconf 84' lang='lat' dir='ltr'><strong>ratio—</strong></span> 
     </span>
    </p>
   </div>
   <div class='ocr_carea' id='block_1_26' title="bbox 1726 1215 3303 1285">
    <p class='ocr_par' dir='ltr' id='par_1_26' title="bbox 1726 1215 3303 1285">
     <span class='ocr_line' id='line_1_26' title="bbox 1726 1215 3303 1285; baseline -0.002 -15"><span class='ocrx_word' id='word_1_205' title='bbox 1726 1215 1928 1270; x_wconf 89' lang='lat' dir='ltr'><strong>nabilis</strong></span> <span class='ocrx_word' id='word_1_206' title='bbox 1958 1215 2106 1269; x_wconf 91' lang='lat' dir='ltr'><strong>intra</strong></span> <span class='ocrx_word' id='word_1_207' title='bbox 2155 1230 2256 1270; x_wconf 92' lang='lat' dir='ltr'><strong>nos</strong></span> <span class='ocrx_word' id='word_1_208' title='bbox 2284 1230 2477 1270; x_wconf 90' lang='lat' dir='ltr'><strong>sensus</strong></span> <span class='ocrx_word' id='word_1_209' title='bbox 2501 1215 2744 1285; x_wconf 72' lang='lat' dir='ltr'><strong>vigeref&#39;,</strong></span> <span class='ocrx_word' id='word_1_210' title='bbox 2787 1215 3149 1279; x_wconf 87' lang='lat' dir='ltr'><strong>ostendimus,</strong></span> <span class='ocrx_word' id='word_1_211' title='bbox 3181 1230 3303 1268; x_wconf 85' lang='lat' dir='ltr'><strong>cum</strong></span> 
     </span>
    </p>
   </div>
   <div class='ocr_carea' id='block_1_27' title="bbox 1725 1307 3305 1378">
    <p class='ocr_par' dir='ltr' id='par_1_27' title="bbox 1725 1307 3305 1378">
     <span class='ocr_line' id='line_1_27' title="bbox 1725 1307 3305 1378; baseline -0.001 -18"><span class='ocrx_word' id='word_1_212' title='bbox 1725 1307 1889 1361; x_wconf 87' lang='lat' dir='ltr'><strong>etiam</strong></span> <span class='ocrx_word' id='word_1_213' title='bbox 1917 1307 2225 1375; x_wconf 91' lang='lat' dir='ltr'><strong>exemplum</strong></span> <span class='ocrx_word' id='word_1_214' title='bbox 2258 1307 2335 1378; x_wconf 91' lang='grc'>(1)</span> <span class='ocrx_word' id='word_1_215' title='bbox 2380 1309 2532 1376; x_wconf 84' lang='lat' dir='ltr'><strong>pueri</strong></span> <span class='ocrx_word' id='word_1_216' title='bbox 2579 1309 2939 1376; x_wconf 82' lang='lat' dir='ltr'><strong>percutientis</strong></span> <span class='ocrx_word' id='word_1_217' title='bbox 2968 1316 3173 1376; x_wconf 80' lang='lat' dir='ltr'><strong>patrem</strong></span> <span class='ocrx_word' id='word_1_218' title='bbox 3212 1319 3305 1359; x_wconf 88' lang='lat' dir='ltr'><strong>attt</strong></span> 
     </span>
    </p>
   </div>
   <div class='ocr_carea' id='block_1_28' title="bbox 1727 1399 3305 1468">
    <p class='ocr_par' dir='ltr' id='par_1_28' title="bbox 1727 1399 3305 1468">
     <span class='ocr_line' id='line_1_28' title="bbox 1727 1399 3305 1468; baseline -0.001 -16"><span class='ocrx_word' id='word_1_219' title='bbox 1727 1410 1979 1466; x_wconf 85' lang='lat' dir='ltr'><strong>matrem,</strong></span> <span class='ocrx_word' id='word_1_220' title='bbox 2007 1400 2092 1453; x_wconf 90' lang='lat' dir='ltr'><strong>vel</strong></span> <span class='ocrx_word' id='word_1_221' title='bbox 2123 1399 2497 1454; x_wconf 87' lang='lat' dir='ltr'><strong>maledicentis</strong></span> <span class='ocrx_word' id='word_1_222' title='bbox 2521 1401 2866 1455; x_wconf 82' lang='lat' dir='ltr'><strong>adduximus.</strong></span> <span class='ocrx_word' id='word_1_223' title='bbox 2897 1399 2951 1452; x_wconf 92' lang='lat' dir='ltr'><strong>In</strong></span> <span class='ocrx_word' id='word_1_224' title='bbox 2977 1413 3087 1468; x_wconf 88' lang='lat' dir='ltr'><strong>quo</strong></span> <span class='ocrx_word' id='word_1_225' title='bbox 3107 1415 3305 1453; x_wconf 87' lang='lat' dir='ltr'><strong>secun-</strong></span> 
     </span>
    </p>
   </div>
   <div class='ocr_carea' id='block_1_29' title="bbox 1727 1488 3304 1560">
    <p class='ocr_par' dir='ltr' id='par_1_29' title="bbox 1727 1488 3304 1560">
     <span class='ocr_line' id='line_1_29' title="bbox 1727 1488 3304 1560; baseline -0.001 -17"><span class='ocrx_word' id='word_1_226' title='bbox 1727 1490 1853 1543; x_wconf 90' lang='lat' dir='ltr'><strong>dum</strong></span> <span class='ocrx_word' id='word_1_227' title='bbox 1898 1490 2070 1560; x_wconf 88' lang='lat' dir='ltr'><strong>legem</strong></span> <span class='ocrx_word' id='word_1_228' title='bbox 2103 1490 2320 1559; x_wconf 84' lang='lat' dir='ltr'><strong>quidem</strong></span> <span class='ocrx_word' id='word_1_229' title='bbox 2367 1491 2743 1559; x_wconf 85' lang='lat' dir='ltr'><strong>prohibentem</strong></span> <span class='ocrx_word' id='word_1_230' title='bbox 2775 1491 2984 1559; x_wconf 81' lang='lat' dir='ltr'><strong>percuti</strong></span> <span class='ocrx_word' id='word_1_231' title='bbox 3020 1489 3099 1542; x_wconf 88' lang='lat' dir='ltr'><strong>vel</strong></span> <span class='ocrx_word' id='word_1_232' title='bbox 3134 1488 3304 1542; x_wconf 89' lang='lat' dir='ltr'><strong>male-</strong></span> 
     </span>
    </p>
   </div>
   <div class='ocr_carea' id='block_1_30' title="bbox 1725 1582 3298 1654">
    <p class='ocr_par' dir='ltr' id='par_1_30' title="bbox 1725 1582 3298 1654">
     <span class='ocr_line' id='line_1_30' title="bbox 1725 1582 3298 1654; baseline -0.001 -18"><span class='ocrx_word' id='word_1_233' title='bbox 1725 1582 1832 1638; x_wconf 90' lang='lat' dir='ltr'><strong>dici</strong></span> <span class='ocrx_word' id='word_1_234' title='bbox 1861 1594 2068 1652; x_wconf 82' lang='lat' dir='ltr'><strong>patrem</strong></span> <span class='ocrx_word' id='word_1_235' title='bbox 2099 1595 2194 1638; x_wconf 90' lang='lat' dir='ltr'><strong>aut</strong></span> <span class='ocrx_word' id='word_1_236' title='bbox 2221 1596 2448 1639; x_wconf 86' lang='lat' dir='ltr'><strong>matrem</strong></span> <span class='ocrx_word' id='word_1_237' title='bbox 2483 1585 2552 1650; x_wconf 83' lang='grc'><strong>⁷⁸,</strong></span> <span class='ocrx_word' id='word_1_238' title='bbox 2584 1594 2866 1654; x_wconf 86' lang='lat' dir='ltr'><strong>peccatum</strong></span> <span class='ocrx_word' id='word_1_239' title='bbox 2900 1582 3013 1636; x_wconf 84' lang='lat' dir='ltr'><strong>fieri</strong></span> <span class='ocrx_word' id='word_1_240' title='bbox 3047 1582 3298 1636; x_wconf 89' lang='lat' dir='ltr'><strong>videtur:</strong></span> 
     </span>
    </p>
   </div>
   <div class='ocr_carea' id='block_1_31' title="bbox 1725 1673 3300 1743">
    <p class='ocr_par' dir='ltr' id='par_1_31' title="bbox 1725 1673 3300 1743">
     <span class='ocr_line' id='line_1_31' title="bbox 1725 1673 3300 1743; baseline -0.003 -15"><span class='ocrx_word' id='word_1_241' title='bbox 1725 1673 1818 1728; x_wconf 82' lang='lat' dir='ltr'><strong>sed</strong></span> <span class='ocrx_word' id='word_1_242' title='bbox 1855 1674 1995 1729; x_wconf 84' lang='lat' dir='ltr'><strong>istud</strong></span> <span class='ocrx_word' id='word_1_243' title='bbox 2030 1687 2318 1743; x_wconf 86' lang='lat' dir='ltr'><strong>peccatqu</strong></span> <span class='ocrx_word' id='word_1_244' title='bbox 2348 1686 2622 1730; x_wconf 91' lang='lat' dir='ltr'><strong>mortuum</strong></span> <span class='ocrx_word' id='word_1_245' title='bbox 2661 1688 2782 1730; x_wconf 88' lang='lat' dir='ltr'><strong>esse</strong></span> <span class='ocrx_word' id='word_1_246' title='bbox 2806 1674 3030 1737; x_wconf 91' lang='lat' dir='ltr'><strong>dicitur,</strong></span> <span class='ocrx_word' id='word_1_247' title='bbox 3060 1674 3187 1742; x_wconf 87' lang='lat' dir='ltr'><strong>quia</strong></span> <span class='ocrx_word' id='word_1_248' title='bbox 3215 1673 3300 1726; x_wconf 81' lang='lat' dir='ltr'><strong>lex</strong></span> 
     </span>
    </p>
   </div>
   <div class='ocr_carea' id='block_1_32' title="bbox 1729 1764 3298 1837">
    <p class='ocr_par' dir='ltr' id='par_1_32' title="bbox 1729 1764 3298 1837">
     <span class='ocr_line' id='line_1_32' title="bbox 1729 1764 3298 1837; baseline -0.001 -19"><span class='ocrx_word' id='word_1_249' title='bbox 1729 1769 1966 1821; x_wconf 90' lang='lat' dir='ltr'><strong>nondum</strong></span> <span class='ocrx_word' id='word_1_250' title='bbox 1996 1767 2150 1822; x_wconf 86' lang='lat' dir='ltr'><strong>adest</strong></span> <span class='ocrx_word' id='word_1_251' title='bbox 2177 1766 2230 1822; x_wconf 89' lang='lat' dir='ltr'><strong>itt</strong></span> <span class='ocrx_word' id='word_1_252' title='bbox 2258 1782 2426 1837; x_wconf 90' lang='lat' dir='ltr'><strong>puero</strong></span> <span class='ocrx_word' id='word_1_253' title='bbox 2450 1806 2467 1830; x_wconf 91' lang='lat'><strong>,</strong></span> <span class='ocrx_word' id='word_1_254' title='bbox 2493 1782 2613 1836; x_wconf 74' lang='lat' dir='ltr'><strong>qua:</strong></span> <span class='ocrx_word' id='word_1_255' title='bbox 2639 1782 2762 1821; x_wconf 89' lang='lat' dir='ltr'><strong>eum</strong></span> <span class='ocrx_word' id='word_1_256' title='bbox 2809 1767 2998 1818; x_wconf 88' lang='lat' dir='ltr'><strong>doceat</strong></span> <span class='ocrx_word' id='word_1_257' title='bbox 3029 1766 3129 1818; x_wconf 91' lang='lat' dir='ltr'><strong>hoc</strong></span> <span class='ocrx_word' id='word_1_258' title='bbox 3155 1764 3298 1832; x_wconf 88' lang='lat' dir='ltr'><strong>quod</strong></span> 
     </span>
    </p>
   </div>
   <div class='ocr_carea' id='block_1_33' title="bbox 56 1829 3300 1926">
    <p class='ocr_par' dir='ltr' id='par_1_33' title="bbox 56 1829 3300 1926">
     <span class='ocr_line' id='line_1_33' title="bbox 56 1829 3300 1926; baseline -0.002 -17"><span class='ocrx_word' id='word_1_259' title='bbox 56 1829 425 1926; x_wconf 72' lang='lat' dir='ltr'><strong>concupisces,</strong></span> <span class='ocrx_word' id='word_1_260' title='bbox 464 1875 485 1908; x_wconf 75' lang='grc' dir='ltr'><strong>ι</strong></span> <span class='ocrx_word' id='word_1_261' title='bbox 524 1856 669 1925; x_wconf 81' lang='lat' dir='ltr'><strong>quod</strong></span> <span class='ocrx_word' id='word_1_262' title='bbox 702 1865 830 1908; x_wconf 90' lang='lat' dir='ltr'><strong>ante</strong></span> <span class='ocrx_word' id='word_1_263' title='bbox 860 1829 1262 1919; x_wconf 67' lang='lat' dir='ltr'><strong>nesciebamus,</strong></span> <span class='ocrx_word' id='word_1_264' title='bbox 1283 1829 1505 1922; x_wconf 35' lang='lat' dir='ltr'><strong>‘ab&#39;ipsa</strong></span> <span class='ocrx_word' id='word_1_265' title='bbox 1535 1852 1621 1906; x_wconf 91' lang='lat' dir='ltr'><strong>di-</strong></span> <span class='ocrx_word' id='word_1_266' title='bbox 1655 1829 1696 1887; x_wconf 77' lang='grc' dir='ltr'><strong>Β</strong></span> <span class='ocrx_word' id='word_1_267' title='bbox 1726 1855 1876 1921; x_wconf 87' lang='lat' dir='ltr'><strong>facit,</strong></span> <span class='ocrx_word' id='word_1_268' title='bbox 1904 1857 2022 1912; x_wconf 84' lang='lat' dir='ltr'><strong>fieri</strong></span> <span class='ocrx_word' id='word_1_269' title='bbox 2055 1872 2159 1911; x_wconf 92' lang='lat' dir='ltr'><strong>non</strong></span> <span class='ocrx_word' id='word_1_270' title='bbox 2189 1829 2375 1911; x_wconf 70' lang='lat' dir='ltr'><strong>licere.</strong></span> <span class='ocrx_word' id='word_1_271' title='bbox 2405 1829 2535 1911; x_wconf 75' lang='lat' dir='ltr'><strong>Sine</strong></span> <span class='ocrx_word' id='word_1_272' title='bbox 2567 1857 2666 1909; x_wconf 88' lang='lat' dir='ltr'><strong>hac</strong></span> <span class='ocrx_word' id='word_1_273' title='bbox 2699 1865 2881 1909; x_wconf 87' lang='lat' dir='ltr'><strong>autem</strong></span> <span class='ocrx_word' id='word_1_274' title='bbox 2924 1853 3038 1922; x_wconf 83' lang='lat' dir='ltr'><strong>lege</strong></span> <span class='ocrx_word' id='word_1_275' title='bbox 3071 1862 3126 1905; x_wconf 89' lang='lat' dir='ltr'><strong>et</strong></span> <span class='ocrx_word' id='word_1_276' title='bbox 3154 1829 3300 1904; x_wconf 85' lang='lat' dir='ltr'><strong>Part—</strong></span> 
     </span>
    </p>
   </div>
   <div class='ocr_carea' id='block_1_34' title="bbox 57 1945 1621 2016">
    <p class='ocr_par' dir='ltr' id='par_1_34' title="bbox 57 1945 1621 2016">
     <span class='ocr_line' id='line_1_34' title="bbox 57 1945 1621 2016; baseline -0.001 -14"><span class='ocrx_word' id='word_1_277' title='bbox 57 1950 261 2004; x_wconf 82' lang='lat' dir='ltr'><strong>dicintus</strong></span> <span class='ocrx_word' id='word_1_278' title='bbox 291 1949 500 2004; x_wconf 89' lang='lat' dir='ltr'><strong>malam</strong></span> <span class='ocrx_word' id='word_1_279' title='bbox 534 1964 658 2006; x_wconf 86' lang='lat' dir='ltr'><strong>esse</strong></span> <span class='ocrx_word' id='word_1_280' title='bbox 701 1945 1216 2016; x_wconf 89' lang='lat' dir='ltr'><strong>concupiscentiam.</strong></span> <span class='ocrx_word' id='word_1_281' title='bbox 1264 1964 1283 1998; x_wconf 84' lang='lat' dir='ltr'><strong>r</strong></span> <span class='ocrx_word' id='word_1_282' title='bbox 1324 1945 1621 2002; x_wconf 82' lang='lat' dir='ltr'><strong>Occasione</strong></span> 
     </span>
    </p>
   </div>
   <div class='ocr_carea' id='block_1_35' title="bbox 55 2040 1618 2110">
    <p class='ocr_par' dir='ltr' id='par_1_35' title="bbox 55 2040 1618 2110">
     <span class='ocr_line' id='line_1_35' title="bbox 55 2040 1618 2110; baseline -0.003 -18"><span class='ocrx_word' id='word_1_283' title='bbox 55 2051 206 2094; x_wconf 84' lang='lat' dir='ltr'><strong>autem</strong></span> <span class='ocrx_word' id='word_1_284' title='bbox 240 2053 504 2110; x_wconf 76' lang='lat' dir='ltr'><strong>accepta,</strong></span> <span class='ocrx_word' id='word_1_285' title='bbox 536 2049 814 2109; x_wconf 89' lang='lat' dir='ltr'><strong>peccatum</strong></span> <span class='ocrx_word' id='word_1_286' title='bbox 857 2054 954 2109; x_wconf 90' lang='lat' dir='ltr'><strong>per</strong></span> <span class='ocrx_word' id='word_1_287' title='bbox 988 2040 1302 2092; x_wconf 84' lang='lat' dir='ltr'><strong>mandatum</strong></span> <span class='ocrx_word' id='word_1_288' title='bbox 1335 2047 1618 2106; x_wconf 88' lang='lat' dir='ltr'><strong>operatnrn</strong></span> 
     </span>
    </p>
   </div>
   <div class='ocr_carea' id='block_1_36' title="bbox 55 2129 1624 2203">
    <p class='ocr_par' dir='ltr' id='par_1_36' title="bbox 55 2129 1624 2203">
     <span class='ocr_line' id='line_1_36' title="bbox 55 2129 1624 2203; baseline -0.003 -13"><span class='ocrx_word' id='word_1_289' title='bbox 55 2146 121 2190; x_wconf 87' lang='lat' dir='ltr'><strong>est</strong></span> <span class='ocrx_word' id='word_1_290' title='bbox 159 2135 211 2189; x_wconf 91' lang='lat' dir='ltr'><strong>in</strong></span> <span class='ocrx_word' id='word_1_291' title='bbox 263 2151 358 2190; x_wconf 90' lang='lat' dir='ltr'><strong>me</strong></span> <span class='ocrx_word' id='word_1_292' title='bbox 405 2149 624 2189; x_wconf 90' lang='lat' dir='ltr'><strong>omnem</strong></span> <span class='ocrx_word' id='word_1_293' title='bbox 667 2134 1186 2203; x_wconf 89' lang='lat' dir='ltr'><strong>concupiscentiam.</strong></span> <span class='ocrx_word' id='word_1_294' title='bbox 1233 2150 1252 2184; x_wconf 76' lang='grc' dir='ltr'><strong>ι</strong></span> <span class='ocrx_word' id='word_1_295' title='bbox 1293 2130 1406 2185; x_wconf 88' lang='lat' dir='ltr'><strong>Lex</strong></span> <span class='ocrx_word' id='word_1_296' title='bbox 1437 2129 1524 2184; x_wconf 90' lang='lat' dir='ltr'><strong>illa</strong></span> <span class='ocrx_word' id='word_1_297' title='bbox 1556 2131 1624 2185; x_wconf 87' lang='lat' dir='ltr'><strong>de</strong></span> 
     </span>
    </p>
   </div>
   <div class='ocr_carea' id='block_1_37' title="bbox 55 2222 1622 2297">
    <p class='ocr_par' dir='ltr' id='par_1_37' title="bbox 55 2222 1622 2297">
     <span class='ocr_line' id='line_1_37' title="bbox 55 2222 1622 2297; baseline -0.002 -18"><span class='ocrx_word' id='word_1_298' title='bbox 55 2243 141 2294; x_wconf 86' lang='lat' dir='ltr'><strong>qua</strong></span> <span class='ocrx_word' id='word_1_299' title='bbox 171 2229 342 2292; x_wconf 88' lang='lat' dir='ltr'><strong>dicit,</strong></span> <span class='ocrx_word' id='word_1_300' title='bbox 373 2229 505 2297; x_wconf 89' lang='lat' dir='ltr'><strong>quia</strong></span> <span class='ocrx_word' id='word_1_301' title='bbox 537 2245 558 2280; x_wconf 75' lang='grc' dir='ltr'><strong>ι</strong></span> <span class='ocrx_word' id='word_1_302' title='bbox 598 2226 1098 2296; x_wconf 87' lang='lat' dir='ltr'><strong>concupiscentiam</strong></span> <span class='ocrx_word' id='word_1_303' title='bbox 1143 2225 1482 2289; x_wconf 88' lang='lat' dir='ltr'><strong>nesciebam,</strong></span> <span class='ocrx_word' id='word_1_304' title='bbox 1518 2222 1622 2277; x_wconf 93' lang='lat' dir='ltr'><strong>nisi</strong></span> 
     </span>
    </p>
   </div>
   <div class='ocr_carea' id='block_1_38' title="bbox 57 2316 1622 2388">
    <p class='ocr_par' dir='ltr' id='par_1_38' title="bbox 57 2316 1622 2388">
     <span class='ocr_line' id='line_1_38' title="bbox 57 2316 1622 2388; baseline -0.002 -15"><span class='ocrx_word' id='word_1_305' title='bbox 57 2322 121 2375; x_wconf 84' lang='lat' dir='ltr'><strong>lex</strong></span> <span class='ocrx_word' id='word_1_306' title='bbox 145 2323 356 2376; x_wconf 89' lang='lat' dir='ltr'><strong>diceret</strong></span> <span class='ocrx_word' id='word_1_307' title='bbox 387 2340 403 2374; x_wconf 90' lang='lat'><strong>:</strong></span> <span class='ocrx_word' id='word_1_308' title='bbox 440 2319 559 2375; x_wconf 81' lang='lat' dir='ltr'><strong>Non</strong></span> <span class='ocrx_word' id='word_1_309' title='bbox 591 2319 965 2388; x_wconf 90' lang='lat' dir='ltr'><strong>concupisces,</strong></span> <span class='ocrx_word' id='word_1_310' title='bbox 999 2337 1020 2369; x_wconf 74' lang='grc' dir='ltr'><strong>ι</strong></span> <span class='ocrx_word' id='word_1_311' title='bbox 1057 2317 1171 2386; x_wconf 87' lang='lat' dir='ltr'><strong>ipsa</strong></span> <span class='ocrx_word' id='word_1_312' title='bbox 1199 2316 1362 2370; x_wconf 90' lang='lat' dir='ltr'><strong>etiam</strong></span> <span class='ocrx_word' id='word_1_313' title='bbox 1394 2317 1622 2370; x_wconf 84' lang='lat' dir='ltr'><strong>manda-</strong></span> 
     </span>
    </p>
   </div>
   <div class='ocr_carea' id='block_1_39' title="bbox 56 2407 1624 2482">
    <p class='ocr_par' dir='ltr' id='par_1_39' title="bbox 56 2407 1624 2482">
     <span class='ocr_line' id='line_1_39' title="bbox 56 2407 1624 2482; baseline -0.001 -18"><span class='ocrx_word' id='word_1_314' title='bbox 56 2422 145 2467; x_wconf 86' lang='lat' dir='ltr'><strong>Iunt</strong></span> <span class='ocrx_word' id='word_1_315' title='bbox 186 2413 522 2482; x_wconf 84' lang='lat' dir='ltr'><strong>appellatur.</strong></span> <span class='ocrx_word' id='word_1_316' title='bbox 549 2413 640 2466; x_wconf 79' lang='lat' dir='ltr'><strong>Ait</strong></span> <span class='ocrx_word' id='word_1_317' title='bbox 675 2427 806 2480; x_wconf 85' lang='lat' dir='ltr'><strong>ergo</strong></span> <span class='ocrx_word' id='word_1_318' title='bbox 841 2411 968 2480; x_wconf 90' lang='lat' dir='ltr'><strong>quia</strong></span> <span class='ocrx_word' id='word_1_319' title='bbox 1000 2410 1292 2465; x_wconf 85' lang='lat' dir='ltr'><strong>occasione</strong></span> <span class='ocrx_word' id='word_1_320' title='bbox 1321 2407 1433 2480; x_wconf 67' lang='lat'><strong>(94)</strong></span> <span class='ocrx_word' id='word_1_321' title='bbox 1465 2425 1624 2463; x_wconf 85' lang='lat' dir='ltr'><strong>man-</strong></span> 
     </span>
    </p>
   </div>
   <div class='ocr_carea' id='block_1_40' title="bbox 54 2502 1620 2571">
    <p class='ocr_par' dir='ltr' id='par_1_40' title="bbox 54 2502 1620 2571">
     <span class='ocr_line' id='line_1_40' title="bbox 54 2502 1620 2571; baseline -0.001 -14"><span class='ocrx_word' id='word_1_322' title='bbox 54 2505 140 2557; x_wconf 78' lang='lat' dir='ltr'><strong>dati</strong></span> <span class='ocrx_word' id='word_1_323' title='bbox 173 2505 342 2571; x_wconf 85' lang='lat' dir='ltr'><strong>hujus</strong></span> <span class='ocrx_word' id='word_1_324' title='bbox 367 2518 482 2571; x_wconf 88' lang='lat' dir='ltr'><strong>quo</strong></span> <span class='ocrx_word' id='word_1_325' title='bbox 512 2502 895 2571; x_wconf 85' lang='lat' dir='ltr'><strong>concupiscere</strong></span> <span class='ocrx_word' id='word_1_326' title='bbox 927 2502 1302 2570; x_wconf 84' lang='lat' dir='ltr'><strong>prohibemur,</strong></span> <span class='ocrx_word' id='word_1_327' title='bbox 1331 2511 1620 2569; x_wconf 88' lang='lat' dir='ltr'><strong>peccatum</strong></span> 
     </span>
    </p>
   </div>
   <div class='ocr_carea' id='block_1_41' title="bbox 54 2593 1622 2666">
    <p class='ocr_par' dir='ltr' id='par_1_41' title="bbox 54 2593 1622 2666">
     <span class='ocr_line' id='line_1_41' title="bbox 54 2593 1622 2666; baseline 0 -20"><span class='ocrx_word' id='word_1_328' title='bbox 54 2597 422 2650; x_wconf 81' lang='lat' dir='ltr'><strong>vehementius</strong></span> <span class='ocrx_word' id='word_1_329' title='bbox 448 2595 560 2666; x_wconf 77' lang='lat'><strong>(95)</strong></span> <span class='ocrx_word' id='word_1_330' title='bbox 588 2595 794 2648; x_wconf 76' lang='lat' dir='ltr'><strong>exarsit</strong></span> <span class='ocrx_word' id='word_1_331' title='bbox 817 2595 867 2647; x_wconf 92' lang='lat' dir='ltr'><strong>in</strong></span> <span class='ocrx_word' id='word_1_332' title='bbox 897 2593 1070 2657; x_wconf 90' lang='lat' dir='ltr'><strong>nobis,</strong></span> <span class='ocrx_word' id='word_1_333' title='bbox 1100 2602 1150 2648; x_wconf 91' lang='lat' dir='ltr'><strong>et</strong></span> <span class='ocrx_word' id='word_1_334' title='bbox 1183 2608 1398 2648; x_wconf 90' lang='lat' dir='ltr'><strong>omnem</strong></span> <span class='ocrx_word' id='word_1_335' title='bbox 1430 2608 1622 2661; x_wconf 87' lang='lat' dir='ltr'><strong>opera-</strong></span> 
     </span>
    </p>
   </div>
   <div class='ocr_carea' id='block_1_42' title="bbox 54 2683 1619 2757">
    <p class='ocr_par' dir='ltr' id='par_1_42' title="bbox 54 2683 1619 2757">
     <span class='ocr_line' id='line_1_42' title="bbox 54 2683 1619 2757; baseline -0.001 -16"><span class='ocrx_word' id='word_1_336' title='bbox 54 2699 147 2742; x_wconf 91' lang='lat' dir='ltr'><strong>tum</strong></span> <span class='ocrx_word' id='word_1_337' title='bbox 168 2699 251 2744; x_wconf 87' lang='lat' dir='ltr'><strong>est</strong></span> <span class='ocrx_word' id='word_1_338' title='bbox 279 2690 336 2743; x_wconf 88' lang='lat' dir='ltr'><strong>in</strong></span> <span class='ocrx_word' id='word_1_339' title='bbox 363 2689 528 2742; x_wconf 91' lang='lat' dir='ltr'><strong>nobis</strong></span> <span class='ocrx_word' id='word_1_340' title='bbox 548 2687 1070 2757; x_wconf 87' lang='lat' dir='ltr'><strong>concupiscentiam.</strong></span> <span class='ocrx_word' id='word_1_341' title='bbox 1089 2685 1146 2741; x_wconf 92' lang='lat' dir='ltr'><strong>ln</strong></span> <span class='ocrx_word' id='word_1_342' title='bbox 1164 2701 1230 2740; x_wconf 92' lang='lat' dir='ltr'><strong>eo</strong></span> <span class='ocrx_word' id='word_1_343' title='bbox 1252 2700 1484 2756; x_wconf 85' lang='lat' dir='ltr'><strong>namque</strong></span> <span class='ocrx_word' id='word_1_344' title='bbox 1507 2683 1619 2756; x_wconf 86' lang='lat'><strong>(96)</strong></span> 
     </span>
    </p>
   </div>
   <div class='ocr_carea' id='block_1_43' title="bbox 54 2777 1618 2850">
    <p class='ocr_par' dir='ltr' id='par_1_43' title="bbox 54 2777 1618 2850">
     <span class='ocr_line' id='line_1_43' title="bbox 54 2777 1618 2850; baseline -0.001 -16"><span class='ocrx_word' id='word_1_345' title='bbox 54 2782 96 2834; x_wconf 90' lang='lat' dir='ltr'><strong>in</strong></span> <span class='ocrx_word' id='word_1_346' title='bbox 123 2797 226 2850; x_wconf 88' lang='lat' dir='ltr'><strong>quo</strong></span> <span class='ocrx_word' id='word_1_347' title='bbox 253 2781 607 2850; x_wconf 87' lang='lat' dir='ltr'><strong>concupiscit</strong></span> <span class='ocrx_word' id='word_1_348' title='bbox 638 2793 767 2834; x_wconf 89' lang='lat' dir='ltr'><strong>caro</strong></span> <span class='ocrx_word' id='word_1_349' title='bbox 816 2780 1080 2834; x_wconf 89' lang='lat' dir='ltr'><strong>adversus</strong></span> <span class='ocrx_word' id='word_1_350' title='bbox 1124 2778 1398 2849; x_wconf 85' lang='lat' dir='ltr'><strong>spiritum,</strong></span> <span class='ocrx_word' id='word_1_351' title='bbox 1433 2777 1487 2832; x_wconf 92' lang='lat' dir='ltr'><strong>id</strong></span> <span class='ocrx_word' id='word_1_352' title='bbox 1515 2786 1618 2842; x_wconf 87' lang='lat' dir='ltr'><strong>est,</strong></span> 
     </span>
    </p>
   </div>
   <div class='ocr_carea' id='block_1_44' title="bbox 52 2870 1616 2942">
    <p class='ocr_par' dir='ltr' id='par_1_44' title="bbox 52 2870 1616 2942">
     <span class='ocr_line' id='line_1_44' title="bbox 52 2870 1616 2942; baseline -0.002 -17"><span class='ocrx_word' id='word_1_353' title='bbox 52 2873 299 2929; x_wconf 77' lang='lat' dir='ltr'><strong>adversus</strong></span> <span class='ocrx_word' id='word_1_354' title='bbox 349 2873 527 2942; x_wconf 92' lang='lat' dir='ltr'><strong>legem</strong></span> <span class='ocrx_word' id='word_1_355' title='bbox 583 2886 702 2941; x_wconf 70' lang='lat' dir='ltr'><strong>qua:</strong></span> <span class='ocrx_word' id='word_1_356' title='bbox 752 2870 918 2933; x_wconf 88' lang='lat' dir='ltr'><strong>dicit,</strong></span> <span class='ocrx_word' id='word_1_357' title='bbox 959 2889 978 2923; x_wconf 88' lang='lat' dir='ltr'><strong>r</strong></span> <span class='ocrx_word' id='word_1_358' title='bbox 1016 2886 1122 2925; x_wconf 92' lang='lat' dir='ltr'><strong>non</strong></span> <span class='ocrx_word' id='word_1_359' title='bbox 1169 2871 1558 2938; x_wconf 87' lang='lat' dir='ltr'><strong>concupisces,</strong></span> <span class='ocrx_word' id='word_1_360' title='bbox 1596 2887 1616 2921; x_wconf 72' lang='grc' dir='ltr'><strong>ι</strong></span> 
     </span>
    </p>
   </div>
   <div class='ocr_carea' id='block_1_45' title="bbox 51 2965 1621 3033">
    <p class='ocr_par' dir='ltr' id='par_1_45' title="bbox 51 2965 1621 3033">
     <span class='ocr_line' id='line_1_45' title="bbox 51 2965 1621 3033; baseline -0.001 -15"><span class='ocrx_word' id='word_1_361' title='bbox 51 2969 192 3022; x_wconf 85' lang='lat' dir='ltr'><strong>etiam</strong></span> <span class='ocrx_word' id='word_1_362' title='bbox 225 2969 569 3024; x_wconf 87' lang='lat' dir='ltr'><strong>adversatur</strong></span> <span class='ocrx_word' id='word_1_363' title='bbox 602 2966 674 3031; x_wconf 90' lang='lat' dir='ltr'><strong>ei,</strong></span> <span class='ocrx_word' id='word_1_364' title='bbox 704 2974 757 3020; x_wconf 91' lang='lat' dir='ltr'><strong>et</strong></span> <span class='ocrx_word' id='word_1_365' title='bbox 789 2974 1070 3018; x_wconf 90' lang='lat' dir='ltr'><strong>certamen</strong></span> <span class='ocrx_word' id='word_1_366' title='bbox 1097 2965 1499 3033; x_wconf 88' lang='lat' dir='ltr'><strong>quodarurnodo</strong></span> <span class='ocrx_word' id='word_1_367' title='bbox 1523 2978 1621 3032; x_wconf 87' lang='lat' dir='ltr'><strong>ge-</strong></span> 
     </span>
    </p>
   </div>
   <div class='ocr_carea' id='block_1_46' title="bbox 50 3053 1618 3126">
    <p class='ocr_par' dir='ltr' id='par_1_46' title="bbox 50 3053 1618 3126">
     <span class='ocr_line' id='line_1_46' title="bbox 50 3053 1618 3126; baseline -0.001 -16"><span class='ocrx_word' id='word_1_368' title='bbox 50 3061 138 3124; x_wconf 88' lang='lat' dir='ltr'><strong>rit,</strong></span> <span class='ocrx_word' id='word_1_369' title='bbox 177 3070 236 3116; x_wconf 90' lang='lat' dir='ltr'><strong>ut</strong></span> <span class='ocrx_word' id='word_1_370' title='bbox 270 3075 388 3114; x_wconf 86' lang='lat' dir='ltr'><strong>non</strong></span> <span class='ocrx_word' id='word_1_371' title='bbox 443 3059 617 3114; x_wconf 87' lang='lat' dir='ltr'><strong>solum</strong></span> <span class='ocrx_word' id='word_1_372' title='bbox 647 3057 1106 3124; x_wconf 75' lang='lat' dir='ltr'><strong>concupiscentia:</strong></span> <span class='ocrx_word' id='word_1_373' title='bbox 1151 3054 1453 3109; x_wconf 80' lang='lat' dir='ltr'><strong>satisfaciat</strong></span> <span class='ocrx_word' id='word_1_374' title='bbox 1482 3053 1618 3126; x_wconf 86' lang='lat'><strong>(97),</strong></span> 
     </span>
    </p>
   </div>
   <div class='ocr_carea' id='block_1_47' title="bbox 49 3148 1690 3228">
    <p class='ocr_par' dir='ltr' id='par_1_47' title="bbox 49 3148 1690 3228">
     <span class='ocr_line' id='line_1_47' title="bbox 49 3148 1690 3228; baseline -0.002 -23"><span class='ocrx_word' id='word_1_375' title='bbox 49 3155 127 3205; x_wconf 86' lang='lat' dir='ltr'><strong>sed</strong></span> <span class='ocrx_word' id='word_1_376' title='bbox 147 3155 317 3208; x_wconf 87' lang='lat' dir='ltr'><strong>etiam</strong></span> <span class='ocrx_word' id='word_1_377' title='bbox 352 3151 734 3206; x_wconf 86' lang='lat' dir='ltr'><strong>adversarium</strong></span> <span class='ocrx_word' id='word_1_378' title='bbox 756 3150 958 3204; x_wconf 88' lang='lat' dir='ltr'><strong>vincat.</strong></span> <span class='ocrx_word' id='word_1_379' title='bbox 991 3148 1116 3204; x_wconf 56' lang='lat' dir='ltr'><strong>Haec</strong></span> <span class='ocrx_word' id='word_1_380' title='bbox 1136 3158 1222 3202; x_wconf 85' lang='lat' dir='ltr'><strong>est</strong></span> <span class='ocrx_word' id='word_1_381' title='bbox 1250 3164 1381 3216; x_wconf 79' lang='lat' dir='ltr'><strong>ergo</strong></span> <span class='ocrx_word' id='word_1_382' title='bbox 1406 3149 1620 3204; x_wconf 89' lang='lat' dir='ltr'><strong>occasio</strong></span> <span class='ocrx_word' id='word_1_383' title='bbox 1648 3171 1690 3228; x_wconf 70' lang='grc' dir='ltr'><strong>ρ</strong></span> 
     </span>
    </p>
   </div>
   <div class='ocr_carea' id='block_1_48' title="bbox 49 3236 1618 3306">
    <p class='ocr_par' dir='ltr' id='par_1_48' title="bbox 49 3236 1618 3306">
     <span class='ocr_line' id='line_1_48' title="bbox 49 3236 1618 3306; baseline 0 -14"><span class='ocrx_word' id='word_1_384' title='bbox 49 3253 193 3306; x_wconf 88' lang='lat' dir='ltr'><strong>quam</strong></span> <span class='ocrx_word' id='word_1_385' title='bbox 228 3239 366 3297; x_wconf 91' lang='lat' dir='ltr'><strong>dicit</strong></span> <span class='ocrx_word' id='word_1_386' title='bbox 394 3239 586 3293; x_wconf 90' lang='lat' dir='ltr'><strong>venire</strong></span> <span class='ocrx_word' id='word_1_387' title='bbox 620 3253 689 3294; x_wconf 92' lang='lat' dir='ltr'><strong>ex</strong></span> <span class='ocrx_word' id='word_1_388' title='bbox 719 3243 996 3293; x_wconf 89' lang='lat' dir='ltr'><strong>mandato.</strong></span> <span class='ocrx_word' id='word_1_389' title='bbox 1041 3236 1239 3294; x_wconf 85' lang='lat' dir='ltr'><strong>Nescio</strong></span> <span class='ocrx_word' id='word_1_390' title='bbox 1280 3253 1388 3306; x_wconf 92' lang='lat' dir='ltr'><strong>quo</strong></span> <span class='ocrx_word' id='word_1_391' title='bbox 1415 3239 1618 3293; x_wconf 89' lang='lat' dir='ltr'><strong>etenim</strong></span> 
     </span>
    </p>
   </div>
   <div class='ocr_carea' id='block_1_49' title="bbox 49 3331 1618 3401">
    <p class='ocr_par' dir='ltr' id='par_1_49' title="bbox 49 3331 1618 3401">
     <span class='ocr_line' id='line_1_49' title="bbox 49 3331 1618 3401; baseline 0 -15"><span class='ocrx_word' id='word_1_392' title='bbox 49 3344 189 3401; x_wconf 78' lang='lat' dir='ltr'><strong>pacto</strong></span> <span class='ocrx_word' id='word_1_393' title='bbox 221 3348 288 3388; x_wconf 87' lang='lat' dir='ltr'><strong>ea</strong></span> <span class='ocrx_word' id='word_1_394' title='bbox 319 3347 448 3401; x_wconf 71' lang='lat' dir='ltr'><strong>qua:</strong></span> <span class='ocrx_word' id='word_1_395' title='bbox 476 3331 832 3400; x_wconf 89' lang='lat' dir='ltr'><strong>prohibentur</strong></span> <span class='ocrx_word' id='word_1_396' title='bbox 881 3331 1159 3384; x_wconf 88' lang='lat' dir='ltr'><strong>ardentius</strong></span> <span class='ocrx_word' id='word_1_397' title='bbox 1202 3331 1618 3394; x_wconf 82' lang='lat' dir='ltr'><strong>desiderantur;</strong></span> 
     </span>
    </p>
   </div>
   <div class='ocr_carea' id='block_1_50' title="bbox 47 3421 1621 3491">
    <p class='ocr_par' dir='ltr' id='par_1_50' title="bbox 47 3421 1621 3491">
     <span class='ocr_line' id='line_1_50' title="bbox 47 3421 1621 3491; baseline -0.003 -11"><span class='ocrx_word' id='word_1_398' title='bbox 47 3437 91 3480; x_wconf 66' lang='lat' dir='ltr'><strong>et</strong></span> <span class='ocrx_word' id='word_1_399' title='bbox 109 3427 226 3480; x_wconf 73' lang='lat' dir='ltr'><strong>Ideo</strong></span> <span class='ocrx_word' id='word_1_400' title='bbox 248 3441 380 3481; x_wconf 92' lang='lat' dir='ltr'><strong>cum</strong></span> <span class='ocrx_word' id='word_1_401' title='bbox 408 3422 725 3480; x_wconf 89' lang='lat' dir='ltr'><strong>mandatum</strong></span> <span class='ocrx_word' id='word_1_402' title='bbox 750 3433 1020 3489; x_wconf 88' lang='lat' dir='ltr'><strong>sanctum,</strong></span> <span class='ocrx_word' id='word_1_403' title='bbox 1046 3433 1098 3478; x_wconf 91' lang='lat' dir='ltr'><strong>et</strong></span> <span class='ocrx_word' id='word_1_404' title='bbox 1113 3421 1317 3491; x_wconf 85' lang='lat' dir='ltr'><strong>justum</strong></span> <span class='ocrx_word' id='word_1_405' title='bbox 1343 3434 1398 3478; x_wconf 90' lang='lat' dir='ltr'><strong>et</strong></span> <span class='ocrx_word' id='word_1_406' title='bbox 1422 3423 1621 3479; x_wconf 90' lang='lat' dir='ltr'><strong>bonum</strong></span> 
     </span>
    </p>
   </div>
   <div class='ocr_carea' id='block_1_51' title="bbox 48 3513 1620 3588">
    <p class='ocr_par' dir='ltr' id='par_1_51' title="bbox 48 3513 1620 3588">
     <span class='ocr_line' id='line_1_51' title="bbox 48 3513 1620 3588; baseline -0.001 -18"><span class='ocrx_word' id='word_1_407' title='bbox 48 3519 107 3570; x_wconf 91' lang='lat' dir='ltr'><strong>sit</strong></span> <span class='ocrx_word' id='word_1_408' title='bbox 131 3517 294 3588; x_wconf 84' lang='lat' dir='ltr'><strong>(quod</strong></span> <span class='ocrx_word' id='word_1_409' title='bbox 323 3518 476 3570; x_wconf 89' lang='lat' dir='ltr'><strong>enim</strong></span> <span class='ocrx_word' id='word_1_410' title='bbox 512 3513 761 3582; x_wconf 88' lang='lat' dir='ltr'><strong>prohibet</strong></span> <span class='ocrx_word' id='word_1_411' title='bbox 792 3517 989 3566; x_wconf 91' lang='lat' dir='ltr'><strong>maluru</strong></span> <span class='ocrx_word' id='word_1_412' title='bbox 1012 3554 1027 3577; x_wconf 87' lang='lat'><strong>,</strong></span> <span class='ocrx_word' id='word_1_413' title='bbox 1071 3515 1382 3569; x_wconf 84' lang='lat' dir='ltr'><strong>necessario</strong></span> <span class='ocrx_word' id='word_1_414' title='bbox 1419 3515 1620 3569; x_wconf 89' lang='lat' dir='ltr'><strong>bonum</strong></span> 
     </span>
    </p>
   </div>
   <div class='ocr_carea' id='block_1_52' title="bbox 47 3603 1618 3678">
    <p class='ocr_par' dir='ltr' id='par_1_52' title="bbox 47 3603 1618 3678">
     <span class='ocr_line' id='line_1_52' title="bbox 47 3603 1618 3678; baseline -0.004 -16"><span class='ocrx_word' id='word_1_415' title='bbox 47 3610 158 3678; x_wconf 86' lang='lat' dir='ltr'><strong>est),</strong></span> <span class='ocrx_word' id='word_1_416' title='bbox 191 3610 323 3662; x_wconf 89' lang='lat' dir='ltr'><strong>dum</strong></span> <span class='ocrx_word' id='word_1_417' title='bbox 362 3605 706 3675; x_wconf 87' lang='lat' dir='ltr'><strong>prohibendo</strong></span> <span class='ocrx_word' id='word_1_418' title='bbox 749 3603 1246 3677; x_wconf 79' lang='lat' dir='ltr'><strong>concupiscentiam</strong></span> <span class='ocrx_word' id='word_1_419' title='bbox 1281 3604 1454 3673; x_wconf 85' lang='lat' dir='ltr'><strong>magis</strong></span> <span class='ocrx_word' id='word_1_420' title='bbox 1499 3619 1618 3656; x_wconf 89' lang='lat' dir='ltr'><strong>eam</strong></span> 
     </span>
    </p>
   </div>
   <div class='ocr_carea' id='block_1_53' title="bbox 49 3694 1620 3766">
    <p class='ocr_par' dir='ltr' id='par_1_53' title="bbox 49 3694 1620 3766">
     <span class='ocr_line' id='line_1_53' title="bbox 49 3694 1620 3766; baseline -0.001 -16"><span class='ocrx_word' id='word_1_421' title='bbox 49 3709 292 3766; x_wconf 81' lang='lat' dir='ltr'><strong>provocat</strong></span> <span class='ocrx_word' id='word_1_422' title='bbox 325 3709 388 3752; x_wconf 89' lang='lat' dir='ltr'><strong>et</strong></span> <span class='ocrx_word' id='word_1_423' title='bbox 432 3695 770 3762; x_wconf 81' lang='lat' dir='ltr'><strong>inﬂammat,</strong></span> <span class='ocrx_word' id='word_1_424' title='bbox 798 3709 899 3764; x_wconf 87' lang='lat' dir='ltr'><strong>per</strong></span> <span class='ocrx_word' id='word_1_425' title='bbox 926 3694 1129 3748; x_wconf 90' lang='lat' dir='ltr'><strong>bonum</strong></span> <span class='ocrx_word' id='word_1_426' title='bbox 1163 3695 1294 3748; x_wconf 87' lang='lat' dir='ltr'><strong>mihi</strong></span> <span class='ocrx_word' id='word_1_427' title='bbox 1337 3707 1620 3764; x_wconf 81' lang='lat' dir='ltr'><strong>Oper-attint</strong></span> 
     </span>
    </p>
   </div>
   <div class='ocr_carea' id='block_1_54' title="bbox 47 3785 1621 3854">
    <p class='ocr_par' dir='ltr' id='par_1_54' title="bbox 47 3785 1621 3854">
     <span class='ocr_line' id='line_1_54' title="bbox 47 3785 1621 3854; baseline -0.002 -11"><span class='ocrx_word' id='word_1_428' title='bbox 47 3804 118 3843; x_wconf 83' lang='lat' dir='ltr'><strong>est</strong></span> <span class='ocrx_word' id='word_1_429' title='bbox 147 3799 403 3846; x_wconf 86' lang='lat' dir='ltr'><strong>mortem.</strong></span> <span class='ocrx_word' id='word_1_430' title='bbox 439 3787 650 3842; x_wconf 90' lang='lat' dir='ltr'><strong>lndicat</strong></span> <span class='ocrx_word' id='word_1_431' title='bbox 700 3795 881 3841; x_wconf 88' lang='lat' dir='ltr'><strong>tamen</strong></span> <span class='ocrx_word' id='word_1_432' title='bbox 916 3786 1203 3854; x_wconf 81' lang='lat' dir='ltr'><strong>Apostolus</strong></span> <span class='ocrx_word' id='word_1_433' title='bbox 1238 3785 1290 3840; x_wconf 93' lang='lat' dir='ltr'><strong>in</strong></span> <span class='ocrx_word' id='word_1_434' title='bbox 1344 3786 1450 3847; x_wconf 83' lang='lat' dir='ltr'><strong>his,</strong></span> <span class='ocrx_word' id='word_1_435' title='bbox 1480 3787 1621 3854; x_wconf 84' lang='lat' dir='ltr'><strong>quod</strong></span> 
     </span>
    </p>
   </div>
   <div class='ocr_carea' id='block_1_55' title="bbox 50 3878 1622 3951">
    <p class='ocr_par' dir='ltr' id='par_1_55' title="bbox 50 3878 1622 3951">
     <span class='ocr_line' id='line_1_55' title="bbox 50 3878 1622 3951; baseline 0.003 -21"><span class='ocrx_word' id='word_1_436' title='bbox 50 3883 190 3951; x_wconf 82' lang='lat' dir='ltr'><strong>origo</strong></span> <span class='ocrx_word' id='word_1_437' title='bbox 221 3880 439 3951; x_wconf 86' lang='lat' dir='ltr'><strong>peccati</strong></span> <span class='ocrx_word' id='word_1_438' title='bbox 483 3895 551 3934; x_wconf 88' lang='lat' dir='ltr'><strong>ex</strong></span> <span class='ocrx_word' id='word_1_439' title='bbox 584 3878 1029 3946; x_wconf 87' lang='lat' dir='ltr'><strong>concupiscentia</strong></span> <span class='ocrx_word' id='word_1_440' title='bbox 1055 3888 1174 3932; x_wconf 92' lang='lat' dir='ltr'><strong>orta</strong></span> <span class='ocrx_word' id='word_1_441' title='bbox 1206 3879 1299 3945; x_wconf 88' lang='lat' dir='ltr'><strong>sit,</strong></span> <span class='ocrx_word' id='word_1_442' title='bbox 1333 3879 1460 3932; x_wconf 91' lang='lat' dir='ltr'><strong>dum</strong></span> <span class='ocrx_word' id='word_1_443' title='bbox 1494 3895 1622 3948; x_wconf 83' lang='lat' dir='ltr'><strong>pro-</strong></span> 
     </span>
    </p>
   </div>
   <div class='ocr_carea' id='block_1_56' title="bbox 49 3968 1623 4044">
    <p class='ocr_par' dir='ltr' id='par_1_56' title="bbox 49 3968 1623 4044">
     <span class='ocr_line' id='line_1_56' title="bbox 49 3968 1623 4044; baseline 0 -20"><span class='ocrx_word' id='word_1_444' title='bbox 49 3973 254 4028; x_wconf 82' lang='lat' dir='ltr'><strong>liihente</strong></span> <span class='ocrx_word' id='word_1_445' title='bbox 275 3973 394 4044; x_wconf 82' lang='lat'><strong>(98)</strong></span> <span class='ocrx_word' id='word_1_446' title='bbox 431 3973 548 4042; x_wconf 88' lang='lat' dir='ltr'><strong>lege</strong></span> <span class='ocrx_word' id='word_1_447' title='bbox 579 3972 694 4026; x_wconf 84' lang='lat' dir='ltr'><strong>sive</strong></span> <span class='ocrx_word' id='word_1_448' title='bbox 720 3971 908 4042; x_wconf 82' lang='lat' dir='ltr'><strong>Moysi.</strong></span> <span class='ocrx_word' id='word_1_449' title='bbox 936 3986 1056 4038; x_wconf 68' lang='lat' dir='ltr'><strong>quae</strong></span> <span class='ocrx_word' id='word_1_450' title='bbox 1081 3972 1212 4026; x_wconf 90' lang='lat' dir='ltr'><strong>dicit</strong></span> <span class='ocrx_word' id='word_1_451' title='bbox 1238 3989 1252 4026; x_wconf 90' lang='lat'><strong>:</strong></span> <span class='ocrx_word' id='word_1_452' title='bbox 1288 3989 1306 4022; x_wconf 86' lang='grc'><strong><em>‹</em></strong></span> <span class='ocrx_word' id='word_1_453' title='bbox 1343 3968 1458 4025; x_wconf 83' lang='lat' dir='ltr'><strong>Non</strong></span> <span class='ocrx_word' id='word_1_454' title='bbox 1492 3986 1623 4026; x_wconf 89' lang='lat' dir='ltr'><strong>con-</strong></span> 
     </span>
    </p>
   </div>
   <div class='ocr_carea' id='block_1_57' title="bbox 49 4064 1625 4134">
    <p class='ocr_par' dir='ltr' id='par_1_57' title="bbox 49 4064 1625 4134">
     <span class='ocr_line' id='line_1_57' title="bbox 49 4064 1625 4134; baseline -0.002 -17"><span class='ocrx_word' id='word_1_455' title='bbox 49 4066 286 4134; x_wconf 86' lang='lat' dir='ltr'><strong>cupisces</strong></span> <span class='ocrx_word' id='word_1_456' title='bbox 310 4066 380 4129; x_wconf 88' lang='grc'><strong>⁷³,</strong></span> <span class='ocrx_word' id='word_1_457' title='bbox 428 4083 448 4116; x_wconf 73' lang='grc' dir='ltr'><strong>ι</strong></span> <span class='ocrx_word' id='word_1_458' title='bbox 480 4064 599 4119; x_wconf 90' lang='lat' dir='ltr'><strong>sive</strong></span> <span class='ocrx_word' id='word_1_459' title='bbox 625 4064 815 4128; x_wconf 90' lang='lat' dir='ltr'><strong>etiam,</strong></span> <span class='ocrx_word' id='word_1_460' title='bbox 850 4072 911 4116; x_wconf 92' lang='lat' dir='ltr'><strong>ut</strong></span> <span class='ocrx_word' id='word_1_461' title='bbox 934 4079 1095 4130; x_wconf 91' lang='lat' dir='ltr'><strong>supra</strong></span> <span class='ocrx_word' id='word_1_462' title='bbox 1123 4064 1494 4132; x_wconf 87' lang='lat' dir='ltr'><strong>exposuimus,</strong></span> <span class='ocrx_word' id='word_1_463' title='bbox 1527 4081 1625 4116; x_wconf 86' lang='lat' dir='ltr'><strong>tta-</strong></span> 
     </span>
    </p>
   </div>
   <div class='ocr_carea' id='block_1_58' title="bbox 50 4159 1619 4228">
    <p class='ocr_par' dir='ltr' id='par_1_58' title="bbox 50 4159 1619 4228">
     <span class='ocr_line' id='line_1_58' title="bbox 50 4159 1619 4228; baseline 0.001 -18"><span class='ocrx_word' id='word_1_464' title='bbox 50 4162 222 4224; x_wconf 86' lang='lat' dir='ltr'><strong>turali,</strong></span> <span class='ocrx_word' id='word_1_465' title='bbox 247 4177 316 4215; x_wconf 90' lang='lat' dir='ltr'><strong>eo</strong></span> <span class='ocrx_word' id='word_1_466' title='bbox 351 4161 754 4216; x_wconf 88' lang='lat' dir='ltr'><strong>contentiosius</strong></span> <span class='ocrx_word' id='word_1_467' title='bbox 779 4159 928 4227; x_wconf 86' lang='lat' dir='ltr'><strong>quod</strong></span> <span class='ocrx_word' id='word_1_468' title='bbox 979 4159 1298 4228; x_wconf 79' lang='lat' dir='ltr'><strong>prohibetur</strong></span> <span class='ocrx_word' id='word_1_469' title='bbox 1325 4161 1619 4226; x_wconf 79' lang='lat' dir='ltr'><strong>expetitur.</strong></span> 
     </span>
    </p>
   </div>
   <div class='ocr_carea' id='block_1_59' title="bbox 50 4248 1619 4319">
    <p class='ocr_par' dir='ltr' id='par_1_59' title="bbox 50 4248 1619 4319">
     <span class='ocr_line' id='line_1_59' title="bbox 50 4248 1619 4319; baseline -0.001 -16"><span class='ocrx_word' id='word_1_470' title='bbox 50 4248 334 4308; x_wconf 83' lang='lat' dir='ltr'><strong>Sciendum</strong></span> <span class='ocrx_word' id='word_1_471' title='bbox 365 4265 504 4307; x_wconf 88' lang='lat' dir='ltr'><strong>sane</strong></span> <span class='ocrx_word' id='word_1_472' title='bbox 541 4259 625 4304; x_wconf 90' lang='lat' dir='ltr'><strong>est</strong></span> <span class='ocrx_word' id='word_1_473' title='bbox 646 4252 790 4319; x_wconf 90' lang='lat' dir='ltr'><strong>quod</strong></span> <span class='ocrx_word' id='word_1_474' title='bbox 823 4251 1269 4318; x_wconf 88' lang='lat' dir='ltr'><strong>concupiscentia</strong></span> <span class='ocrx_word' id='word_1_475' title='bbox 1313 4251 1405 4304; x_wconf 91' lang='lat' dir='ltr'><strong>hic</strong></span> <span class='ocrx_word' id='word_1_476' title='bbox 1438 4250 1619 4305; x_wconf 82' lang='lat' dir='ltr'><strong>cttlua-</strong></span> 
     </span>
    </p>
   </div>
   <div class='ocr_carea' id='block_1_60' title="bbox 49 4340 1624 4412">
    <p class='ocr_par' dir='ltr' id='par_1_60' title="bbox 49 4340 1624 4412">
     <span class='ocr_line' id='line_1_60' title="bbox 49 4340 1624 4412; baseline 0.004 -19"><span class='ocrx_word' id='word_1_477' title='bbox 49 4342 164 4396; x_wconf 86' lang='lat' dir='ltr'><strong>bilis</strong></span> <span class='ocrx_word' id='word_1_478' title='bbox 195 4345 440 4412; x_wconf 88' lang='lat' dir='ltr'><strong>ponitur.</strong></span> <span class='ocrx_word' id='word_1_479' title='bbox 475 4342 571 4397; x_wconf 88' lang='lat' dir='ltr'><strong>Est</strong></span> <span class='ocrx_word' id='word_1_480' title='bbox 601 4350 783 4396; x_wconf 89' lang='lat' dir='ltr'><strong>autem</strong></span> <span class='ocrx_word' id='word_1_481' title='bbox 813 4342 864 4394; x_wconf 88' lang='lat' dir='ltr'><strong>in</strong></span> <span class='ocrx_word' id='word_1_482' title='bbox 896 4340 1086 4395; x_wconf 89' lang='lat' dir='ltr'><strong>multis</strong></span> <span class='ocrx_word' id='word_1_483' title='bbox 1115 4350 1170 4395; x_wconf 79' lang='lat' dir='ltr'><strong>et</strong></span> <span class='ocrx_word' id='word_1_484' title='bbox 1201 4341 1507 4403; x_wconf 84' lang='lat' dir='ltr'><strong>laudabilis,</strong></span> <span class='ocrx_word' id='word_1_485' title='bbox 1524 4343 1624 4399; x_wconf 88' lang='lat' dir='ltr'><strong>sic-</strong></span> 
     </span>
    </p>
   </div>
   <div class='ocr_carea' id='block_1_61' title="bbox 49 4431 1624 4504">
    <p class='ocr_par' dir='ltr' id='par_1_61' title="bbox 49 4431 1624 4504">
     <span class='ocr_line' id='line_1_61' title="bbox 49 4431 1624 4504; baseline 0 -18"><span class='ocrx_word' id='word_1_486' title='bbox 49 4445 101 4487; x_wconf 89' lang='lat' dir='ltr'><strong>ut</strong></span> <span class='ocrx_word' id='word_1_487' title='bbox 157 4449 322 4504; x_wconf 87' lang='lat' dir='ltr'><strong>supra</strong></span> <span class='ocrx_word' id='word_1_488' title='bbox 402 4433 746 4488; x_wconf 89' lang='lat' dir='ltr'><strong>ostendimus</strong></span> <span class='ocrx_word' id='word_1_489' title='bbox 797 4431 928 4503; x_wconf 91' lang='lat'><strong>(99).</strong></span> <span class='ocrx_word' id='word_1_490' title='bbox 963 4453 982 4484; x_wconf 84' lang='lat' dir='ltr'><strong>r</strong></span> <span class='ocrx_word' id='word_1_491' title='bbox 1021 4433 1150 4488; x_wconf 88' lang='lat' dir='ltr'><strong>Sine</strong></span> <span class='ocrx_word' id='word_1_492' title='bbox 1183 4433 1298 4499; x_wconf 81' lang='lat' dir='ltr'><strong>lege</strong></span> <span class='ocrx_word' id='word_1_493' title='bbox 1327 4434 1473 4488; x_wconf 90' lang='lat' dir='ltr'><strong>enim</strong></span> <span class='ocrx_word' id='word_1_494' title='bbox 1499 4448 1624 4501; x_wconf 88' lang='lat' dir='ltr'><strong>pec-</strong></span> 
     </span>
    </p>
   </div>
   <div class='ocr_carea' id='block_1_62' title="bbox 1723 1944 3300 2016">
    <p class='ocr_par' dir='ltr' id='par_1_62' title="bbox 1723 1944 3300 2016">
     <span class='ocr_line' id='line_1_62' title="bbox 1723 1944 3300 2016; baseline -0.004 -14"><span class='ocrx_word' id='word_1_495' title='bbox 1723 1949 1831 2002; x_wconf 91' lang='lat' dir='ltr'><strong>ltttn</strong></span> <span class='ocrx_word' id='word_1_496' title='bbox 1855 1956 1911 2002; x_wconf 89' lang='lat' dir='ltr'><strong>et</strong></span> <span class='ocrx_word' id='word_1_497' title='bbox 1937 1963 2126 2002; x_wconf 88' lang='lat' dir='ltr'><strong>omnes</strong></span> <span class='ocrx_word' id='word_1_498' title='bbox 2151 1948 2402 2003; x_wconf 85' lang='lat' dir='ltr'><strong>homines</strong></span> <span class='ocrx_word' id='word_1_499' title='bbox 2420 1959 2627 2002; x_wconf 89' lang='lat' dir='ltr'><strong>certum</strong></span> <span class='ocrx_word' id='word_1_500' title='bbox 2651 1957 2734 2001; x_wconf 89' lang='lat' dir='ltr'><strong>est</strong></span> <span class='ocrx_word' id='word_1_501' title='bbox 2761 1948 3050 2016; x_wconf 76' lang='lat' dir='ltr'><strong>aliquando</strong></span> <span class='ocrx_word' id='word_1_502' title='bbox 3078 1944 3300 2006; x_wconf 85' lang='lat' dir='ltr'><strong>vixisse,</strong></span> 
     </span>
    </p>
   </div>
   <div class='ocr_carea' id='block_1_63' title="bbox 1725 2036 3304 2107">
    <p class='ocr_par' dir='ltr' id='par_1_63' title="bbox 1725 2036 3304 2107">
     <span class='ocr_line' id='line_1_63' title="bbox 1725 2036 3304 2107; baseline -0.004 -15"><span class='ocrx_word' id='word_1_503' title='bbox 1725 2040 1824 2094; x_wconf 84' lang='lat' dir='ltr'><strong>hoc</strong></span> <span class='ocrx_word' id='word_1_504' title='bbox 1859 2048 1947 2094; x_wconf 88' lang='lat' dir='ltr'><strong>est</strong></span> <span class='ocrx_word' id='word_1_505' title='bbox 1974 2039 2028 2094; x_wconf 94' lang='lat' dir='ltr'><strong>in</strong></span> <span class='ocrx_word' id='word_1_506' title='bbox 2059 2049 2221 2094; x_wconf 64' lang='lat' dir='ltr'><strong>aetate</strong></span> <span class='ocrx_word' id='word_1_507' title='bbox 2263 2038 2480 2107; x_wconf 84' lang='lat' dir='ltr'><strong>puerili.</strong></span> <span class='ocrx_word' id='word_1_508' title='bbox 2514 2036 2718 2094; x_wconf 87' lang='lat' dir='ltr'><strong>Omnes</strong></span> <span class='ocrx_word' id='word_1_509' title='bbox 2749 2039 2893 2092; x_wconf 90' lang='lat' dir='ltr'><strong>enim</strong></span> <span class='ocrx_word' id='word_1_510' title='bbox 2924 2037 3176 2091; x_wconf 89' lang='lat' dir='ltr'><strong>similiter</strong></span> <span class='ocrx_word' id='word_1_511' title='bbox 3205 2050 3304 2104; x_wconf 91' lang='lat' dir='ltr'><strong>per</strong></span> 
     </span>
    </p>
   </div>
   <div class='ocr_carea' id='block_1_64' title="bbox 1723 2127 3303 2198">
    <p class='ocr_par' dir='ltr' id='par_1_64' title="bbox 1723 2127 3303 2198">
     <span class='ocr_line' id='line_1_64' title="bbox 1723 2127 3303 2198; baseline -0.002 -16"><span class='ocrx_word' id='word_1_512' title='bbox 1723 2128 1854 2183; x_wconf 91' lang='lat' dir='ltr'><strong>illttd</strong></span> <span class='ocrx_word' id='word_1_513' title='bbox 1893 2139 2104 2198; x_wconf 86' lang='lat' dir='ltr'><strong>tempus</strong></span> <span class='ocrx_word' id='word_1_514' title='bbox 2139 2131 2376 2186; x_wconf 89' lang='lat' dir='ltr'><strong>nondum</strong></span> <span class='ocrx_word' id='word_1_515' title='bbox 2408 2144 2638 2198; x_wconf 88' lang='lat' dir='ltr'><strong>capaces</strong></span> <span class='ocrx_word' id='word_1_516' title='bbox 2685 2129 2845 2197; x_wconf 87' lang='lat' dir='ltr'><strong>hujus</strong></span> <span class='ocrx_word' id='word_1_517' title='bbox 2877 2128 3138 2182; x_wconf 90' lang='lat' dir='ltr'><strong>naturalis</strong></span> <span class='ocrx_word' id='word_1_518' title='bbox 3166 2127 3303 2195; x_wconf 87' lang='lat' dir='ltr'><strong>legis</strong></span> 
     </span>
    </p>
   </div>
   <div class='ocr_carea' id='block_1_65' title="bbox 1723 2218 3300 2290">
    <p class='ocr_par' dir='ltr' id='par_1_65' title="bbox 1723 2218 3300 2290">
     <span class='ocr_line' id='line_1_65' title="bbox 1723 2218 3300 2290; baseline -0.003 -16"><span class='ocrx_word' id='word_1_519' title='bbox 1723 2220 2019 2275; x_wconf 86' lang='lat' dir='ltr'><strong>exsistunt.</strong></span> <span class='ocrx_word' id='word_1_520' title='bbox 2049 2218 2184 2273; x_wconf 82' lang='lat' dir='ltr'><strong>Nam</strong></span> <span class='ocrx_word' id='word_1_521' title='bbox 2213 2222 2404 2290; x_wconf 90' lang='lat' dir='ltr'><strong>utique</strong></span> <span class='ocrx_word' id='word_1_522' title='bbox 2443 2237 2549 2274; x_wconf 91' lang='lat' dir='ltr'><strong>non</strong></span> <span class='ocrx_word' id='word_1_523' title='bbox 2595 2225 2872 2275; x_wconf 86' lang='lat' dir='ltr'><strong>videretur</strong></span> <span class='ocrx_word' id='word_1_524' title='bbox 2916 2223 2982 2274; x_wconf 86' lang='lat' dir='ltr'><strong>de</strong></span> <span class='ocrx_word' id='word_1_525' title='bbox 3013 2221 3118 2273; x_wconf 91' lang='lat' dir='ltr'><strong>hoc</strong></span> <span class='ocrx_word' id='word_1_526' title='bbox 3148 2218 3300 2271; x_wconf 85' lang='lat' dir='ltr'><strong>Pauli</strong></span> 
     </span>
    </p>
   </div>
   <div class='ocr_carea' id='block_1_66' title="bbox 1721 2310 3302 2382">
    <p class='ocr_par' dir='ltr' id='par_1_66' title="bbox 1721 2310 3302 2382">
     <span class='ocr_line' id='line_1_66' title="bbox 1721 2310 3302 2382; baseline 0.001 -19"><span class='ocrx_word' id='word_1_527' title='bbox 1721 2327 1850 2366; x_wconf 88' lang='lat' dir='ltr'><strong>vera</strong></span> <span class='ocrx_word' id='word_1_528' title='bbox 1881 2326 2003 2366; x_wconf 89' lang='lat' dir='ltr'><strong>esse</strong></span> <span class='ocrx_word' id='word_1_529' title='bbox 2029 2311 2319 2382; x_wconf 76' lang='lat' dir='ltr'><strong>professio.</strong></span> <span class='ocrx_word' id='word_1_530' title='bbox 2351 2311 2637 2379; x_wconf 86' lang='lat' dir='ltr'><strong>Quomodo</strong></span> <span class='ocrx_word' id='word_1_531' title='bbox 2662 2314 2809 2367; x_wconf 87' lang='lat' dir='ltr'><strong>enim</strong></span> <span class='ocrx_word' id='word_1_532' title='bbox 2840 2313 2960 2368; x_wconf 87' lang='lat' dir='ltr'><strong>sine</strong></span> <span class='ocrx_word' id='word_1_533' title='bbox 2983 2313 3098 2381; x_wconf 70' lang='lat' dir='ltr'><strong>lege</strong></span> <span class='ocrx_word' id='word_1_534' title='bbox 3133 2310 3302 2381; x_wconf 86' lang='lat' dir='ltr'><strong>Moysi</strong></span> 
     </span>
    </p>
   </div>
   <div class='ocr_carea' id='block_1_67' title="bbox 1724 2402 3301 2473">
    <p class='ocr_par' dir='ltr' id='par_1_67' title="bbox 1724 2402 3301 2473">
     <span class='ocr_line' id='line_1_67' title="bbox 1724 2402 3301 2473; baseline -0.003 -14"><span class='ocrx_word' id='word_1_535' title='bbox 1724 2404 2044 2473; x_wconf 85' lang='lat' dir='ltr'><strong>probabitur</strong></span> <span class='ocrx_word' id='word_1_536' title='bbox 2091 2402 2292 2458; x_wconf 87' lang='lat' dir='ltr'><strong>Paulus</strong></span> <span class='ocrx_word' id='word_1_537' title='bbox 2334 2404 2628 2473; x_wconf 88' lang='lat' dir='ltr'><strong>aliquando</strong></span> <span class='ocrx_word' id='word_1_538' title='bbox 2671 2404 2896 2467; x_wconf 79' lang='lat' dir='ltr'><strong>vixisse,</strong></span> <span class='ocrx_word' id='word_1_539' title='bbox 2939 2420 3063 2456; x_wconf 90' lang='lat' dir='ltr'><strong>cum</strong></span> <span class='ocrx_word' id='word_1_540' title='bbox 3096 2403 3209 2470; x_wconf 85' lang='lat' dir='ltr'><strong>ipse</strong></span> <span class='ocrx_word' id='word_1_541' title='bbox 3241 2418 3301 2456; x_wconf 89' lang='lat' dir='ltr'><strong>se</strong></span> 
     </span>
    </p>
   </div>
   <div class='ocr_carea' id='block_1_68' title="bbox 1722 2491 3303 2558">
    <p class='ocr_par' dir='ltr' id='par_1_68' title="bbox 1722 2491 3303 2558">
     <span class='ocr_line' id='line_1_68' title="bbox 1722 2491 3303 2558; baseline -0.003 -11"><span class='ocrx_word' id='word_1_542' title='bbox 1722 2492 2008 2547; x_wconf 64' lang='lat' dir='ltr'><strong>Hebrmum</strong></span> <span class='ocrx_word' id='word_1_543' title='bbox 2032 2508 2102 2548; x_wconf 88' lang='lat' dir='ltr'><strong>ex</strong></span> <span class='ocrx_word' id='word_1_544' title='bbox 2129 2493 2408 2558; x_wconf 67' lang='lat' dir='ltr'><strong>llcbrazis,</strong></span> <span class='ocrx_word' id='word_1_545' title='bbox 2441 2503 2496 2548; x_wconf 84' lang='lat' dir='ltr'><strong>et</strong></span> <span class='ocrx_word' id='word_1_546' title='bbox 2539 2502 2733 2548; x_wconf 85' lang='lat' dir='ltr'><strong>octava</strong></span> <span class='ocrx_word' id='word_1_547' title='bbox 2786 2494 2874 2548; x_wconf 80' lang='lat' dir='ltr'><strong>die</strong></span> <span class='ocrx_word' id='word_1_548' title='bbox 2919 2491 3303 2546; x_wconf 88' lang='lat' dir='ltr'><strong>circumcisum</strong></span> 
     </span>
    </p>
   </div>
   <div class='ocr_carea' id='block_1_69' title="bbox 1722 2584 3304 2656">
    <p class='ocr_par' dir='ltr' id='par_1_69' title="bbox 1722 2584 3304 2656">
     <span class='ocr_line' id='line_1_69' title="bbox 1722 2584 3304 2656; baseline -0.001 -16"><span class='ocrx_word' id='word_1_549' title='bbox 1722 2586 2020 2640; x_wconf 89' lang='lat' dir='ltr'><strong>secundum</strong></span> <span class='ocrx_word' id='word_1_550' title='bbox 2083 2587 2219 2656; x_wconf 85' lang='lat' dir='ltr'><strong>legis</strong></span> <span class='ocrx_word' id='word_1_551' title='bbox 2278 2598 2572 2655; x_wconf 70' lang='lat' dir='ltr'><strong>praecepta,</strong></span> <span class='ocrx_word' id='word_1_552' title='bbox 2632 2586 2976 2640; x_wconf 82' lang='lat' dir='ltr'><strong>fateatur&quot;?</strong></span> <span class='ocrx_word' id='word_1_553' title='bbox 3039 2584 3147 2641; x_wconf 80' lang='lat' dir='ltr'><strong>Sed</strong></span> <span class='ocrx_word' id='word_1_554' title='bbox 3200 2586 3304 2639; x_wconf 91' lang='lat' dir='ltr'><strong>hoc</strong></span> 
     </span>
    </p>
   </div>
   <div class='ocr_carea' id='block_1_70' title="bbox 1723 2678 3304 2748">
    <p class='ocr_par' dir='ltr' id='par_1_70' title="bbox 1723 2678 3304 2748">
     <span class='ocr_line' id='line_1_70' title="bbox 1723 2678 3304 2748; baseline -0.001 -17"><span class='ocrx_word' id='word_1_555' title='bbox 1723 2679 1882 2732; x_wconf 89' lang='lat' dir='ltr'><strong>modo</strong></span> <span class='ocrx_word' id='word_1_556' title='bbox 1911 2693 2018 2746; x_wconf 89' lang='lat' dir='ltr'><strong>quo</strong></span> <span class='ocrx_word' id='word_1_557' title='bbox 2045 2678 2317 2743; x_wconf 82' lang='lat' dir='ltr'><strong>diximus,</strong></span> <span class='ocrx_word' id='word_1_558' title='bbox 2364 2679 2483 2734; x_wconf 90' lang='lat' dir='ltr'><strong>sine</strong></span> <span class='ocrx_word' id='word_1_559' title='bbox 2523 2679 2642 2748; x_wconf 89' lang='lat' dir='ltr'><strong>lege</strong></span> <span class='ocrx_word' id='word_1_560' title='bbox 2683 2678 2915 2732; x_wconf 87' lang='lat' dir='ltr'><strong>naturali</strong></span> <span class='ocrx_word' id='word_1_561' title='bbox 2957 2678 3095 2731; x_wconf 85' lang='lat' dir='ltr'><strong>vixit</strong></span> <span class='ocrx_word' id='word_1_562' title='bbox 3141 2679 3304 2731; x_wconf 88' lang='lat' dir='ltr'><strong>etiarn</strong></span> 
     </span>
    </p>
   </div>
   <div class='ocr_carea' id='block_1_71' title="bbox 1723 2767 3303 2839">
    <p class='ocr_par' dir='ltr' id='par_1_71' title="bbox 1723 2767 3303 2839">
     <span class='ocr_line' id='line_1_71' title="bbox 1723 2767 3303 2839; baseline 0.001 -18"><span class='ocrx_word' id='word_1_563' title='bbox 1723 2767 1838 2835; x_wconf 88' lang='lat' dir='ltr'><strong>ipse</strong></span> <span class='ocrx_word' id='word_1_564' title='bbox 1880 2767 2173 2837; x_wconf 85' lang='lat' dir='ltr'><strong>aliquando</strong></span> <span class='ocrx_word' id='word_1_565' title='bbox 2220 2769 2272 2822; x_wconf 89' lang='lat' dir='ltr'><strong>in</strong></span> <span class='ocrx_word' id='word_1_566' title='bbox 2322 2769 2580 2839; x_wconf 86' lang='lat' dir='ltr'><strong>pueritia.</strong></span> <span class='ocrx_word' id='word_1_567' title='bbox 2634 2768 2752 2835; x_wconf 85' lang='lat' dir='ltr'><strong>Quo</strong></span> <span class='ocrx_word' id='word_1_568' title='bbox 2800 2770 2852 2823; x_wconf 91' lang='lat' dir='ltr'><strong>in</strong></span> <span class='ocrx_word' id='word_1_569' title='bbox 2905 2780 3151 2837; x_wconf 88' lang='lat' dir='ltr'><strong>tempore</strong></span> <span class='ocrx_word' id='word_1_570' title='bbox 3197 2784 3303 2822; x_wconf 83' lang='lat' dir='ltr'><strong>non</strong></span> 
     </span>
    </p>
   </div>
   <div class='ocr_carea' id='block_1_72' title="bbox 1721 2859 3303 2932">
    <p class='ocr_par' dir='ltr' id='par_1_72' title="bbox 1721 2859 3303 2932">
     <span class='ocr_line' id='line_1_72' title="bbox 1721 2859 3303 2932; baseline 0 -20"><span class='ocrx_word' id='word_1_571' title='bbox 1721 2859 1861 2914; x_wconf 90' lang='lat' dir='ltr'><strong>dixit</strong></span> <span class='ocrx_word' id='word_1_572' title='bbox 1897 2874 2004 2913; x_wconf 90' lang='lat' dir='ltr'><strong>non</strong></span> <span class='ocrx_word' id='word_1_573' title='bbox 2040 2859 2209 2914; x_wconf 87' lang='lat' dir='ltr'><strong>fuisse</strong></span> <span class='ocrx_word' id='word_1_574' title='bbox 2234 2861 2285 2914; x_wconf 93' lang='lat' dir='ltr'><strong>in</strong></span> <span class='ocrx_word' id='word_1_575' title='bbox 2312 2862 2532 2916; x_wconf 84' lang='lat' dir='ltr'><strong>homine</strong></span> <span class='ocrx_word' id='word_1_576' title='bbox 2560 2871 2864 2932; x_wconf 88' lang='lat' dir='ltr'><strong>peccatutn,</strong></span> <span class='ocrx_word' id='word_1_577' title='bbox 2897 2861 2990 2916; x_wconf 86' lang='lat' dir='ltr'><strong>sed</strong></span> <span class='ocrx_word' id='word_1_578' title='bbox 3026 2869 3303 2915; x_wconf 87' lang='lat' dir='ltr'><strong>mortuum</strong></span> 
     </span>
    </p>
   </div>
   <div class='ocr_carea' id='block_1_73' title="bbox 1723 2952 3306 3024">
    <p class='ocr_par' dir='ltr' id='par_1_73' title="bbox 1723 2952 3306 3024">
     <span class='ocr_line' id='line_1_73' title="bbox 1723 2952 3306 3024; baseline 0.001 -18"><span class='ocrx_word' id='word_1_579' title='bbox 1723 2952 1892 3008; x_wconf 83' lang='lat' dir='ltr'><strong>fuisse</strong></span> <span class='ocrx_word' id='word_1_580' title='bbox 1919 2992 1935 3016; x_wconf 86' lang='lat'><strong>,</strong></span> <span class='ocrx_word' id='word_1_581' title='bbox 1974 2963 2031 3008; x_wconf 90' lang='lat' dir='ltr'><strong>et</strong></span> <span class='ocrx_word' id='word_1_582' title='bbox 2084 2954 2349 3010; x_wconf 86' lang='lat' dir='ltr'><strong>revixisse</strong></span> <span class='ocrx_word' id='word_1_583' title='bbox 2383 2957 2725 3024; x_wconf 77' lang='lat' dir='ltr'><strong>postmodum</strong></span> <span class='ocrx_word' id='word_1_584' title='bbox 2765 2955 2852 3010; x_wconf 93' lang='lat' dir='ltr'><strong>ubi</strong></span> <span class='ocrx_word' id='word_1_585' title='bbox 2895 2955 2979 3010; x_wconf 87' lang='lat' dir='ltr'><strong>lex</strong></span> <span class='ocrx_word' id='word_1_586' title='bbox 3038 2954 3306 3008; x_wconf 86' lang='lat' dir='ltr'><strong>naturalis</strong></span> 
     </span>
    </p>
   </div>
   <div class='ocr_carea' id='block_1_74' title="bbox 1723 3046 3305 3118">
    <p class='ocr_par' dir='ltr' id='par_1_74' title="bbox 1723 3046 3305 3118">
     <span class='ocr_line' id='line_1_74' title="bbox 1723 3046 3305 3118; baseline 0 -18"><span class='ocrx_word' id='word_1_587' title='bbox 1723 3046 2025 3100; x_wconf 88' lang='lat' dir='ltr'><strong>adveniens</strong></span> <span class='ocrx_word' id='word_1_588' title='bbox 2065 3047 2359 3114; x_wconf 87' lang='lat' dir='ltr'><strong>prohibere</strong></span> <span class='ocrx_word' id='word_1_589' title='bbox 2397 3049 2900 3118; x_wconf 89' lang='lat' dir='ltr'><strong>concupiscentiam</strong></span> <span class='ocrx_word' id='word_1_590' title='bbox 2937 3047 3141 3114; x_wconf 82' lang='lat' dir='ltr'><strong>coepit:</strong></span> <span class='ocrx_word' id='word_1_591' title='bbox 3182 3062 3305 3116; x_wconf 81' lang='lat' dir='ltr'><strong>qua:</strong></span> 
     </span>
    </p>
   </div>
   <div class='ocr_carea' id='block_1_75' title="bbox 1725 3135 3302 3209">
    <p class='ocr_par' dir='ltr' id='par_1_75' title="bbox 1725 3135 3302 3209">
     <span class='ocr_line' id='line_1_75' title="bbox 1725 3135 3302 3209; baseline 0 -20"><span class='ocrx_word' id='word_1_592' title='bbox 1725 3135 1811 3190; x_wconf 85' lang='lat' dir='ltr'><strong>lex</strong></span> <span class='ocrx_word' id='word_1_593' title='bbox 1839 3136 2006 3194; x_wconf 84' lang='lat' dir='ltr'><strong>veluti</strong></span> <span class='ocrx_word' id='word_1_594' title='bbox 2033 3147 2306 3192; x_wconf 83' lang='lat' dir='ltr'><strong>utor-tuum</strong></span> <span class='ocrx_word' id='word_1_595' title='bbox 2329 3137 2617 3192; x_wconf 87' lang='lat' dir='ltr'><strong>suscitavit</strong></span> <span class='ocrx_word' id='word_1_596' title='bbox 2642 3147 2928 3208; x_wconf 86' lang='lat' dir='ltr'><strong>peccatum</strong></span> <span class='ocrx_word' id='word_1_597' title='bbox 2958 3137 3059 3209; x_wconf 75' lang='grc'>(2).</span> <span class='ocrx_word' id='word_1_598' title='bbox 3091 3136 3302 3192; x_wconf 87' lang='lat' dir='ltr'><strong>Peccati</strong></span> 
     </span>
    </p>
   </div>
   <div class='ocr_carea' id='block_1_76' title="bbox 1726 3230 3302 3300">
    <p class='ocr_par' dir='ltr' id='par_1_76' title="bbox 1726 3230 3302 3300">
     <span class='ocr_line' id='line_1_76' title="bbox 1726 3230 3302 3300; baseline 0 -18"><span class='ocrx_word' id='word_1_599' title='bbox 1726 3244 1960 3296; x_wconf 83' lang='lat' dir='ltr'><strong>namque</strong></span> <span class='ocrx_word' id='word_1_600' title='bbox 1991 3240 2183 3283; x_wconf 85' lang='lat' dir='ltr'><strong>natura</strong></span> <span class='ocrx_word' id='word_1_601' title='bbox 2218 3230 2333 3285; x_wconf 69' lang='lat' dir='ltr'><strong>ltrec</strong></span> <span class='ocrx_word' id='word_1_602' title='bbox 2359 3241 2465 3295; x_wconf 91' lang='lat' dir='ltr'><strong>est,</strong></span> <span class='ocrx_word' id='word_1_603' title='bbox 2499 3232 2543 3286; x_wconf 91' lang='lat' dir='ltr'><strong>si</strong></span> <span class='ocrx_word' id='word_1_604' title='bbox 2580 3236 2673 3284; x_wconf 85' lang='lat' dir='ltr'><strong>ttat</strong></span> <span class='ocrx_word' id='word_1_605' title='bbox 2703 3233 2845 3300; x_wconf 89' lang='lat' dir='ltr'><strong>quod</strong></span> <span class='ocrx_word' id='word_1_606' title='bbox 2873 3230 2957 3284; x_wconf 88' lang='lat' dir='ltr'><strong>lex</strong></span> <span class='ocrx_word' id='word_1_607' title='bbox 2995 3230 3106 3283; x_wconf 78' lang='lat' dir='ltr'><strong>fieri</strong></span> <span class='ocrx_word' id='word_1_608' title='bbox 3137 3239 3302 3282; x_wconf 90' lang='lat' dir='ltr'><strong>vetat.</strong></span> 
     </span>
    </p>
   </div>
   <div class='ocr_carea' id='block_1_77' title="bbox 1725 3319 3305 3392">
    <p class='ocr_par' dir='ltr' id='par_1_77' title="bbox 1725 3319 3305 3392">
     <span class='ocr_line' id='line_1_77' title="bbox 1725 3319 3305 3392; baseline 0.001 -19"><span class='ocrx_word' id='word_1_609' title='bbox 1725 3319 2106 3374; x_wconf 78' lang='lat' dir='ltr'><strong>Reviviscettte</strong></span> <span class='ocrx_word' id='word_1_610' title='bbox 2131 3336 2263 3389; x_wconf 79' lang='lat' dir='ltr'><strong>ergo</strong></span> <span class='ocrx_word' id='word_1_611' title='bbox 2293 3332 2551 3390; x_wconf 82' lang='lat' dir='ltr'><strong>peccato,</strong></span> <span class='ocrx_word' id='word_1_612' title='bbox 2589 3340 2609 3373; x_wconf 72' lang='grc' dir='ltr'><strong>ι</strong></span> <span class='ocrx_word' id='word_1_613' title='bbox 2652 3337 2788 3392; x_wconf 84' lang='lat' dir='ltr'><strong>ego,</strong></span> <span class='ocrx_word' id='word_1_614' title='bbox 2824 3322 3020 3390; x_wconf 85' lang='lat' dir='ltr'><strong>inquit,</strong></span> <span class='ocrx_word' id='word_1_615' title='bbox 3059 3333 3305 3374; x_wconf 81' lang='lat' dir='ltr'><strong>mortuos</strong></span> 
     </span>
    </p>
   </div>
   <div class='ocr_carea' id='block_1_78' title="bbox 1724 3413 3310 3483">
    <p class='ocr_par' dir='ltr' id='par_1_78' title="bbox 1724 3413 3310 3483">
     <span class='ocr_line' id='line_1_78' title="bbox 1724 3413 3310 3483; baseline -0.001 -15"><span class='ocrx_word' id='word_1_616' title='bbox 1724 3429 1844 3468; x_wconf 88' lang='lat' dir='ltr'><strong>sum</strong></span> <span class='ocrx_word' id='word_1_617' title='bbox 1875 3415 1942 3468; x_wconf 83' lang='grc'><strong>⁷⁸.</strong></span> <span class='ocrx_word' id='word_1_618' title='bbox 1975 3415 2105 3483; x_wconf 80' lang='lat' dir='ltr'><strong>Ego.</strong></span> <span class='ocrx_word' id='word_1_619' title='bbox 2140 3433 2161 3467; x_wconf 72' lang='grc' dir='ltr'><strong>ι</strong></span> <span class='ocrx_word' id='word_1_620' title='bbox 2197 3415 2366 3480; x_wconf 83' lang='lat' dir='ltr'><strong>Quis?</strong></span> <span class='ocrx_word' id='word_1_621' title='bbox 2387 3417 2583 3469; x_wconf 84' lang='lat' dir='ltr'><strong>Anima</strong></span> <span class='ocrx_word' id='word_1_622' title='bbox 2616 3421 2735 3469; x_wconf 88' lang='lat' dir='ltr'><strong>sine</strong></span> <span class='ocrx_word' id='word_1_623' title='bbox 2764 3416 2929 3469; x_wconf 88' lang='lat' dir='ltr'><strong>dubio</strong></span> <span class='ocrx_word' id='word_1_624' title='bbox 2957 3430 3076 3483; x_wconf 72' lang='lat' dir='ltr'><strong>quae</strong></span> <span class='ocrx_word' id='word_1_625' title='bbox 3101 3413 3310 3467; x_wconf 85' lang='lat' dir='ltr'><strong>fecerat</strong></span> 
     </span>
    </p>
   </div>
   <div class='ocr_carea' id='block_1_79' title="bbox 1725 3505 3307 3577">
    <p class='ocr_par' dir='ltr' id='par_1_79' title="bbox 1725 3505 3307 3577">
     <span class='ocr_line' id='line_1_79' title="bbox 1725 3505 3307 3577; baseline 0.003 -19"><span class='ocrx_word' id='word_1_626' title='bbox 1725 3505 1888 3577; x_wconf 75' lang='lat'><strong>583</strong></span> <span class='ocrx_word' id='word_1_627' title='bbox 1924 3509 2066 3576; x_wconf 87' lang='lat' dir='ltr'><strong>quod</strong></span> <span class='ocrx_word' id='word_1_628' title='bbox 2099 3506 2216 3562; x_wconf 83' lang='lat' dir='ltr'><strong>fieri</strong></span> <span class='ocrx_word' id='word_1_629' title='bbox 2249 3507 2336 3561; x_wconf 81' lang='lat' dir='ltr'><strong>lex</strong></span> <span class='ocrx_word' id='word_1_630' title='bbox 2364 3510 2582 3561; x_wconf 88' lang='lat' dir='ltr'><strong>vetabat</strong></span> <span class='ocrx_word' id='word_1_631' title='bbox 2615 3527 2628 3562; x_wconf 89' lang='lat'>:</span> <span class='ocrx_word' id='word_1_632' title='bbox 2667 3528 2685 3559; x_wconf 83' lang='lat' dir='ltr'><strong>r</strong></span> <span class='ocrx_word' id='word_1_633' title='bbox 2708 3509 2901 3562; x_wconf 80' lang='lat' dir='ltr'><strong>Anima</strong></span> <span class='ocrx_word' id='word_1_634' title='bbox 2923 3527 2942 3560; x_wconf 73' lang='grc' dir='ltr'><strong>ι</strong></span> <span class='ocrx_word' id='word_1_635' title='bbox 2975 3510 3117 3562; x_wconf 90' lang='lat' dir='ltr'><strong>enim</strong></span> <span class='ocrx_word' id='word_1_636' title='bbox 3155 3525 3307 3577; x_wconf 69' lang='lat' dir='ltr'><strong>«qua:</strong></span> 
     </span>
    </p>
   </div>
   <div class='ocr_carea' id='block_1_80' title="bbox 1725 3600 3302 3670">
    <p class='ocr_par' dir='ltr' id='par_1_80' title="bbox 1725 3600 3302 3670">
     <span class='ocr_line' id='line_1_80' title="bbox 1725 3600 3302 3670; baseline 0.001 -18"><span class='ocrx_word' id='word_1_637' title='bbox 1725 3611 1937 3666; x_wconf 83' lang='lat' dir='ltr'><strong>peccat,</strong></span> <span class='ocrx_word' id='word_1_638' title='bbox 1962 3618 1981 3650; x_wconf 75' lang='grc' dir='ltr'><strong>ι</strong></span> <span class='ocrx_word' id='word_1_639' title='bbox 2025 3609 2082 3652; x_wconf 92' lang='lat' dir='ltr'><strong>ut</strong></span> <span class='ocrx_word' id='word_1_640' title='bbox 2114 3600 2374 3670; x_wconf 88' lang='lat' dir='ltr'><strong>propheta</strong></span> <span class='ocrx_word' id='word_1_641' title='bbox 2414 3601 2548 3654; x_wconf 89' lang='lat' dir='ltr'><strong>dicit</strong></span> <span class='ocrx_word' id='word_1_642' title='bbox 2575 3601 2678 3670; x_wconf 79' lang='grc'>(5),</span> <span class='ocrx_word' id='word_1_643' title='bbox 2717 3619 2736 3652; x_wconf 81' lang='lat' dir='ltr'><strong>r</strong></span> <span class='ocrx_word' id='word_1_644' title='bbox 2765 3603 2879 3669; x_wconf 86' lang='lat' dir='ltr'><strong>ipsa</strong></span> <span class='ocrx_word' id='word_1_645' title='bbox 2917 3602 3180 3655; x_wconf 84' lang='lat' dir='ltr'><strong>morietur</strong></span> <span class='ocrx_word' id='word_1_646' title='bbox 3202 3601 3302 3654; x_wconf 76' lang='grc'><strong>⁷³.»</strong></span> 
     </span>
    </p>
   </div>
   <div class='ocr_carea' id='block_1_81' title="bbox 1726 3695 3309 3766">
    <p class='ocr_par' dir='ltr' id='par_1_81' title="bbox 1726 3695 3309 3766">
     <span class='ocr_line' id='line_1_81' title="bbox 1726 3695 3309 3766; baseline 0.003 -18"><span class='ocrx_word' id='word_1_647' title='bbox 1726 3695 2008 3750; x_wconf 88' lang='lat' dir='ltr'><strong>Inventum</strong></span> <span class='ocrx_word' id='word_1_648' title='bbox 2060 3709 2144 3751; x_wconf 88' lang='lat' dir='ltr'><strong>est</strong></span> <span class='ocrx_word' id='word_1_649' title='bbox 2195 3712 2326 3766; x_wconf 89' lang='lat' dir='ltr'><strong>ergo</strong></span> <span class='ocrx_word' id='word_1_650' title='bbox 2364 3701 2678 3750; x_wconf 88' lang='lat' dir='ltr'><strong>mandatum</strong></span> <span class='ocrx_word' id='word_1_651' title='bbox 2711 3699 2852 3765; x_wconf 90' lang='lat' dir='ltr'><strong>quod</strong></span> <span class='ocrx_word' id='word_1_652' title='bbox 2903 3698 3084 3752; x_wconf 90' lang='lat' dir='ltr'><strong>datum</strong></span> <span class='ocrx_word' id='word_1_653' title='bbox 3133 3697 3309 3752; x_wconf 87' lang='lat' dir='ltr'><strong>fuerat</strong></span> 
     </span>
    </p>
   </div>
   <div class='ocr_carea' id='block_1_82' title="bbox 1730 3787 3306 3856">
    <p class='ocr_par' dir='ltr' id='par_1_82' title="bbox 1730 3787 3306 3856">
     <span class='ocr_line' id='line_1_82' title="bbox 1730 3787 3306 3856; baseline 0.001 -17"><span class='ocrx_word' id='word_1_654' title='bbox 1730 3787 1796 3839; x_wconf 81' lang='lat' dir='ltr'><strong>ad</strong></span> <span class='ocrx_word' id='word_1_655' title='bbox 1847 3790 2038 3850; x_wconf 87' lang='lat' dir='ltr'><strong>vitam,</strong></span> <span class='ocrx_word' id='word_1_656' title='bbox 2091 3788 2289 3840; x_wconf 77' lang='lat' dir='ltr'><strong>anima:</strong></span> <span class='ocrx_word' id='word_1_657' title='bbox 2336 3787 2568 3850; x_wconf 78' lang='lat' dir='ltr'><strong>scilicet,</strong></span> <span class='ocrx_word' id='word_1_658' title='bbox 2627 3798 2685 3839; x_wconf 92' lang='lat' dir='ltr'><strong>ttt</strong></span> <span class='ocrx_word' id='word_1_659' title='bbox 2733 3804 2850 3840; x_wconf 85' lang='lat' dir='ltr'><strong>eam</strong></span> <span class='ocrx_word' id='word_1_660' title='bbox 2896 3789 3112 3842; x_wconf 83' lang='lat' dir='ltr'><strong>doceret</strong></span> <span class='ocrx_word' id='word_1_661' title='bbox 3142 3799 3306 3856; x_wconf 80' lang='lat' dir='ltr'><strong>opera</strong></span> 
     </span>
    </p>
   </div>
   <div class='ocr_carea' id='block_1_83' title="bbox 1726 3877 3307 3945">
    <p class='ocr_par' dir='ltr' id='par_1_83' title="bbox 1726 3877 3307 3945">
     <span class='ocr_line' id='line_1_83' title="bbox 1726 3877 3307 3945; baseline 0.002 -16"><span class='ocrx_word' id='word_1_662' title='bbox 1726 3877 2118 3938; x_wconf 70' lang='lat' dir='ltr'><strong>vitae,cessisse</strong></span> <span class='ocrx_word' id='word_1_663' title='bbox 2147 3878 2195 3932; x_wconf 93' lang='lat' dir='ltr'><strong>ei</strong></span> <span class='ocrx_word' id='word_1_664' title='bbox 2223 3879 2290 3932; x_wconf 90' lang='lat' dir='ltr'><strong>ad</strong></span> <span class='ocrx_word' id='word_1_665' title='bbox 2319 3889 2570 3941; x_wconf 85' lang='lat' dir='ltr'><strong>mortem,</strong></span> <span class='ocrx_word' id='word_1_666' title='bbox 2598 3879 2723 3930; x_wconf 89' lang='lat' dir='ltr'><strong>dum</strong></span> <span class='ocrx_word' id='word_1_667' title='bbox 2765 3879 3038 3945; x_wconf 85' lang='lat' dir='ltr'><strong>prohibita</strong></span> <span class='ocrx_word' id='word_1_668' title='bbox 3061 3895 3166 3932; x_wconf 91' lang='lat' dir='ltr'><strong>non</strong></span> <span class='ocrx_word' id='word_1_669' title='bbox 3198 3887 3307 3932; x_wconf 88' lang='lat' dir='ltr'><strong>tant</strong></span> 
     </span>
    </p>
   </div>
   <div class='ocr_carea' id='block_1_84' title="bbox 1727 3968 3307 4037">
    <p class='ocr_par' dir='ltr' id='par_1_84' title="bbox 1727 3968 3307 4037">
     <span class='ocr_line' id='line_1_84' title="bbox 1727 3968 3307 4037; baseline 0.001 -15"><span class='ocrx_word' id='word_1_670' title='bbox 1727 3968 1948 4037; x_wconf 85' lang='lat' dir='ltr'><strong>refugit,</strong></span> <span class='ocrx_word' id='word_1_671' title='bbox 1986 3983 2146 4037; x_wconf 88' lang='lat' dir='ltr'><strong>quam</strong></span> <span class='ocrx_word' id='word_1_672' title='bbox 2197 3970 2480 4022; x_wconf 83' lang='lat' dir='ltr'><strong>ardentius</strong></span> <span class='ocrx_word' id='word_1_673' title='bbox 2533 3971 2759 4037; x_wconf 86' lang='lat' dir='ltr'><strong>expetit.</strong></span> <span class='ocrx_word' id='word_1_674' title='bbox 2805 3969 2983 4023; x_wconf 82' lang='lat' dir='ltr'><strong>Movet</strong></span> <span class='ocrx_word' id='word_1_675' title='bbox 3008 3985 3095 4024; x_wconf 92' lang='lat' dir='ltr'><strong>me</strong></span> <span class='ocrx_word' id='word_1_676' title='bbox 3125 3981 3307 4024; x_wconf 90' lang='lat' dir='ltr'><strong>tamen</strong></span> 
     </span>
    </p>
   </div>
   <div class='ocr_carea' id='block_1_85' title="bbox 1726 4060 3310 4128">
    <p class='ocr_par' dir='ltr' id='par_1_85' title="bbox 1726 4060 3310 4128">
     <span class='ocr_line' id='line_1_85' title="bbox 1726 4060 3310 4128; baseline 0.001 -15"><span class='ocrx_word' id='word_1_677' title='bbox 1726 4060 1781 4114; x_wconf 93' lang='lat' dir='ltr'><strong>in</strong></span> <span class='ocrx_word' id='word_1_678' title='bbox 1816 4060 1903 4113; x_wconf 88' lang='lat' dir='ltr'><strong>his</strong></span> <span class='ocrx_word' id='word_1_679' title='bbox 1933 4061 2212 4128; x_wconf 88' lang='lat' dir='ltr'><strong>quoruodo</strong></span> <span class='ocrx_word' id='word_1_680' title='bbox 2262 4061 2462 4114; x_wconf 80' lang='lat' dir='ltr'><strong>dixerit</strong></span> <span class='ocrx_word' id='word_1_681' title='bbox 2489 4073 2770 4126; x_wconf 86' lang='lat' dir='ltr'><strong>peccatum</strong></span> <span class='ocrx_word' id='word_1_682' title='bbox 2810 4071 3080 4114; x_wconf 89' lang='lat' dir='ltr'><strong>mortuum</strong></span> <span class='ocrx_word' id='word_1_683' title='bbox 3108 4076 3230 4115; x_wconf 88' lang='lat' dir='ltr'><strong>esse</strong></span> <span class='ocrx_word' id='word_1_684' title='bbox 3254 4073 3310 4116; x_wconf 92' lang='lat' dir='ltr'><strong>et</strong></span> 
     </span>
    </p>
   </div>
   <div class='ocr_carea' id='block_1_86' title="bbox 1727 4148 3308 4222">
    <p class='ocr_par' dir='ltr' id='par_1_86' title="bbox 1727 4148 3308 4222">
     <span class='ocr_line' id='line_1_86' title="bbox 1727 4148 3308 4222; baseline 0.001 -17"><span class='ocrx_word' id='word_1_685' title='bbox 1727 4151 1992 4205; x_wconf 86' lang='lat' dir='ltr'><strong>revixisse</strong></span> <span class='ocrx_word' id='word_1_686' title='bbox 2020 4150 2120 4222; x_wconf 76' lang='grc'>(4).</span> <span class='ocrx_word' id='word_1_687' title='bbox 2185 4148 2413 4204; x_wconf 84' lang='lat' dir='ltr'><strong>Videtur</strong></span> <span class='ocrx_word' id='word_1_688' title='bbox 2461 4150 2605 4203; x_wconf 88' lang='lat' dir='ltr'><strong>enim</strong></span> <span class='ocrx_word' id='word_1_689' title='bbox 2654 4151 2780 4219; x_wconf 81' lang='lat' dir='ltr'><strong>quia</strong></span> <span class='ocrx_word' id='word_1_690' title='bbox 2831 4167 2934 4206; x_wconf 89' lang='lat' dir='ltr'><strong>non</strong></span> <span class='ocrx_word' id='word_1_691' title='bbox 2984 4155 3156 4220; x_wconf 88' lang='lat' dir='ltr'><strong>possit</strong></span> <span class='ocrx_word' id='word_1_692' title='bbox 3201 4153 3308 4206; x_wconf 89' lang='lat' dir='ltr'><strong>dici</strong></span> 
     </span>
    </p>
   </div>
   <div class='ocr_carea' id='block_1_87' title="bbox 1728 4242 3311 4314">
    <p class='ocr_par' dir='ltr' id='par_1_87' title="bbox 1728 4242 3311 4314">
     <span class='ocr_line' id='line_1_87' title="bbox 1728 4242 3311 4314; baseline 0.003 -19"><span class='ocrx_word' id='word_1_693' title='bbox 1728 4253 2004 4296; x_wconf 90' lang='lat' dir='ltr'><strong>mortuum</strong></span> <span class='ocrx_word' id='word_1_694' title='bbox 2038 4243 2139 4296; x_wconf 87' lang='lat' dir='ltr'><strong>nisi</strong></span> <span class='ocrx_word' id='word_1_695' title='bbox 2170 4243 2313 4311; x_wconf 89' lang='lat' dir='ltr'><strong>quod</strong></span> <span class='ocrx_word' id='word_1_696' title='bbox 2354 4242 2644 4310; x_wconf 86' lang='lat' dir='ltr'><strong>aliquando</strong></span> <span class='ocrx_word' id='word_1_697' title='bbox 2696 4243 2924 4308; x_wconf 81' lang='lat' dir='ltr'><strong>v‘ixerit,</strong></span> <span class='ocrx_word' id='word_1_698' title='bbox 2970 4257 3025 4299; x_wconf 88' lang='lat' dir='ltr'><strong>et</strong></span> <span class='ocrx_word' id='word_1_699' title='bbox 3065 4256 3311 4314; x_wconf 84' lang='lat' dir='ltr'><strong>postmo-</strong></span> 
     </span>
    </p>
   </div>
   <div class='ocr_carea' id='block_1_88' title="bbox 1727 4333 3310 4406">
    <p class='ocr_par' dir='ltr' id='par_1_88' title="bbox 1727 4333 3310 4406">
     <span class='ocr_line' id='line_1_88' title="bbox 1727 4333 3310 4406; baseline 0.003 -17"><span class='ocrx_word' id='word_1_700' title='bbox 1727 4336 1852 4389; x_wconf 88' lang='lat' dir='ltr'><strong>dum</strong></span> <span class='ocrx_word' id='word_1_701' title='bbox 1897 4335 2002 4387; x_wconf 88' lang='lat' dir='ltr'><strong>vita</strong></span> <span class='ocrx_word' id='word_1_702' title='bbox 2036 4340 2294 4388; x_wconf 87' lang='lat' dir='ltr'><strong>caruerit.</strong></span> <span class='ocrx_word' id='word_1_703' title='bbox 2337 4333 2443 4388; x_wconf 83' lang='lat' dir='ltr'><strong>Sed</strong></span> <span class='ocrx_word' id='word_1_704' title='bbox 2486 4346 2541 4389; x_wconf 90' lang='lat' dir='ltr'><strong>et</strong></span> <span class='ocrx_word' id='word_1_705' title='bbox 2592 4337 2691 4391; x_wconf 89' lang='lat' dir='ltr'><strong>hoc</strong></span> <span class='ocrx_word' id='word_1_706' title='bbox 2738 4338 2913 4406; x_wconf 80' lang='lat' dir='ltr'><strong>ipsum</strong></span> <span class='ocrx_word' id='word_1_707' title='bbox 2960 4341 3107 4406; x_wconf 92' lang='lat' dir='ltr'><strong>quod</strong></span> <span class='ocrx_word' id='word_1_708' title='bbox 3157 4340 3310 4404; x_wconf 86' lang='lat' dir='ltr'><strong>dicit,</strong></span> 
     </span>
    </p>
   </div>
   <div class='ocr_carea' id='block_1_89' title="bbox 1731 4426 3311 4499">
    <p class='ocr_par' dir='ltr' id='par_1_89' title="bbox 1731 4426 3311 4499">
     <span class='ocr_line' id='line_1_89' title="bbox 1731 4426 3311 4499; baseline 0.004 -21"><span class='ocrx_word' id='word_1_709' title='bbox 1731 4444 1753 4478; x_wconf 71' lang='grc' dir='ltr'><strong>ε</strong></span> <span class='ocrx_word' id='word_1_710' title='bbox 1792 4426 2049 4488; x_wconf 80' lang='lat' dir='ltr'><strong>revixit,t</strong></span> <span class='ocrx_word' id='word_1_711' title='bbox 2091 4442 2198 4479; x_wconf 89' lang='lat' dir='ltr'><strong>non</strong></span> <span class='ocrx_word' id='word_1_712' title='bbox 2251 4442 2421 4494; x_wconf 91' lang='lat' dir='ltr'><strong>nuper</strong></span> <span class='ocrx_word' id='word_1_713' title='bbox 2461 4430 2642 4481; x_wconf 89' lang='lat' dir='ltr'><strong>datam</strong></span> <span class='ocrx_word' id='word_1_714' title='bbox 2687 4429 2890 4492; x_wconf 87' lang='lat' dir='ltr'><strong>vitam,</strong></span> <span class='ocrx_word' id='word_1_715' title='bbox 2937 4430 3032 4484; x_wconf 90' lang='lat' dir='ltr'><strong>sed</strong></span> <span class='ocrx_word' id='word_1_716' title='bbox 3075 4433 3311 4499; x_wconf 85' lang='lat' dir='ltr'><strong>priorem</strong></span> 
     </span>
    </p>
   </div>
   <div class='ocr_carea' id='block_1_90' title="bbox 48 4513 3314 4595">
    <p class='ocr_par' dir='ltr' id='par_1_90' title="bbox 48 4513 3314 4595">
     <span class='ocr_line' id='line_1_90' title="bbox 48 4513 3314 4595; baseline -0.002 -14"><span class='ocrx_word' id='word_1_717' title='bbox 48 4533 222 4586; x_wconf 80' lang='lat' dir='ltr'><strong>calum</strong></span> <span class='ocrx_word' id='word_1_718' title='bbox 259 4535 541 4581; x_wconf 85' lang='lat' dir='ltr'><strong>mortuum</strong></span> <span class='ocrx_word' id='word_1_719' title='bbox 568 4533 671 4579; x_wconf 86' lang='lat' dir='ltr'><strong>est.</strong></span> <span class='ocrx_word' id='word_1_720' title='bbox 718 4523 830 4593; x_wconf 86' lang='lat' dir='ltr'><strong>Ego</strong></span> <span class='ocrx_word' id='word_1_721' title='bbox 859 4536 1040 4578; x_wconf 86' lang='lat' dir='ltr'><strong>autem</strong></span> <span class='ocrx_word' id='word_1_722' title='bbox 1070 4526 1316 4579; x_wconf 88' lang='lat' dir='ltr'><strong>vivebam</strong></span> <span class='ocrx_word' id='word_1_723' title='bbox 1351 4528 1472 4579; x_wconf 87' lang='lat' dir='ltr'><strong>sine</strong></span> <span class='ocrx_word' id='word_1_724' title='bbox 1507 4526 1623 4595; x_wconf 83' lang='lat' dir='ltr'><strong>lege</strong></span> <span class='ocrx_word' id='word_1_725' title='bbox 1658 4513 1698 4567; x_wconf 83' lang='grc' dir='ltr'>Ι)</span> <span class='ocrx_word' id='word_1_726' title='bbox 1733 4518 1996 4572; x_wconf 85' lang='lat' dir='ltr'><strong>redditam</strong></span> <span class='ocrx_word' id='word_1_727' title='bbox 2023 4517 2184 4572; x_wconf 85' lang='lat' dir='ltr'><strong>docet</strong></span> <span class='ocrx_word' id='word_1_728' title='bbox 2214 4536 2228 4572; x_wconf 87' lang='lat'><strong>:</strong></span> <span class='ocrx_word' id='word_1_729' title='bbox 2262 4518 2378 4587; x_wconf 87' lang='lat' dir='ltr'><strong>ipse</strong></span> <span class='ocrx_word' id='word_1_730' title='bbox 2403 4519 2548 4572; x_wconf 90' lang='lat' dir='ltr'><strong>enirn</strong></span> <span class='ocrx_word' id='word_1_731' title='bbox 2576 4537 2780 4585; x_wconf 88' lang='lat' dir='ltr'><strong>sermo,</strong></span> <span class='ocrx_word' id='word_1_732' title='bbox 2811 4540 2830 4571; x_wconf 83' lang='lat' dir='ltr'><strong>r</strong></span> <span class='ocrx_word' id='word_1_733' title='bbox 2872 4524 3097 4588; x_wconf 78' lang='lat' dir='ltr'><strong>revixit,</strong></span> <span class='ocrx_word' id='word_1_734' title='bbox 3135 4545 3154 4576; x_wconf 73' lang='grc' dir='ltr'><strong>ι</strong></span> <span class='ocrx_word' id='word_1_735' title='bbox 3196 4541 3314 4575; x_wconf 87' lang='lat' dir='ltr'><strong>rur-</strong></span> 
     </span>
    </p>
   </div>
   <div class='ocr_carea' id='block_1_91' title="bbox 109 4658 608 4724">
    <p class='ocr_par' dir='ltr' id='par_1_91' title="bbox 109 4658 608 4724">
     <span class='ocr_line' id='line_1_91' title="bbox 109 4658 608 4724; baseline -0.008 -9"><span class='ocrx_word' id='word_1_736' title='bbox 109 4664 157 4694; x_wconf 81' lang='grc'><strong>⁷³</strong></span> <span class='ocrx_word' id='word_1_737' title='bbox 187 4660 363 4717; x_wconf 81' lang='lat' dir='ltr'><strong>Exod.</strong></span> <span class='ocrx_word' id='word_1_738' title='bbox 392 4675 492 4724; x_wconf 86' lang='lat' dir='ltr'><strong>xx,</strong></span> <span class='ocrx_word' id='word_1_739' title='bbox 520 4658 608 4713; x_wconf 85' lang='grc'><strong>16.</strong></span> 
     </span>
    </p>
   </div>
   <div class='ocr_carea' id='block_1_92' title="bbox 49 4733 278 4797">
    <p class='ocr_par' dir='ltr' id='par_1_92' title="bbox 49 4733 278 4797">
     <span class='ocr_line' id='line_1_92' title="bbox 49 4733 278 4797; baseline 0.009 -13"><span class='ocrx_word' id='word_1_740' title='bbox 49 4747 196 4797; x_wconf 81' lang='lat' dir='ltr'><strong>xvttt,</strong></span> <span class='ocrx_word' id='word_1_741' title='bbox 225 4733 278 4786; x_wconf 71' lang='grc'><strong>4.</strong></span> 
     </span>
    </p>
   </div>
   <div class='ocr_carea' id='block_1_93' title="bbox 115 4837 1629 4913">
    <p class='ocr_par' dir='ltr' id='par_1_93' title="bbox 115 4837 1629 4913">
     <span class='ocr_line' id='line_1_93' title="bbox 115 4837 1629 4913; baseline -0.004 -17"><span class='ocrx_word' id='word_1_742' title='bbox 115 4843 224 4913; x_wconf 82' lang='grc'>(91)</span> <span class='ocrx_word' id='word_1_743' title='bbox 263 4841 446 4913; x_wconf 68' lang='lat' dir='ltr'><strong>Alias,</strong></span> <span class='ocrx_word' id='word_1_744' title='bbox 481 4859 500 4891; x_wconf 78' lang='grc' dir='ltr'><strong>ι</strong></span> <span class='ocrx_word' id='word_1_745' title='bbox 541 4855 646 4894; x_wconf 88' lang='lat' dir='ltr'><strong>non</strong></span> <span class='ocrx_word' id='word_1_746' title='bbox 688 4839 962 4900; x_wconf 88' lang='lat' dir='ltr'><strong>novimus;</strong></span> <span class='ocrx_word' id='word_1_747' title='bbox 1005 4857 1024 4888; x_wconf 73' lang='grc' dir='ltr'><strong>ι</strong></span> <span class='ocrx_word' id='word_1_748' title='bbox 1063 4837 1168 4913; x_wconf 71' lang='lat' dir='ltr'><strong>al.,</strong></span> <span class='ocrx_word' id='word_1_749' title='bbox 1213 4856 1232 4888; x_wconf 75' lang='grc' dir='ltr'><strong>ι</strong></span> <span class='ocrx_word' id='word_1_750' title='bbox 1273 4853 1375 4889; x_wconf 91' lang='lat' dir='ltr'><strong>non</strong></span> <span class='ocrx_word' id='word_1_751' title='bbox 1412 4838 1629 4890; x_wconf 87' lang='lat' dir='ltr'><strong>noveri-</strong></span> 
     </span>
    </p>
   </div>
   <div class='ocr_carea' id='block_1_94' title="bbox 51 4909 1620 4970">
    <p class='ocr_par' dir='ltr' id='par_1_94' title="bbox 51 4909 1620 4970">
     <span class='ocr_line' id='line_1_94' title="bbox 51 4909 1620 4970; baseline -0.002 -7"><span class='ocrx_word' id='word_1_752' title='bbox 51 4909 242 4966; x_wconf 50' lang='lat' dir='ltr'><strong>mus.)</strong></span> <span class='ocrx_word' id='word_1_753' title='bbox 279 4911 505 4967; x_wconf 89' lang='lat' dir='ltr'><strong>Deinde.</strong></span> <span class='ocrx_word' id='word_1_754' title='bbox 550 4931 568 4958; x_wconf 79' lang='grc' dir='ltr'><strong>σ</strong></span> <span class='ocrx_word' id='word_1_755' title='bbox 619 4921 673 4964; x_wconf 83' lang='grc' dir='ltr'>ει</span> <span class='ocrx_word' id='word_1_756' title='bbox 715 4925 821 4962; x_wconf 92' lang='lat' dir='ltr'><strong>non</strong></span> <span class='ocrx_word' id='word_1_757' title='bbox 873 4924 900 4960; x_wconf 88' lang='lat' dir='ltr'><strong>a</strong></span> <span class='ocrx_word' id='word_1_758' title='bbox 949 4909 1286 4961; x_wconf 70' lang='lat' dir='ltr'><strong>conscientia</strong></span> <span class='ocrx_word' id='word_1_759' title='bbox 1331 4920 1552 4970; x_wconf 85' lang='lat' dir='ltr'><strong>nostra,</strong></span> <span class='ocrx_word' id='word_1_760' title='bbox 1600 4928 1620 4960; x_wconf 73' lang='grc' dir='ltr'><strong><em>ι</em></strong></span> 
     </span>
    </p>
   </div>
   <div class='ocr_carea' id='block_1_95' title="bbox 45 4979 1627 5053">
    <p class='ocr_par' dir='ltr' id='par_1_95' title="bbox 45 4979 1627 5053">
     <span class='ocr_line' id='line_1_95' title="bbox 45 4979 1627 5053; baseline -0.002 -18"><span class='ocrx_word' id='word_1_761' title='bbox 45 4995 153 5036; x_wconf 86' lang='lat' dir='ltr'><strong>etc.</strong></span> <span class='ocrx_word' id='word_1_762' title='bbox 193 4982 297 5036; x_wconf 86' lang='lat' dir='ltr'><strong>Sed</strong></span> <span class='ocrx_word' id='word_1_763' title='bbox 329 4985 574 5053; x_wconf 86' lang='lat' dir='ltr'><strong>potiores</strong></span> <span class='ocrx_word' id='word_1_764' title='bbox 609 4998 736 5033; x_wconf 85' lang='lat' dir='ltr'><strong>mss.</strong></span> <span class='ocrx_word' id='word_1_765' title='bbox 767 4980 938 5033; x_wconf 84' lang='lat' dir='ltr'><strong>nostri</strong></span> <span class='ocrx_word' id='word_1_766' title='bbox 978 4990 1033 5030; x_wconf 92' lang='lat' dir='ltr'><strong>et</strong></span> <span class='ocrx_word' id='word_1_767' title='bbox 1071 4979 1326 5031; x_wconf 80' lang='lat' dir='ltr'><strong>Rabanus</strong></span> <span class='ocrx_word' id='word_1_768' title='bbox 1365 4979 1627 5032; x_wconf 86' lang='lat' dir='ltr'><strong>omittunt</strong></span> 
     </span>
    </p>
   </div>
   <div class='ocr_carea' id='block_1_96' title="bbox 50 5069 294 5104">
    <p class='ocr_par' dir='ltr' id='par_1_96' title="bbox 50 5069 294 5104">
     <span class='ocr_line' id='line_1_96' title="bbox 50 5069 294 5104; baseline 0.004 -1"><span class='ocrx_word' id='word_1_769' title='bbox 50 5070 70 5103; x_wconf 68' lang='grc' dir='ltr'>ί</span> <span class='ocrx_word' id='word_1_770' title='bbox 104 5069 230 5104; x_wconf 77' lang='grc'><strong>11011.</strong></span> <span class='ocrx_word' id='word_1_771' title='bbox 276 5076 294 5104; x_wconf 69' lang='grc' dir='ltr'>ι</span> 
     </span>
    </p>
   </div>
   <div class='ocr_carea' id='block_1_97' title="bbox 116 5116 1625 5190">
    <p class='ocr_par' dir='ltr' id='par_1_97' title="bbox 116 5116 1625 5190">
     <span class='ocr_line' id='line_1_97' title="bbox 116 5116 1625 5190; baseline -0.003 -14"><span class='ocrx_word' id='word_1_772' title='bbox 116 5123 229 5190; x_wconf 66' lang='lat'><strong>(92)</strong></span> <span class='ocrx_word' id='word_1_773' title='bbox 257 5124 347 5176; x_wconf 84' lang='lat' dir='ltr'><strong>Sic</strong></span> <span class='ocrx_word' id='word_1_774' title='bbox 378 5135 513 5174; x_wconf 87' lang='lat' dir='ltr'><strong>mss.</strong></span> <span class='ocrx_word' id='word_1_775' title='bbox 547 5131 601 5174; x_wconf 88' lang='lat' dir='ltr'><strong>el.</strong></span> <span class='ocrx_word' id='word_1_776' title='bbox 645 5121 917 5173; x_wconf 79' lang='lat' dir='ltr'><strong>Raltatttts.</strong></span> <span class='ocrx_word' id='word_1_777' title='bbox 952 5116 1090 5173; x_wconf 78' lang='lat' dir='ltr'><strong>Editi</strong></span> <span class='ocrx_word' id='word_1_778' title='bbox 1121 5135 1268 5183; x_wconf 84' lang='lat' dir='ltr'><strong>vero,</strong></span> <span class='ocrx_word' id='word_1_779' title='bbox 1306 5137 1323 5168; x_wconf 82' lang='grc' dir='ltr'><strong>ι</strong></span> <span class='ocrx_word' id='word_1_780' title='bbox 1358 5117 1625 5189; x_wconf 78' lang='lat' dir='ltr'><strong>Loquitur</strong></span> 
     </span>
    </p>
   </div>
   <div class='ocr_carea' id='block_1_98' title="bbox 45 5191 920 5246">
    <p class='ocr_par' dir='ltr' id='par_1_98' title="bbox 45 5191 920 5246">
     <span class='ocr_line' id='line_1_98' title="bbox 45 5191 920 5246; baseline -0.006 0"><span class='ocrx_word' id='word_1_781' title='bbox 45 5196 194 5246; x_wconf 86' lang='lat' dir='ltr'><strong>enim</strong></span> <span class='ocrx_word' id='word_1_782' title='bbox 219 5195 355 5246; x_wconf 89' lang='lat' dir='ltr'><strong>intra</strong></span> <span class='ocrx_word' id='word_1_783' title='bbox 383 5207 486 5246; x_wconf 87' lang='lat' dir='ltr'><strong>nos</strong></span> <span class='ocrx_word' id='word_1_784' title='bbox 509 5191 865 5245; x_wconf 78' lang='lat' dir='ltr'><strong>conscientia.</strong></span> <span class='ocrx_word' id='word_1_785' title='bbox 900 5210 920 5242; x_wconf 72' lang='grc' dir='ltr'><strong><em>ι</em></strong></span> 
     </span>
    </p>
   </div>
   <div class='ocr_carea' id='block_1_99' title="bbox 122 5257 1432 5332">
    <p class='ocr_par' dir='ltr' id='par_1_99' title="bbox 122 5257 1432 5332">
     <span class='ocr_line' id='line_1_99' title="bbox 122 5257 1432 5332; baseline 0.001 -17"><span class='ocrx_word' id='word_1_786' title='bbox 122 5263 230 5332; x_wconf 81' lang='grc'>(95)</span> <span class='ocrx_word' id='word_1_787' title='bbox 269 5263 434 5327; x_wconf 85' lang='lat' dir='ltr'><strong>Editi,</strong></span> <span class='ocrx_word' id='word_1_788' title='bbox 476 5281 496 5313; x_wconf 82' lang='lat' dir='ltr'><strong>r</strong></span> <span class='ocrx_word' id='word_1_789' title='bbox 537 5261 650 5315; x_wconf 84' lang='lat' dir='ltr'><strong>Hoc</strong></span> <span class='ocrx_word' id='word_1_790' title='bbox 673 5277 804 5329; x_wconf 88' lang='lat' dir='ltr'><strong>ergo</strong></span> <span class='ocrx_word' id='word_1_791' title='bbox 828 5273 912 5316; x_wconf 90' lang='lat' dir='ltr'><strong>est</strong></span> <span class='ocrx_word' id='word_1_792' title='bbox 933 5261 1060 5332; x_wconf 89' lang='lat' dir='ltr'><strong>dum</strong></span> <span class='ocrx_word' id='word_1_793' title='bbox 1082 5257 1234 5324; x_wconf 91' lang='lat' dir='ltr'><strong>dicit,</strong></span> <span class='ocrx_word' id='word_1_794' title='bbox 1273 5277 1292 5310; x_wconf 76' lang='grc' dir='ltr'><strong>ι</strong></span> <span class='ocrx_word' id='word_1_795' title='bbox 1321 5268 1432 5332; x_wconf 74' lang='lat' dir='ltr'><strong>etc.</strong></span> 
     </span>
    </p>
   </div>
   <div class='ocr_carea' id='block_1_100' title="bbox 123 5329 1620 5404">
    <p class='ocr_par' dir='ltr' id='par_1_100' title="bbox 123 5329 1620 5404">
     <span class='ocr_line' id='line_1_100' title="bbox 123 5329 1620 5404; baseline -0.004 -18"><span class='ocrx_word' id='word_1_796' title='bbox 123 5329 232 5404; x_wconf 75' lang='grc'>(94)</span> <span class='ocrx_word' id='word_1_797' title='bbox 257 5333 427 5395; x_wconf 83' lang='lat' dir='ltr'><strong>Alias,</strong></span> <span class='ocrx_word' id='word_1_798' title='bbox 470 5351 488 5383; x_wconf 83' lang='lat' dir='ltr'><strong>r</strong></span> <span class='ocrx_word' id='word_1_799' title='bbox 524 5334 636 5399; x_wconf 89' lang='lat' dir='ltr'><strong>ipsa</strong></span> <span class='ocrx_word' id='word_1_800' title='bbox 670 5342 848 5384; x_wconf 90' lang='lat' dir='ltr'><strong>autem</strong></span> <span class='ocrx_word' id='word_1_801' title='bbox 883 5331 1084 5404; x_wconf 83' lang='lat' dir='ltr'><strong>etiam,</strong></span> <span class='ocrx_word' id='word_1_802' title='bbox 1121 5347 1140 5379; x_wconf 83' lang='grc'>›</span> <span class='ocrx_word' id='word_1_803' title='bbox 1177 5341 1286 5382; x_wconf 91' lang='lat' dir='ltr'><strong>etc.</strong></span> <span class='ocrx_word' id='word_1_804' title='bbox 1328 5330 1460 5404; x_wconf 71' lang='lat' dir='ltr'><strong>Mss.</strong></span> <span class='ocrx_word' id='word_1_805' title='bbox 1495 5329 1620 5398; x_wconf 79' lang='lat' dir='ltr'><strong>qui-</strong></span> 
     </span>
    </p>
   </div>
   <div class='ocr_carea' id='block_1_101' title="bbox 50 5401 1622 5471">
    <p class='ocr_par' dir='ltr' id='par_1_101' title="bbox 50 5401 1622 5471">
     <span class='ocr_line' id='line_1_101' title="bbox 50 5401 1622 5471; baseline -0.002 -17"><span class='ocrx_word' id='word_1_806' title='bbox 50 5401 178 5454; x_wconf 85' lang='lat' dir='ltr'><strong>dam</strong></span> <span class='ocrx_word' id='word_1_807' title='bbox 206 5401 257 5458; x_wconf 82' lang='lat' dir='ltr'><strong>et</strong></span> <span class='ocrx_word' id='word_1_808' title='bbox 282 5405 448 5468; x_wconf 88' lang='lat' dir='ltr'><strong>editi,</strong></span> <span class='ocrx_word' id='word_1_809' title='bbox 492 5423 511 5454; x_wconf 71' lang='grc' dir='ltr'>ε</span> <span class='ocrx_word' id='word_1_810' title='bbox 551 5403 720 5471; x_wconf 89' lang='lat' dir='ltr'><strong>ipsam</strong></span> <span class='ocrx_word' id='word_1_811' title='bbox 764 5411 945 5454; x_wconf 89' lang='lat' dir='ltr'><strong>autern</strong></span> <span class='ocrx_word' id='word_1_812' title='bbox 987 5401 1149 5454; x_wconf 88' lang='lat' dir='ltr'><strong>etiam</strong></span> <span class='ocrx_word' id='word_1_813' title='bbox 1180 5401 1496 5471; x_wconf 82' lang='lat' dir='ltr'><strong>mandtttm</strong></span> <span class='ocrx_word' id='word_1_814' title='bbox 1525 5415 1622 5467; x_wconf 87' lang='lat' dir='ltr'><strong>ap-</strong></span> 
     </span>
    </p>
   </div>
   <div class='ocr_carea' id='block_1_102' title="bbox 53 5469 1622 5541">
    <p class='ocr_par' dir='ltr' id='par_1_102' title="bbox 53 5469 1622 5541">
     <span class='ocr_line' id='line_1_102' title="bbox 53 5469 1622 5541; baseline 0.001 -19"><span class='ocrx_word' id='word_1_815' title='bbox 53 5474 228 5538; x_wconf 82' lang='lat' dir='ltr'><strong>pellat,</strong></span> <span class='ocrx_word' id='word_1_816' title='bbox 275 5489 396 5527; x_wconf 91' lang='lat' dir='ltr'><strong>cum</strong></span> <span class='ocrx_word' id='word_1_817' title='bbox 437 5469 728 5541; x_wconf 49' lang='lat' dir='ltr'><strong>ait,&#39;quia</strong></span> <span class='ocrx_word' id='word_1_818' title='bbox 784 5472 1090 5536; x_wconf 83' lang='lat' dir='ltr'><strong>occasione,</strong></span> <span class='ocrx_word' id='word_1_819' title='bbox 1124 5487 1144 5521; x_wconf 77' lang='grc' dir='ltr'><strong><em>ι</em></strong></span> <span class='ocrx_word' id='word_1_820' title='bbox 1185 5481 1294 5525; x_wconf 91' lang='lat' dir='ltr'><strong>etc.</strong></span> <span class='ocrx_word' id='word_1_821' title='bbox 1335 5469 1622 5525; x_wconf 80' lang='lat' dir='ltr'><strong>Manifeste</strong></span> 
     </span>
    </p>
   </div>
   <div class='ocr_carea' id='block_1_103' title="bbox 53 5545 787 5598">
    <p class='ocr_par' dir='ltr' id='par_1_103' title="bbox 53 5545 787 5598">
     <span class='ocr_line' id='line_1_103' title="bbox 53 5545 787 5598; baseline 0 -4"><span class='ocrx_word' id='word_1_822' title='bbox 53 5545 311 5598; x_wconf 87' lang='lat' dir='ltr'><strong>redundat</strong></span> <span class='ocrx_word' id='word_1_823' title='bbox 333 5558 440 5598; x_wconf 90' lang='lat' dir='ltr'><strong>vox</strong></span> <span class='ocrx_word' id='word_1_824' title='bbox 478 5563 497 5594; x_wconf 70' lang='grc' dir='ltr'><strong>ε</strong></span> <span class='ocrx_word' id='word_1_825' title='bbox 531 5553 734 5596; x_wconf 89' lang='lat' dir='ltr'><strong>autem.</strong></span> <span class='ocrx_word' id='word_1_826' title='bbox 768 5561 787 5594; x_wconf 74' lang='grc' dir='ltr'><strong>ι</strong></span> 
     </span>
    </p>
   </div>
   <div class='ocr_carea' id='block_1_104' title="bbox 124 5613 926 5682">
    <p class='ocr_par' dir='ltr' id='par_1_104' title="bbox 124 5613 926 5682">
     <span class='ocr_line' id='line_1_104' title="bbox 124 5613 926 5682; baseline -0.005 -16"><span class='ocrx_word' id='word_1_827' title='bbox 124 5613 229 5682; x_wconf 80' lang='grc'>(95)</span> <span class='ocrx_word' id='word_1_828' title='bbox 255 5616 414 5680; x_wconf 84' lang='lat' dir='ltr'><strong>Editi,</strong></span> <span class='ocrx_word' id='word_1_829' title='bbox 450 5633 468 5665; x_wconf 75' lang='grc' dir='ltr'><strong>ι</strong></span> <span class='ocrx_word' id='word_1_830' title='bbox 508 5616 876 5667; x_wconf 88' lang='lat' dir='ltr'><strong>vehementer.</strong></span> <span class='ocrx_word' id='word_1_831' title='bbox 908 5628 926 5662; x_wconf 77' lang='grc' dir='ltr'><strong>ι</strong></span> 
     </span>
    </p>
   </div>
   <div class='ocr_carea' id='block_1_105' title="bbox 129 5684 1332 5754">
    <p class='ocr_par' dir='ltr' id='par_1_105' title="bbox 129 5684 1332 5754">
     <span class='ocr_line' id='line_1_105' title="bbox 129 5684 1332 5754; baseline -0.002 -18"><span class='ocrx_word' id='word_1_832' title='bbox 129 5686 234 5751; x_wconf 74' lang='grc'>(96)</span> <span class='ocrx_word' id='word_1_833' title='bbox 259 5685 418 5745; x_wconf 84' lang='lat' dir='ltr'><strong>Editi,</strong></span> <span class='ocrx_word' id='word_1_834' title='bbox 457 5699 774 5754; x_wconf 83' lang='lat' dir='ltr'><strong>perperam,</strong></span> <span class='ocrx_word' id='word_1_835' title='bbox 807 5702 824 5732; x_wconf 87' lang='grc'><strong><em>‹</em></strong></span> <span class='ocrx_word' id='word_1_836' title='bbox 861 5684 985 5736; x_wconf 79' lang='lat' dir='ltr'><strong>Ideo</strong></span> <span class='ocrx_word' id='word_1_837' title='bbox 1019 5695 1272 5751; x_wconf 88' lang='lat' dir='ltr'><strong>namque.</strong></span> <span class='ocrx_word' id='word_1_838' title='bbox 1314 5701 1332 5734; x_wconf 73' lang='grc' dir='ltr'>ι</span> 
     </span>
    </p>
   </div>
   <div class='ocr_carea' id='block_1_106' title="bbox 132 5755 1620 5824">
    <p class='ocr_par' dir='ltr' id='par_1_106' title="bbox 132 5755 1620 5824">
     <span class='ocr_line' id='line_1_106' title="bbox 132 5755 1620 5824; baseline -0.001 -19"><span class='ocrx_word' id='word_1_839' title='bbox 132 5755 236 5824; x_wconf 83' lang='grc'>(97)</span> <span class='ocrx_word' id='word_1_840' title='bbox 283 5755 448 5824; x_wconf 69' lang='grc' dir='ltr'><strong>Εὰἱιί,</strong></span> <span class='ocrx_word' id='word_1_841' title='bbox 487 5773 508 5804; x_wconf 74' lang='grc' dir='ltr'><strong>ι</strong></span> <span class='ocrx_word' id='word_1_842' title='bbox 557 5757 845 5808; x_wconf 72' lang='lat' dir='ltr'><strong>Certamen</strong></span> <span class='ocrx_word' id='word_1_843' title='bbox 892 5755 1160 5820; x_wconf 83' lang='lat' dir='ltr'><strong>quoddam</strong></span> <span class='ocrx_word' id='word_1_844' title='bbox 1207 5757 1370 5822; x_wconf 78' lang='lat' dir='ltr'><strong>gerit,</strong></span> <span class='ocrx_word' id='word_1_845' title='bbox 1413 5761 1470 5805; x_wconf 90' lang='lat' dir='ltr'><strong>ut</strong></span> <span class='ocrx_word' id='word_1_846' title='bbox 1515 5769 1620 5804; x_wconf 88' lang='lat' dir='ltr'><strong>trou</strong></span> 
     </span>
    </p>
   </div>
   <div class='ocr_carea' id='block_1_107' title="bbox 54 5823 1620 5896">
    <p class='ocr_par' dir='ltr' id='par_1_107' title="bbox 54 5823 1620 5896">
     <span class='ocr_line' id='line_1_107' title="bbox 54 5823 1620 5896; baseline 0.001 -19"><span class='ocrx_word' id='word_1_847' title='bbox 54 5826 231 5882; x_wconf 78' lang='lat' dir='ltr'><strong>solum</strong></span> <span class='ocrx_word' id='word_1_848' title='bbox 254 5823 712 5896; x_wconf 71' lang='lat' dir='ltr'><strong>concupiscentia:</strong></span> <span class='ocrx_word' id='word_1_849' title='bbox 747 5840 852 5877; x_wconf 88' lang='lat' dir='ltr'><strong>ttou</strong></span> <span class='ocrx_word' id='word_1_850' title='bbox 895 5823 1228 5892; x_wconf 83' lang='lat' dir='ltr'><strong>satisfaciat,</strong></span> <span class='ocrx_word' id='word_1_851' title='bbox 1265 5843 1285 5876; x_wconf 74' lang='grc' dir='ltr'><strong><em>ι</em></strong></span> <span class='ocrx_word' id='word_1_852' title='bbox 1318 5838 1426 5880; x_wconf 90' lang='lat' dir='ltr'><strong>etc.</strong></span> <span class='ocrx_word' id='word_1_853' title='bbox 1463 5825 1620 5878; x_wconf 85' lang='lat' dir='ltr'><strong>Salo-</strong></span> 
     </span>
    </p>
   </div>
   <div class='ocr_carea' id='block_1_108' title="bbox 686 4654 1906 4724">
    <p class='ocr_par' dir='ltr' id='par_1_108' title="bbox 686 4654 1906 4724">
     <span class='ocr_line' id='line_1_108' title="bbox 686 4654 1906 4724; baseline 0.006 -15"><span class='ocrx_word' id='word_1_854' title='bbox 686 4659 808 4690; x_wconf 73' lang='lat'><strong>&quot;°&quot;</strong></span> <span class='ocrx_word' id='word_1_855' title='bbox 837 4659 994 4715; x_wconf 78' lang='lat' dir='ltr'><strong>Rom.</strong></span> <span class='ocrx_word' id='word_1_856' title='bbox 1025 4676 1118 4724; x_wconf 85' lang='lat' dir='ltr'><strong>vlt,</strong></span> <span class='ocrx_word' id='word_1_857' title='bbox 1150 4661 1310 4716; x_wconf 70' lang='lat'><strong>8-10.</strong></span> <span class='ocrx_word' id='word_1_858' title='bbox 1385 4660 1432 4691; x_wconf 79' lang='lat'><strong>&#39;°</strong></span> <span class='ocrx_word' id='word_1_859' title='bbox 1460 4660 1629 4714; x_wconf 80' lang='lat' dir='ltr'><strong>Exod.</strong></span> <span class='ocrx_word' id='word_1_860' title='bbox 1668 4673 1784 4719; x_wconf 81' lang='lat' dir='ltr'><strong>xxI.</strong></span> <span class='ocrx_word' id='word_1_861' title='bbox 1817 4654 1906 4710; x_wconf 74' lang='lat' dir='ltr'><strong>i5.</strong></span> 
     </span>
    </p>
   </div>
   <div class='ocr_carea' id='block_1_109' title="bbox 1981 4653 3309 4724">
    <p class='ocr_par' dir='ltr' id='par_1_109' title="bbox 1981 4653 3309 4724">
     <span class='ocr_line' id='line_1_109' title="bbox 1981 4653 3309 4724; baseline 0.004 -16"><span class='ocrx_word' id='word_1_862' title='bbox 1981 4654 2025 4685; x_wconf 85' lang='lat'><strong>&#39;”</strong></span> <span class='ocrx_word' id='word_1_863' title='bbox 2053 4653 2252 4724; x_wconf 90' lang='lat' dir='ltr'><strong>Philip.</strong></span> <span class='ocrx_word' id='word_1_864' title='bbox 2281 4669 2363 4720; x_wconf 85' lang='grc' dir='ltr'>ιιι,</span> <span class='ocrx_word' id='word_1_865' title='bbox 2389 4653 2445 4708; x_wconf 88' lang='grc'><strong>5.</strong></span> <span class='ocrx_word' id='word_1_866' title='bbox 2521 4655 2566 4687; x_wconf 81' lang='grc'><strong>⁷⁸</strong></span> <span class='ocrx_word' id='word_1_867' title='bbox 2583 4655 2847 4723; x_wconf 63' lang='lat' dir='ltr'><strong>Bonum,</strong></span> <span class='ocrx_word' id='word_1_868' title='bbox 2880 4660 2956 4712; x_wconf 83' lang='grc'><strong>10.</strong></span> <span class='ocrx_word' id='word_1_869' title='bbox 3033 4661 3078 4691; x_wconf 74' lang='grc'>⁷³</span> <span class='ocrx_word' id='word_1_870' title='bbox 3113 4660 3309 4714; x_wconf 82' lang='lat' dir='ltr'><strong>Ezech.</strong></span> 
     </span>
    </p>
   </div>
   <div class='ocr_carea' id='block_1_110' title="bbox 1737 4833 3312 4903">
    <p class='ocr_par' dir='ltr' id='par_1_110' title="bbox 1737 4833 3312 4903">
     <span class='ocr_line' id='line_1_110' title="bbox 1737 4833 3312 4903; baseline 0.004 -15"><span class='ocrx_word' id='word_1_871' title='bbox 1737 4836 1933 4888; x_wconf 89' lang='lat' dir='ltr'><strong>dianus</strong></span> <span class='ocrx_word' id='word_1_872' title='bbox 1980 4833 2184 4887; x_wconf 91' lang='lat' dir='ltr'><strong>omittit</strong></span> <span class='ocrx_word' id='word_1_873' title='bbox 2225 4852 2244 4884; x_wconf 86' lang='lat' dir='ltr'><strong>r</strong></span> <span class='ocrx_word' id='word_1_874' title='bbox 2289 4849 2392 4888; x_wconf 92' lang='lat' dir='ltr'><strong>non</strong></span> <span class='ocrx_word' id='word_1_875' title='bbox 2433 4855 2452 4888; x_wconf 73' lang='grc' dir='ltr'><strong>ι</strong></span> <span class='ocrx_word' id='word_1_876' title='bbox 2499 4849 2622 4889; x_wconf 89' lang='lat' dir='ltr'><strong>ante</strong></span> <span class='ocrx_word' id='word_1_877' title='bbox 2671 4857 2688 4888; x_wconf 82' lang='lat' dir='ltr'><strong>r</strong></span> <span class='ocrx_word' id='word_1_878' title='bbox 2739 4839 3057 4903; x_wconf 77' lang='lat' dir='ltr'><strong>satisfaciat,</strong></span> <span class='ocrx_word' id='word_1_879' title='bbox 3115 4857 3134 4889; x_wconf 74' lang='grc' dir='ltr'><strong><em>ι</em></strong></span> <span class='ocrx_word' id='word_1_880' title='bbox 3173 4840 3312 4894; x_wconf 84' lang='lat' dir='ltr'><strong>sicut</strong></span> 
     </span>
    </p>
   </div>
   <div class='ocr_carea' id='block_1_111' title="bbox 1734 4905 2761 4960">
    <p class='ocr_par' dir='ltr' id='par_1_111' title="bbox 1734 4905 2761 4960">
     <span class='ocr_line' id='line_1_111' title="bbox 1734 4905 2761 4960; baseline -0.001 0"><span class='ocrx_word' id='word_1_881' title='bbox 1734 4916 1791 4960; x_wconf 90' lang='lat' dir='ltr'><strong>et</strong></span> <span class='ocrx_word' id='word_1_882' title='bbox 1825 4905 2080 4957; x_wconf 73' lang='lat' dir='ltr'><strong>ltabanus</strong></span> <span class='ocrx_word' id='word_1_883' title='bbox 2102 4916 2155 4957; x_wconf 83' lang='lat' dir='ltr'><strong>et</strong></span> <span class='ocrx_word' id='word_1_884' title='bbox 2187 4920 2378 4960; x_wconf 86' lang='lat' dir='ltr'><strong>omnes</strong></span> <span class='ocrx_word' id='word_1_885' title='bbox 2407 4923 2539 4959; x_wconf 89' lang='lat' dir='ltr'><strong>mss.</strong></span> <span class='ocrx_word' id='word_1_886' title='bbox 2575 4913 2761 4959; x_wconf 87' lang='lat' dir='ltr'><strong>nostri.</strong></span> 
     </span>
    </p>
   </div>
   <div class='ocr_carea' id='block_1_112' title="bbox 1807 4973 2771 5046">
    <p class='ocr_par' dir='ltr' id='par_1_112' title="bbox 1807 4973 2771 5046">
     <span class='ocr_line' id='line_1_112' title="bbox 1807 4973 2771 5046; baseline 0.005 -21"><span class='ocrx_word' id='word_1_887' title='bbox 1807 4973 1918 5046; x_wconf 78' lang='lat'><strong>(98)</strong></span> <span class='ocrx_word' id='word_1_888' title='bbox 1955 4974 2097 5046; x_wconf 57' lang='grc' dir='ltr'><strong>βιηιὶ</strong></span> <span class='ocrx_word' id='word_1_889' title='bbox 2134 4977 2291 5034; x_wconf 84' lang='lat' dir='ltr'><strong>male.</strong></span> <span class='ocrx_word' id='word_1_890' title='bbox 2329 4994 2347 5024; x_wconf 83' lang='lat' dir='ltr'><strong>r</strong></span> <span class='ocrx_word' id='word_1_891' title='bbox 2377 4979 2714 5043; x_wconf 82' lang='lat' dir='ltr'><strong>prohibetur.</strong></span> <span class='ocrx_word' id='word_1_892' title='bbox 2753 4997 2771 5029; x_wconf 75' lang='grc' dir='ltr'><strong>ι</strong></span> 
     </span>
    </p>
   </div>
   <div class='ocr_carea' id='block_1_113' title="bbox 1807 5045 3309 5115">
    <p class='ocr_par' dir='ltr' id='par_1_113' title="bbox 1807 5045 3309 5115">
     <span class='ocr_line' id='line_1_113' title="bbox 1807 5045 3309 5115; baseline 0.003 -17"><span class='ocrx_word' id='word_1_893' title='bbox 1807 5045 1918 5115; x_wconf 80' lang='lat'><strong>(99)</strong></span> <span class='ocrx_word' id='word_1_894' title='bbox 1950 5045 2114 5109; x_wconf 76' lang='lat' dir='ltr'><strong>Editi,</strong></span> <span class='ocrx_word' id='word_1_895' title='bbox 2167 5063 2185 5094; x_wconf 85' lang='lat' dir='ltr'><strong>r</strong></span> <span class='ocrx_word' id='word_1_896' title='bbox 2221 5056 2307 5098; x_wconf 82' lang='lat' dir='ltr'><strong>est</strong></span> <span class='ocrx_word' id='word_1_897' title='bbox 2349 5057 2530 5099; x_wconf 90' lang='lat' dir='ltr'><strong>autem</strong></span> <span class='ocrx_word' id='word_1_898' title='bbox 2574 5057 2630 5100; x_wconf 90' lang='lat' dir='ltr'><strong>et</strong></span> <span class='ocrx_word' id='word_1_899' title='bbox 2672 5049 2723 5100; x_wconf 90' lang='lat' dir='ltr'><strong>in</strong></span> <span class='ocrx_word' id='word_1_900' title='bbox 2761 5046 2943 5103; x_wconf 91' lang='lat' dir='ltr'><strong>multis</strong></span> <span class='ocrx_word' id='word_1_901' title='bbox 2993 5047 3309 5115; x_wconf 87' lang='lat' dir='ltr'><strong>laudabilis,</strong></span> 
     </span>
    </p>
   </div>
   <div class='ocr_carea' id='block_1_114' title="bbox 1735 5115 2406 5184">
    <p class='ocr_par' dir='ltr' id='par_1_114' title="bbox 1735 5115 2406 5184">
     <span class='ocr_line' id='line_1_114' title="bbox 1735 5115 2406 5184; baseline -0.01 -12"><span class='ocrx_word' id='word_1_902' title='bbox 1735 5119 1878 5172; x_wconf 88' lang='lat' dir='ltr'><strong>sicut</strong></span> <span class='ocrx_word' id='word_1_903' title='bbox 1900 5131 2061 5184; x_wconf 86' lang='lat' dir='ltr'><strong>supra</strong></span> <span class='ocrx_word' id='word_1_904' title='bbox 2086 5115 2347 5168; x_wconf 81' lang='lat' dir='ltr'><strong>diximus.</strong></span> <span class='ocrx_word' id='word_1_905' title='bbox 2387 5133 2406 5165; x_wconf 73' lang='grc' dir='ltr'><strong>ι</strong></span> 
     </span>
    </p>
   </div>
   <div class='ocr_carea' id='block_1_115' title="bbox 1807 5184 3310 5258">
    <p class='ocr_par' dir='ltr' id='par_1_115' title="bbox 1807 5184 3310 5258">
     <span class='ocr_line' id='line_1_115' title="bbox 1807 5184 3310 5258; baseline 0.003 -19"><span class='ocrx_word' id='word_1_906' title='bbox 1807 5188 1884 5256; x_wconf 87' lang='grc'>(1)</span> <span class='ocrx_word' id='word_1_907' title='bbox 1915 5184 2048 5239; x_wconf 82' lang='lat' dir='ltr'><strong>Cum</strong></span> <span class='ocrx_word' id='word_1_908' title='bbox 2077 5187 2237 5237; x_wconf 80' lang='lat' dir='ltr'><strong>etiam</strong></span> <span class='ocrx_word' id='word_1_909' title='bbox 2263 5191 2576 5255; x_wconf 73' lang='lat' dir='ltr'><strong>exemptum,</strong></span> <span class='ocrx_word' id='word_1_910' title='bbox 2606 5195 2712 5240; x_wconf 90' lang='lat' dir='ltr'><strong>etc.</strong></span> <span class='ocrx_word' id='word_1_911' title='bbox 2747 5185 2876 5242; x_wconf 85' lang='lat' dir='ltr'><strong>Vide</strong></span> <span class='ocrx_word' id='word_1_912' title='bbox 2901 5202 3098 5257; x_wconf 86' lang='lat' dir='ltr'><strong>supra,</strong></span> <span class='ocrx_word' id='word_1_913' title='bbox 3129 5190 3225 5248; x_wconf 91' lang='lat' dir='ltr'><strong>lib.</strong></span> <span class='ocrx_word' id='word_1_914' title='bbox 3255 5206 3310 5258; x_wconf 94' lang='lat' dir='ltr'><strong>v,</strong></span> 
     </span>
    </p>
   </div>
   <div class='ocr_carea' id='block_1_116' title="bbox 1732 5258 1872 5312">
    <p class='ocr_par' dir='ltr' id='par_1_116' title="bbox 1732 5258 1872 5312">
     <span class='ocr_line' id='line_1_116' title="bbox 1732 5258 1872 5312; baseline -0.014 0"><span class='ocrx_word' id='word_1_915' title='bbox 1732 5274 1789 5312; x_wconf 91' lang='lat' dir='ltr'><strong>n.</strong></span> <span class='ocrx_word' id='word_1_916' title='bbox 1820 5258 1872 5310; x_wconf 87' lang='grc'><strong>1.</strong></span> 
     </span>
    </p>
   </div>
   <div class='ocr_carea' id='block_1_117' title="bbox 1805 5324 3308 5402">
    <p class='ocr_par' dir='ltr' id='par_1_117' title="bbox 1805 5324 3308 5402">
     <span class='ocr_line' id='line_1_117' title="bbox 1805 5324 3308 5402; baseline 0.004 -23"><span class='ocrx_word' id='word_1_917' title='bbox 1805 5328 1883 5398; x_wconf 73' lang='lat'><strong>(2)</strong></span> <span class='ocrx_word' id='word_1_918' title='bbox 1925 5326 2016 5381; x_wconf 89' lang='lat' dir='ltr'><strong>Sic</strong></span> <span class='ocrx_word' id='word_1_919' title='bbox 2047 5339 2175 5378; x_wconf 89' lang='lat' dir='ltr'><strong>mss.</strong></span> <span class='ocrx_word' id='word_1_920' title='bbox 2207 5324 2562 5402; x_wconf 71' lang='lat' dir='ltr'><strong>et_llaban_t_rs,</strong></span> <span class='ocrx_word' id='word_1_921' title='bbox 2594 5326 2702 5402; x_wconf 82' lang='lat' dir='ltr'><strong>nisi</strong></span> <span class='ocrx_word' id='word_1_922' title='bbox 2728 5327 2867 5395; x_wconf 89' lang='lat' dir='ltr'><strong>quod</strong></span> <span class='ocrx_word' id='word_1_923' title='bbox 2894 5327 3096 5402; x_wconf 87' lang='lat' dir='ltr'><strong>habeat</strong></span> <span class='ocrx_word' id='word_1_924' title='bbox 3133 5351 3151 5383; x_wconf 74' lang='grc' dir='ltr'><strong>ι</strong></span> <span class='ocrx_word' id='word_1_925' title='bbox 3183 5334 3308 5402; x_wconf 89' lang='lat' dir='ltr'><strong>quia</strong></span> 
     </span>
    </p>
   </div>
   <div class='ocr_carea' id='block_1_118' title="bbox 1733 5397 3310 5466">
    <p class='ocr_par' dir='ltr' id='par_1_118' title="bbox 1733 5397 3310 5466">
     <span class='ocr_line' id='line_1_118' title="bbox 1733 5397 3310 5466; baseline 0.003 -16"><span class='ocrx_word' id='word_1_926' title='bbox 1733 5397 1836 5460; x_wconf 85' lang='lat' dir='ltr'><strong>lex,</strong></span> <span class='ocrx_word' id='word_1_927' title='bbox 1876 5416 1894 5447; x_wconf 71' lang='grc' dir='ltr'><strong>ι</strong></span> <span class='ocrx_word' id='word_1_928' title='bbox 1932 5411 2082 5464; x_wconf 74' lang='lat' dir='ltr'><strong>pro-r</strong></span> <span class='ocrx_word' id='word_1_929' title='bbox 2123 5409 2241 5462; x_wconf 70' lang='lat' dir='ltr'><strong>qua:</strong></span> <span class='ocrx_word' id='word_1_930' title='bbox 2268 5397 2372 5448; x_wconf 88' lang='lat' dir='ltr'><strong>lex.</strong></span> <span class='ocrx_word' id='word_1_931' title='bbox 2405 5416 2422 5446; x_wconf 76' lang='grc' dir='ltr'><strong>ι</strong></span> <span class='ocrx_word' id='word_1_932' title='bbox 2463 5398 2605 5450; x_wconf 75' lang='grc' dir='ltr'><strong>Ειιὶιί</strong></span> <span class='ocrx_word' id='word_1_933' title='bbox 2634 5412 2783 5460; x_wconf 84' lang='lat' dir='ltr'><strong>vero,</strong></span> <span class='ocrx_word' id='word_1_934' title='bbox 2824 5419 2840 5449; x_wconf 76' lang='grc' dir='ltr'><strong>ι</strong></span> <span class='ocrx_word' id='word_1_935' title='bbox 2876 5401 3156 5466; x_wconf 87' lang='lat' dir='ltr'><strong>prohibuit</strong></span> <span class='ocrx_word' id='word_1_936' title='bbox 3181 5397 3310 5456; x_wconf 74' lang='lat' dir='ltr'><strong>con-</strong></span> 
     </span>
    </p>
   </div>
   <div class='ocr_carea' id='block_1_119' title="bbox 1731 5466 3311 5537">
    <p class='ocr_par' dir='ltr' id='par_1_119' title="bbox 1731 5466 3311 5537">
     <span class='ocr_line' id='line_1_119' title="bbox 1731 5466 3311 5537; baseline 0.004 -16"><span class='ocrx_word' id='word_1_937' title='bbox 1731 5469 2144 5537; x_wconf 81' lang='lat' dir='ltr'><strong>cupisrentiam,</strong></span> <span class='ocrx_word' id='word_1_938' title='bbox 2161 5468 2436 5535; x_wconf 73' lang='lat' dir='ltr'><strong>coepitque</strong></span> <span class='ocrx_word' id='word_1_939' title='bbox 2453 5469 2540 5522; x_wconf 75' lang='lat' dir='ltr'><strong>lex</strong></span> <span class='ocrx_word' id='word_1_940' title='bbox 2566 5466 2726 5522; x_wconf 89' lang='lat' dir='ltr'><strong>veluti</strong></span> <span class='ocrx_word' id='word_1_941' title='bbox 2743 5479 3016 5524; x_wconf 90' lang='lat' dir='ltr'><strong>mortuum</strong></span> <span class='ocrx_word' id='word_1_942' title='bbox 3040 5473 3311 5527; x_wconf 84' lang='lat' dir='ltr'><strong>suscitare</strong></span> 
     </span>
    </p>
   </div>
   <div class='ocr_carea' id='block_1_120' title="bbox 1771 5551 2098 5594">
    <p class='ocr_par' dir='ltr' id='par_1_120' title="bbox 1771 5551 2098 5594">
     <span class='ocr_line' id='line_1_120' title="bbox 1771 5551 2098 5594; baseline -0.024 0"><span class='ocrx_word' id='word_1_943' title='bbox 1771 5553 1896 5594; x_wconf 87' lang='lat' dir='ltr'><strong>ecca</strong></span> <span class='ocrx_word' id='word_1_944' title='bbox 1905 5551 1956 5591; x_wconf 74' lang='grc'><strong>111</strong></span> <span class='ocrx_word' id='word_1_945' title='bbox 1965 5554 2014 5590; x_wconf 78' lang='lat' dir='ltr'><strong>Ill</strong></span> <span class='ocrx_word' id='word_1_946' title='bbox 2024 5577 2038 5590; x_wconf 89' lang='lat'><strong>.</strong></span> <span class='ocrx_word' id='word_1_947' title='bbox 2078 5554 2098 5586; x_wconf 75' lang='grc' dir='ltr'><strong><em>ι</em></strong></span> 
     </span>
    </p>
   </div>
   <div class='ocr_carea' id='block_1_121' title="bbox 1733 5555 3306 5731">
    <p class='ocr_par' dir='ltr' id='par_1_121' title="bbox 1733 5555 3306 5731">
     <span class='ocr_line' id='line_1_121' title="bbox 1733 5555 3306 5731; baseline 0.004 -70"><span class='ocrx_word' id='word_1_948' title='bbox 1733 5555 2262 5731; x_wconf 45' lang='grc' dir='ltr'><strong>ἷῑξὲῗιῦιῃρνὲριιεια</strong></span> <span class='ocrx_word' id='word_1_949' title='bbox 2291 5606 2440 5662; x_wconf 82' lang='lat' dir='ltr'><strong>dicit.</strong></span> <span class='ocrx_word' id='word_1_950' title='bbox 2482 5608 2608 5664; x_wconf 81' lang='lat' dir='ltr'><strong>llaec</strong></span> <span class='ocrx_word' id='word_1_951' title='bbox 2641 5610 2804 5666; x_wconf 88' lang='lat' dir='ltr'><strong>verba</strong></span> <span class='ocrx_word' id='word_1_952' title='bbox 2842 5613 3221 5669; x_wconf 83' lang='lat' dir='ltr'><strong>desiderantur</strong></span> <span class='ocrx_word' id='word_1_953' title='bbox 3255 5614 3306 5668; x_wconf 88' lang='lat' dir='ltr'><strong>in</strong></span> 
     </span>
     <span class='ocr_line' id='line_1_122' title="bbox 1766 5695 1912 5731; baseline -0.007 0"><span class='ocrx_word' id='word_1_954' title='bbox 1766 5699 1780 5731; x_wconf 84' lang='lat'><strong>(</strong></span> <span class='ocrx_word' id='word_1_955' title='bbox 1804 5696 1815 5731; x_wconf 98' lang='lat' dir='ltr'><strong>I</strong></span> <span class='ocrx_word' id='word_1_956' title='bbox 1848 5695 1912 5731; x_wconf 83' lang='lat' dir='ltr'><strong>IS.</strong></span> 
     </span>
    </p>
   </div>
   <div class='ocr_carea' id='block_1_122' title="bbox 1731 5691 1912 5733">
    <p class='ocr_par' dir='ltr' id='par_1_122' title="bbox 1731 5691 1912 5733">
     <span class='ocr_line' id='line_1_123' title="bbox 1731 5691 1912 5733; baseline -0.017 0"><span class='ocrx_word' id='word_1_957' title='bbox 1731 5691 1912 5733; x_wconf 73' lang='grc'><strong>8111115.</strong></span> 
     </span>
    </p>
   </div>
   <div class='ocr_carea' id='block_1_123' title="bbox 1805 5748 3304 5821">
    <p class='ocr_par' dir='ltr' id='par_1_123' title="bbox 1805 5748 3304 5821">
     <span class='ocr_line' id='line_1_124' title="bbox 1805 5748 3304 5821; baseline 0.011 -21"><span class='ocrx_word' id='word_1_958' title='bbox 1805 5748 1882 5818; x_wconf 71' lang='grc'>(4)</span> <span class='ocrx_word' id='word_1_959' title='bbox 1925 5748 2081 5811; x_wconf 82' lang='lat' dir='ltr'><strong>Editi,</strong></span> <span class='ocrx_word' id='word_1_960' title='bbox 2118 5767 2139 5800; x_wconf 72' lang='grc' dir='ltr'><strong>ι</strong></span> <span class='ocrx_word' id='word_1_961' title='bbox 2177 5749 2354 5803; x_wconf 85' lang='lat' dir='ltr'><strong>Movet</strong></span> <span class='ocrx_word' id='word_1_962' title='bbox 2386 5765 2471 5804; x_wconf 91' lang='lat' dir='ltr'><strong>rue</strong></span> <span class='ocrx_word' id='word_1_963' title='bbox 2507 5760 2686 5805; x_wconf 88' lang='lat' dir='ltr'><strong>tamen</strong></span> <span class='ocrx_word' id='word_1_964' title='bbox 2711 5758 2987 5821; x_wconf 84' lang='lat' dir='ltr'><strong>quomodo</strong></span> <span class='ocrx_word' id='word_1_965' title='bbox 3021 5757 3218 5816; x_wconf 84' lang='lat' dir='ltr'><strong>dixerit</strong></span> <span class='ocrx_word' id='word_1_966' title='bbox 3252 5761 3304 5816; x_wconf 90' lang='lat' dir='ltr'><strong>iu</strong></span> 
     </span>
    </p>
   </div>
   <div class='ocr_carea' id='block_1_124' title="bbox 1733 5820 2806 5891">
    <p class='ocr_par' dir='ltr' id='par_1_124' title="bbox 1733 5820 2806 5891">
     <span class='ocr_line' id='line_1_125' title="bbox 1733 5820 2806 5891; baseline 0.003 -17"><span class='ocrx_word' id='word_1_967' title='bbox 1733 5820 1819 5875; x_wconf 87' lang='lat' dir='ltr'><strong>his</strong></span> <span class='ocrx_word' id='word_1_968' title='bbox 1845 5829 2125 5891; x_wconf 84' lang='lat' dir='ltr'><strong>peccatum</strong></span> <span class='ocrx_word' id='word_1_969' title='bbox 2158 5833 2429 5876; x_wconf 74' lang='lat' dir='ltr'><strong>tuor-tuum</strong></span> <span class='ocrx_word' id='word_1_970' title='bbox 2466 5820 2742 5879; x_wconf 78' lang='lat' dir='ltr'><strong>revixisse.</strong></span> <span class='ocrx_word' id='word_1_971' title='bbox 2787 5845 2806 5877; x_wconf 73' lang='grc' dir='ltr'><strong>ι</strong></span> 
     </span>
    </p>
   </div>
  </div>
