3766 6572
494 383 638 440 1083

1981 376 2300 433 ORIGENIS
3271 421 3277 428 .
3609 369 3711 422 tos:
3738 369 3739 450 φ

490 516 610 556 sum
642 495 846 551 vixisse
880 492 1170 564 significat.
1213 491 1269 548 Si
1297 507 1428 563 ergo
1460 494 1512 546 in
1532 493 1730 548 anima
1761 491 1958 547 dicitur
1981 507 2066 546 re-
2095 495 2141 548 A
2170 504 2400 545 reretur.
2443 488 2550 544 Sed
2592 502 2660 542 ne
2703 486 2826 556 quis
2851 485 2932 558 (9)
2957 485 3061 539 hoc
3093 484 3346 541 mandato
3395 485 3537 554 legis
3579 453 3739 540 astri-‘

492 590 698 643 vixisse
747 595 1032 655 peccatum
1060 626 1076 651 ,
1113 585 1386 652 quomodo
1432 584 1485 638 hi
1539 583 1606 638 de
1649 583 1756 638 hoc
1807 597 2062 638 sermone

489 677 730 750 Apostoli
774 691 884 747 quo
929 675 1039 738 ait,
1081 692 1101 726 ι
1135 675 1248 743 Ego
1296 685 1475 729 autem
1509 675 1756 730 vivebam
1792 674 1910 729 sine
1943 673 2062 742 lege

490 768 802 839 aliquando,
841 786 862 820 ι
897 768 1089 832 dogma
1121 765 1665 836 μετενσωματώσεως
1688 767 2060 830 introducunt,

491 861 633 928 quod
663 859 874 913 animas
910 857 1185 912 hominum
1217 857 1364 927 prius
1394 858 1446 910 in
1473 857 1768 926 pecudibus
1789 897 1804 922 ,
1833 857 1918 911 vel
1949 857 2062 911 avi-

490 951 628 1017 bus,
670 961 762 1008 aut
805 949 1042 1018 piscibus
1087 949 1248 1002 docet
1286 945 1453 1001 fuisse
1478 987 1494 1012 ,
1526 956 1580 1000 et
1610 947 1690 1002 sic
1717 950 1786 1002 ad
1818 948 2062 1002 homines

488 1040 707 1096 venisse
738 1058 753 1094 :
787 1049 841 1094 et
867 1049 1154 1107 propterea
1190 1039 1267 1107 (5)
1299 1039 1499 1094 dixisse
1521 1039 1864 1109 Apostolum.
1899 1057 1918 1089 ι
1950 1038 2062 1109 Ego

486 1141 665 1186 autem
718 1132 963 1186 vivebam
1014 1135 1132 1186 sine
1183 1133 1302 1202 lege
1355 1131 1679 1200 aliquando,
1730 1150 1746 1182 ι
1782 1131 1938 1201 quasi
1968 1132 2059 1200 qui

487 1231 777 1290 antequam
813 1223 866 1276 in
897 1222 998 1275 huc
1021 1236 1219 1291 corpus
1247 1224 1459 1278 veniret
1482 1223 1777 1276 humanum
1800 1263 1815 1286 ,
1865 1224 2064 1277 vixerit

485 1313 539 1365 in
570 1328 634 1366 eo
666 1314 859 1368 ordine
885 1314 1058 1386 (verbi
1091 1315 1288 1384 gratia)
1319 1326 1412 1367 aut
1445 1315 1624 1369 avium
1645 1357 1660 1380 ,
1710 1325 1802 1368 aut
1851 1317 2061 1369 anima-

484 1405 654 1468 lium,
716 1407 808 1462 ubi
861 1406 948 1462 lex
1001 1408 1144 1462 nulla
1206 1407 1515 1462 haberetur.
1590 1406 1910 1474 Quomodo,
1981 1409 2063 1462 in-

482 1513 646 1565 quam
683 1499 798 1570 (6),
850 1500 919 1553 ad
969 1500 1071 1553 hoc
1121 1508 1375 1568 poterunt
1419 1500 1787 1568 respondere,
1835 1515 1957 1553 cum
2007 1500 2058 1553 in

483 1592 662 1645 anima
693 1607 800 1645 non
831 1608 1003 1660 nuper
1033 1603 1318 1658 exortum,
1348 1593 1440 1647 sed
1467 1594 1613 1661 quod
1639 1602 1759 1646 erat
1791 1603 2060 1646 mortuum

483 1683 629 1736 dicat
655 1683 922 1737 revixisse
943 1684 1267 1751 peccatum?
1299 1686 1362 1737 Et
1385 1693 1593 1738 certum
1619 1696 1702 1739 est
1728 1687 1870 1754 quod
1895 1684 1941 1738 is
1967 1684 2060 1754 qui

485 1775 801 1837 reviviscit,
836 1775 975 1828 vixit
1005 1777 1320 1844 aliquando.
1363 1776 1646 1845 Nunquam
1698 1793 1831 1846 ergo
1877 1779 2058 1832 anima

486 1868 540 1921 in
584 1882 651 1922 eo
679 1867 875 1922 ordine
925 1867 1092 1923 fuisse
1121 1869 1436 1934 videbitur,
1485 1871 1574 1924 ubi
1622 1879 1905 1937 peccatum
1948 1871 2064 1926 sine

486 1957 605 2025 lege
639 1973 740 2014 nec
769 1957 937 2014 fuisse
984 1960 1196 2029 potuit,
1228 1974 1326 2014 nec
1358 1963 1577 2018 vixisse.
1620 1961 1746 2016 Haec
1776 1965 2062 2018 adversum

483 2049 606 2106 illos
633 2051 777 2105 dicta
816 2051 926 2104 sint
950 2091 965 2115 ,
1017 2053 1108 2118 qui
1139 2051 1378 2120 Apostoli
1423 2067 1729 2107 sermonem
1763 2054 1828 2106 ad
1866 2057 2061 2124 dogma

487 2141 711 2209 impium
738 2141 981 2194 trahunt.
1023 2141 1135 2196 Nos
1178 2152 1359 2197 autem
1409 2153 1637 2198 mortem
1686 2145 1828 2201 hanc
1855 2148 2060 2214 peccati

483 2230 745 2285 beneficio
777 2233 867 2286 Dei
899 2233 1080 2286 datam
1125 2235 1355 2288 dicimus
1404 2245 1648 2303 tempore
1677 2252 1776 2299 eo,
1807 2252 1914 2306 quo
1946 2239 2063 2293 sine

486 2320 602 2390 lege
633 2321 971 2376 vivebamus.
996 2323 1148 2388 Quod
1179 2332 1234 2377 et
1258 2324 1303 2377 si
1333 2324 1585 2378 veniente
1612 2326 1887 2390 mandato,
1917 2327 2062 2395 quod

490 2428 510 2462 ι
544 2421 600 2466 ει
626 2423 898 2475 sanctum,
927 2423 981 2466 et
1003 2414 1232 2481 justum,
1265 2425 1319 2468 et
1349 2413 1547 2468 bonum
1581 2425 1684 2478 est,
1725 2434 1745 2468 ι
1789 2418 2063 2474 reviviscit

484 2507 540 2560 in
572 2507 728 2561 nobis
754 2517 1060 2577 peccatum,
1082 2518 1136 2562 et
1162 2508 1364 2563 occidit
1393 2523 1495 2562 nos
1528 2509 1574 2576 (ι
1612 2519 1891 2578 peccatum
1917 2511 2060 2564 enim

484 2609 706 2668 accepta
735 2598 1021 2654 occasione
1051 2613 1149 2668 per
1171 2601 1485 2653 mandatum
1511 2601 1724 2654 seduxit
1751 2617 1856 2667 me,
1883 2613 1937 2656 et
1965 2618 2064 2671 per

487 2685 619 2740 illud
672 2686 876 2741 occidit
908 2686 954 2758 ι)
986 2703 1090 2742 non
1118 2697 1201 2741 est
1243 2687 1520 2742 accusatio
1555 2690 1791 2743 mandati
1830 2705 1924 2760 per
1959 2691 2063 2747 hoc

484 2780 628 2847 quod
667 2781 1009 2834 occasionem
1037 2795 1142 2850 qua
1170 2780 1372 2834 occidit
1407 2797 1496 2836 me
1535 2791 1816 2850 peccatum
1844 2785 2062 2840 venisse

482 2871 613 2926 dicit
657 2886 726 2926 ex
770 2875 1060 2937 mandato,
1094 2874 1187 2927 sed
1232 2873 1348 2927 hate
1385 2883 1470 2928 est
1506 2875 1636 2930 dicti
1680 2875 1842 2945 hujus
1867 2893 2060 2933 conse-

482 2962 726 3029 quentia.
786 2962 897 3018 Lex
947 2965 1147 3019 dicitur
1176 2981 1297 3034 quae
1331 2966 1488 3020 docet
1529 2966 1658 3035 quid
1687 2967 1807 3022 ﬁeri
1844 2968 2059 3035 debeat,

477 3051 608 3121 quid
641 3054 855 3120 caveri;
891 3065 948 3108 et
989 3070 1212 3110 necesse
1242 3064 1325 3109 est
1352 3067 1408 3110 ut
1433 3057 1565 3110 illud
1601 3058 1744 3127 quod
1771 3058 1953 3114 caveri
1981 3060 2062 3114 di-

478 3144 577 3209 cit,
607 3145 833 3201 edoceat
864 3146 941 3219 (7)
975 3148 1136 3218 quale
1163 3150 1256 3213 sit,
1306 3164 1414 3217 quo
1444 3165 1540 3219 per
1566 3152 1670 3206 hoc
1695 3151 1878 3207 caveri
1914 3150 2056 3207 faci-

2166 581 2358 645 heret,
2406 579 2546 649 quod
2581 576 2875 633 occasione
2905 575 3159 645 praecepti
3190 590 3219 628 τι
3251 585 3486 643 peccato
3513 575 3624 644 (ιιι,
3651 593 3716 630 se

2167 669 2330 723 ducta
2355 679 2439 724 est
2469 669 2649 722 anima
2674 677 2728 721 et
2760 667 2942 721 occisa
2965 704 2981 729 ,
3030 665 3307 736 subjungit
3349 666 3660 734 Apostoius,
3681 681 3718 720 et

2167 762 2347 816 dicit:
2390 779 2409 812 ‹
2450 762 2636 830 Itaque
2685 761 2772 814 lex
2819 760 3034 829 quidem
3083 767 3311 823 sancta,
3342 768 3404 812 et
3435 760 3716 814 mandata:

2167 862 2439 920 sanctum,
2492 861 2548 907 et
2588 853 2820 922 justum,
2849 860 2905 905 et
2936 849 3156 906 bonum.
3194 870 3214 903 ι
3249 851 3466 906 Bonum
3519 866 3718 921 naqu

2167 953 2252 998 est
2297 945 2628 1009 mandatum,
2679 951 2734 996 et
2778 941 2862 995 lex
2891 949 3075 994 sancta
3106 950 3208 995 est.
3250 939 3406 996 Bona
3437 941 3583 995 enim
3610 957 3716 1008 pra:-

2167 1036 2332 1106 cipit,
2379 1047 2435 1091 et
2479 1035 2744 1090 bonorum
2789 1035 3192 1089 observantiam
3244 1035 3499 1089 mandat.
3546 1053 3564 1084 ι
3596 1035 3717 1100 Quod

2167 1140 2352 1195 ergo,»
2386 1125 2584 1195 inquit,
2622 1143 2640 1175 ι
2674 1127 2872 1178 bonum
2903 1133 3006 1192 est,
3040 1126 3171 1180 mihi
3199 1141 3348 1180 mors
3381 1125 3510 1180 est?
3540 1124 3715 1180 Διιιι.»

2167 1216 2542 1285 Objectionem
2594 1216 2798 1271 refellit
2844 1218 3154 1272 necessario
3201 1228 3719 1287 consurgentem,et

2168 1309 2340 1364 dicit:
2376 1308 2495 1363 Non
2525 1309 2666 1377 quod
2695 1307 2900 1363 bonum
2951 1308 3084 1376 legis
3127 1319 3182 1363 ct
3223 1310 3477 1364 mandati
3520 1321 3719 1365 mortem

2169 1405 2300 1460 mihi
2351 1405 2632 1470 intulerit;
2687 1422 2707 1456 t
2737 1403 2832 1458 sed
2877 1413 3197 1472 peccatum,
3231 1422 3252 1456 ι
3311 1404 3538 1473 inquit,
3577 1422 3598 1456 ι
3627 1413 3716 1457 ιιι»

2168 1514 2330 1570 quam
2362 1499 2606 1568 iniquum
2637 1497 2707 1552 sit
2743 1515 2762 1548 ι
2805 1506 3101 1566 appareat,
3130 1512 3226 1567 per
3253 1496 3464 1552 bonum
3502 1498 3625 1550 mihi
3655 1499 3720 1550 in-

2171 1591 2291 1646 tulit
2319 1602 2545 1646 mortem
2579 1590 2717 1661 (ll).
2753 1609 2772 1642 ι
2812 1590 3018 1644 Bonum
3049 1605 3284 1659 namque
3315 1601 3404 1645 est
3436 1592 3718 1643 mandatum

2167 1699 2290 1738 cum
2336 1691 2586 1738 servatur
2621 1701 2636 1736 :
2670 1681 2714 1736 si
2765 1696 2895 1737 vero
2941 1696 3046 1735 non
3089 1691 3380 1748 servetur,
3439 1683 3721 1735 necessario

2168 1775 2368 1828 malum
2421 1774 2527 1828 erit
2575 1772 2648 1827 illi
2706 1774 2800 1843 qui
2847 1774 3142 1842 perdiderit
3191 1776 3416 1828 bonum.
3487 1773 3575 1830 Fit
3617 1792 3721 1845 ergo

2095 1855 2137 1908 Β
2173 1885 2191 1918 ι
2230 1867 2404 1934 ipsum
2440 1874 2723 1935 peccatum
2759 1879 2921 1933 supra
2951 1865 3166 1919 modum
3205 1877 3470 1934 peccator
3502 1886 3521 1916 ι
3551 1883 3614 1920 ex
3644 1884 3718 1921 oc-

2167 1958 2390 2012 casione
2437 1955 2699 2010 mandati.
2745 1955 2993 2010 Diximus
3029 1966 3086 2010 et
3115 1959 3366 2026 superius
3420 1961 3569 2027 quod
3595 1963 3719 2028 quasi

2165 2065 2454 2119 personam
2510 2049 2730 2103 finxerit
2785 2050 3034 2118 peccati,
3070 2058 3128 2104 et
3167 2049 3233 2103 de
3259 2050 3370 2118 ipsa
3407 2051 3560 2104 dicat
3587 2069 3718 2120 supra

2165 2141 2382 2193 modum
2433 2149 2768 2209 peccatorem
2801 2137 3055 2194 effectum
3102 2141 3276 2210 ipsum
3310 2153 3600 2210 peccatum
3625 2182 3639 2205 ,
3671 2143 3720 2194 de

2165 2231 2322 2299 cujus
2347 2245 2578 2299 persona
2608 2229 2886 2298 loquitur,
2913 2245 2979 2284 ex
3014 2232 3309 2286 occasione
3336 2236 3604 2287 mandati.
3641 2235 3718 2287 Mi—

2166 2337 2266 2376 nus
2304 2323 2446 2374 enim
2479 2321 2686 2389 peccati
2712 2328 2795 2374 est
2825 2319 2938 2391 (l2)
2959 2361 2974 2383 ,
3008 2321 3052 2375 si
3082 2321 3132 2374 id
3162 2322 3302 2390 quod
3337 2339 3454 2378 non
3493 2325 3720 2391 prohibe-

2163 2423 2254 2467 tur
2287 2413 2561 2467 admittas.
2606 2410 2663 2466 Si
2701 2427 2834 2466 vero
2867 2413 3032 2466 vetita
3057 2423 3114 2466 et
3136 2413 3426 2468 interdicta
3461 2419 3722 2469 couunise-

2164 2508 2264 2572 ris,
2296 2522 2457 2575 supra
2492 2506 2745 2569 modum,
2777 2515 2834 2559 ut
2865 2505 2940 2560 ita
2971 2506 3169 2571 dicam,
3193 2517 3458 2577 peccator
3484 2524 3546 2564 es
3573 2529 3588 2563 :
3619 2511 3722 2578 quin

2166 2614 2272 2652 non
2306 2598 2479 2652 solum
2514 2596 2837 2652 commisisti
2887 2597 3030 2664 quod
3075 2611 3182 2649 non
3230 2597 3510 2665 debuisti,
3560 2603 3646 2654 sed
3681 2613 3720 2654 et

2161 2701 2486 2758 praeceptum
2538 2688 2926 2757 praevaricatus
2975 2702 3054 2742 es.
3095 2686 3250 2752 Quod
3277 2698 3472 2744 autem
3517 2693 3722 2767 diximus

2168 2799 2187 2832 ι
2223 2792 2504 2850 peccatum
2537 2783 2814 2852 peccator,
2850 2799 2870 2833 ι
2923 2782 3219 2839 maluimus
3251 2785 3452 2838 vitium
3484 2787 3723 2839 sermonis

2164 2872 2436 2940 recipere,
2459 2889 2620 2942 quam
2647 2889 2865 2928 sensum
2889 2875 3134 2946 Apostoli
3174 2890 3277 2930 non
3316 2876 3542 2945 integre
3567 2880 3720 2943 expri-

2164 2979 2315 3019 mere
2347 2980 2363 3018 :
2400 2967 2523 3034 quia
2559 2967 2612 3020 in
2650 2966 2846 3022 Latino
2890 2983 3142 3024 sermone
3183 2972 3621 3035 angustavitnos
3648 2987 3720 3020 no-

2163 3072 2288 3110 men
2324 3058 2558 3126 peccati,
2578 3060 2724 3128 quod
2755 3069 2946 3115 neutro
2968 3075 3166 3130 genere
3191 3060 3510 3116 declinatur
3542 3075 3556 3110 :
3587 3060 3722 3131 585

2165 3146 2216 3200 in
2239 3145 2430 3203 Graeco
2459 3163 2588 3202 vero
2612 3148 2928 3203 femininum
2952 3149 3244 3216 est;etideo
3258 3158 3604 3218 peccatorem
3623 3169 3720 3207 eum

477 3233 583 3289 lius
610 3236 802 3305 possit.
845 3235 1015 3292 Nemo
1059 3237 1204 3291 enim
1251 3247 1428 3306 potest
1471 3239 1645 3295 vitare
1687 3241 1828 3308 quod
1860 3241 2053 3296 nescit.
2083 3227 2125 3284 C
2162 3252 2262 3291 nos
2288 3237 2676 3307 appellavimus
2709 3256 2724 3294 :
2764 3254 2887 3294 nam
2923 3239 2996 3294 ibi
3028 3241 3306 3310 peccatrix
3351 3245 3620 3311 appellari
3647 3260 3721 3312 po-

479 3325 535 3380 Si
564 3328 688 3396 quis
719 3343 850 3396 ergo
883 3329 1104 3383 edoctus
1132 3344 1229 3398 per
1259 3329 1428 3399 legem
1470 3331 1630 3400 quale
1659 3333 1732 3387 sit
1757 3333 1887 3387 illud
1915 3336 2055 3402 quod

478 3435 673 3474 cavere
703 3420 889 3483 debet.
933 3437 1042 3476 non
1075 3429 1185 3476 tant
1218 3433 1432 3489 caveat,
1476 3440 1637 3493 quam
1671 3425 1840 3480 faciat
1884 3427 2011 3481 illud
2041 3445 2055 3492 ;

476 3512 766 3566 occasione
792 3513 1010 3580 quidem
1045 3513 1180 3583 legis
1210 3529 1314 3568 non
1363 3515 1628 3570 faciendas
1659 3519 1736 3572 rei
1771 3519 2056 3574 scientiam

477 3604 754 3658 videbitur
797 3606 1077 3675 accepisse
1123 3625 1137 3661 :
1177 3608 1273 3662 sed
1299 3607 1386 3662 lex
1417 3624 1523 3663 non
1564 3610 1770 3665 idcirco
1803 3627 1926 3666 eum
1955 3613 2055 3668 do-

477 3706 670 3752 cuerat
703 3707 764 3752 ut
793 3697 1003 3754 faceret
1033 3701 1179 3770 quod
1209 3716 1317 3756 non
1343 3703 1594 3769 debebat,
1629 3713 1686 3759 et
1715 3715 2054 3774 moreretur;

477 3791 572 3845 sed
601 3799 658 3843 ut
689 3806 794 3845 non
822 3791 1048 3858 faceret,
1083 3801 1139 3848 et
1164 3793 1390 3848 viveret.
1439 3795 1530 3850 Sic
1552 3810 1682 3866 ergo
1727 3814 1746 3848 t
1771 3807 2056 3865 peccatum

475 3881 765 3937 occasione
794 3891 1018 3953 accepta
1039 3898 1136 3952 per
1162 3885 1478 3940 mandatum
1510 3887 1729 3941 seduxit
1751 3902 1857 3953 me,
1881 3897 1937 3942 et
1964 3903 2058 3958 per

477 3973 606 4027 illud
640 3974 860 4030 occidit.
887 3995 906 4029 ι
949 3977 1059 4032 Αιιι
1093 3988 1243 4032 certe
1269 3979 1392 4046 quia
1421 3979 1562 4032 dixit
1589 3978 1689 4050 (8),
1726 3998 1744 4030 ι
1768 3980 2055 4034 Pet-catum

476 4080 574 4134 per
603 4068 916 4122 mandatum
961 4071 1178 4124 seduxit
1219 4086 1325 4135 me,
1359 4079 1416 4125 et
1463 4072 1736 4141 per'illud
1765 4074 1986 4139 occidit,
2031 4092 2050 4125 ι

477 4167 658 4225 potest
683 4159 770 4214 hic
805 4178 824 4210 ι
857 4171 1142 4230 peccatum
1170 4180 1190 4214 ι
1228 4163 1313 4218 vel
1341 4162 1516 4231 ipsum
1544 4175 1823 4219 auctorem
1855 4165 2057 4221 dixisse

477 4249 724 4315 peccati,
757 4250 823 4306 de
869 4266 977 4320 quo
1020 4253 1283 4319 scriptum
1327 4264 1411 4307 est
1448 4271 1463 4309 :
1504 4272 1524 4305 ι
1559 4252 1801 4323 Serpens
1843 4255 2058 4310 seduxit

477 4352 564 4390 me
593 4338 639 4369 ⁸ο
673 4357 688 4394 :
727 4358 748 4391 ι
790 4342 874 4395 vel
905 4343 1070 4395 etiam
1103 4360 1392 4412 personam
1420 4343 1644 4400 finxisse
1672 4347 1904 4415 peccati,
1935 4361 2056 4416 qua:

473 4430 592 4482 visa
622 4431 695 4485 sit
728 4431 1002 4488 hominem
1045 4436 1326 4490 seduxisse
1373 4439 1664 4491 occasione
1694 4438 1965 4503 mandati,
1997 4447 2055 4491 ut

473 4535 695 4574 suavem
721 4521 928 4576 faceret
956 4527 1548 4594 concupiscentiam,et
1570 4528 1751 4580 anima
1777 4529 1904 4581 dum
1928 4544 2054 4582 sua-

472 4613 642 4666 vitate
707 4616 1168 4682 concupisceutize
1239 4617 1584 4684 delectatur,
1637 4621 2051 4688 praevaricando

475 4706 789 4759 mandatum
817 4708 962 4774 quod
997 4707 1235 4774 dicebat,
1286 4727 1306 4760 t
1336 4726 1441 4764 non
1473 4713 1848 4781 concupisces,
1887 4732 1908 4765 ι
1937 4729 2053 4768 mo-

539 4799 588 4830 ³⁰
617 4797 757 4854 Gen.
796 4815 880 4869 ιιι,
908 4801 995 4856 l5.

545 4897 624 4968 (5)
669 4899 760 4952 Sic
805 4915 939 4973 mss.
987 4899 1224 4973 codices.
1265 4901 1407 4957 Editi
1434 4917 1598 4973 vero,
1634 4923 1653 4956 t
1688 4906 1957 4973 quomodo
1985 4907 2052 4961 de

473 4969 577 5041 hoc
629 4983 879 5041 sermone
915 4971 1207 5041 Apostolus
1251 4973 1327 5024 ait
1378 4990 1392 5026 :
1442 4971 1554 5041 Ego
1595 4969 1770 5026 autem
1812 4978 2052 5030 vivebam

468 5039 581 5114 sine
626 5038 736 5114 lege
795 5040 1107 5114 aiiqunndo.
1172 5038 1520 5114 Respondent
1569 5044 2052 5114 Pythagorizantes

470 5107 711 5185 ltzeretici
752 5111 852 5185 qui
877 5113 1072 5185 docent
1118 5107 1333 5185 animas
1368 5107 1647 5185 hominum
1679 5107 1830 5183 prius
1865 5133 1915 5167 ιιι
1957 5132 2050 5185 pe-

469 5177 699 5250 cudibus
721 5181 852 5250 ,_vel
886 5181 1078 5233 avibus
1099 5219 1113 5240 ,
1151 5192 1240 5234 aut
1279 5182 1517 5249 piscibus
1547 5177 1745 5250 fuisse,
1776 5199 1831 5238 et
1871 5177 2048 5242 sic-ad

469 5245 720 5301 homines
748 5247 990 5313 ﬂuxisse,
1027 5245 1330 5317 propterea,
1377 5270 1394 5302 ι
1426 5266 1532 5306 ειε.

564 5317 618 5388 β)
656 5317 821 5388 ξόίιί,
853 5337 873 5369 t
907 5321 1104 5388 inquit,
1143 5338 1162 5370 ι
1202 5323 1360 5375 male.

567 5385 757 5462 7)_Sic_
779 5400 926 5443 recte
954 5385 1061 5462 ms.
1088 5407 1243 5462 unus
1277 5391 1481 5462 ltegius
1511 5408 1659 5447 num.
1695 5393 1854 5449 1659.
1897 5393 2048 5448 Alter

467 5470 601 5533 vero
626 5456 828 5533 {legius
860 5476 1013 5533 num.
1044 5459 1202 5525 1641,
1241 5480 1260 5512 t
1291 5471 1340 5515 el
1362 5456 1595 5533 inet-esse
1621 5463 1749 5533 illud
1776 5466 1921 5533 quod
1959 5479 2050 5518 ca-

469 5527 585 5580 veri
620 5527 775 5591 dicit,
812 5536 870 5582 ut
901 5530 1116 5593 doceat,
1158 5549 1176 5582 ι
1212 5541 1320 5585 etc.
1361 5531 1503 5585 Editi
1532 5543 1585 5586 et
1618 5527 1896 5599 llabauus,
1939 5553 1959 5584 ι
1995 5545 2052 5588 ει

467 5610 691 5672 necesse
734 5607 824 5672 est
862 5599 991 5672 illud
1043 5611 1100 5653 ut
1145 5604 1323 5654 caveri
1366 5603 1511 5655 dicat
1563 5601 1883 5672 (Rabanus,
1933 5623 1952 5654 ι
1995 5613 2053 5657 ut

465 5667 608 5741 quod
643 5668 826 5741 caveri
858 5670 988 5722 dicit
1037 5673 1083 5741 ι)
1117 5684 1171 5724 ει
1196 5675 1409 5736 doceat,
1449 5691 1468 5722 ι
1505 5667 1612 5726 etc.

432 5806 434 5810 ι
469 5816 486 5860 ι
537 5736 625 5863 (Si).
655 5738 826 5863 {\‘lias,
867 5740 1003 5794 «Aut
1028 5736 1176 5796 certe
1201 5745 1329 5810 quia
1348 5742 1470 5815 (aL,
1506 5745 1688 5812 «quod
1724 5744 1772 5815 ι)
1797 5744 2050 5813 frequen-

491 5825 682 5863 vrttxt
717 5849 730 5863 .
776 5829 795 5861 ι
2000 5860 2002 5863 .

469 5816 550 5862 tvr
574 5810 730 5865 dixit.
776 5829 795 5861 ι

2166 3339 2286 3384 test.

2232 3425 2288 3478 9.
2331 3442 2350 3474 ‹
2376 3422 2593 3480 Scimus
2616 3427 2761 3481 enim
2788 3428 2913 3498 quia
2946 3426 3031 3481 lex
3059 3426 3318 3496 spiritalis
3347 3437 3436 3481 est
3470 3443 3487 3482 :
3523 3446 3618 3498 ego
3644 3446 3720 3482 au-

2163 3529 2270 3572 tem
2307 3519 2548 3575 carnalis
2578 3535 2722 3585 sum,
2764 3523 3107 3575 venundatus
3151 3519 3252 3574 sub
3297 3531 3557 3587 peccato.
3594 3520 3720 3586 Quod

2159 3610 2300 3664 enim
2333 3625 2549 3680 operor,
2569 3611 2760 3682 ignoro
2781 3627 2916 3667 :non
2934 3611 3081 3665 enim
3165 3611 3303 3680 quod
3335 3609 3466 3665 volo
3493 3612 3720 3683 (l3),hoc

2159 3719 2295 3771 ago;
2333 3704 2426 3758 sed
2459 3705 2598 3773 quod
2627 3704 2738 3767 odi,
2769 3703 2900 3758 illud
2929 3704 3087 3757 facio.
3121 3703 3179 3758 Si
3207 3715 3386 3758 autem
3419 3708 3572 3774 quod
3596 3705 3716 3766 nolo,

2159 3793 2291 3848 illud
2322 3795 2485 3859 facio,
2521 3795 2801 3849 consentio
2830 3795 2955 3863 legi,
2991 3795 3250 3863 quoniam
3289 3797 3426 3850 bona
3459 3807 3568 3850 est.
3591 3794 3716 3857 Nunc

2165 3896 2345 3940 autem
2387 3885 2499 3952 jam
2529 3901 2633 3938 non
2674 3899 2772 3954 ego
2815 3899 3011 3952 operor
3039 3883 3167 3938 illud
3188 3925 3204 3950 ,
3241 3886 3334 3940 sed
3360 3891 3511 3956 quod
3539 3885 3717 3940 habitat

2160 3977 2213 4030 in
2247 3990 2333 4029 me
2364 3984 2668 4044 peccatum.
2713 3979 2840 4030 Scio
2889 3978 3034 4030 enim
3084 3979 3215 4046 quia
3265 3994 3376 4032 non
3429 3979 3638 4032 habitat
3676 3980 3714 4030 in

2159 4081 2267 4130 me,
2306 4066 2408 4120 hoc
2435 4075 2519 4120 est
2548 4067 2600 4120 in
2630 4079 2797 4121 carne
2822 4081 2961 4129 mea,
2989 4066 3217 4120 bonum.
3279 4066 3429 4120 Velle
3455 4068 3604 4122 enim
3636 4066 3714 4117 ad-

2153 4157 2302 4226 iacet
2333 4158 2465 4212 mihi
2515 4174 2530 4211 :
2581 4156 2839 4225 perficere
2879 4167 3058 4211 autem
3112 4157 3314 4211 bonum
3347 4171 3454 4211 non
3501 4157 3713 4211 invenio.

2157 4251 2273 4306 Non
2305 4253 2450 4305 enim
2482 4251 2626 4319 quod
2657 4250 2778 4304 volo
2810 4249 2954 4304 facio
2992 4252 3226 4315 bonum;
3271 4249 3367 4303 sed
3419 4250 3564 4317 quod
3610 4247 3714 4301 nolo

2158 4343 2381 4406 malum,
2421 4342 2524 4395 hoc
2551 4357 2672 4410 ago.
2716 4341 2774 4397 Si
2802 4350 2981 4397 autem
3012 4341 3124 4412 (14)
3153 4342 3296 4410 quod
3330 4341 3481 4404 nolo,
3525 4355 3618 4410 ego
3645 4339 3711 4390 fa-

2158 4435 2268 4499 cio,
2304 4449 2408 4487 non
2433 4433 2543 4501 jam
2579 4448 2682 4503 ego
2713 4447 2913 4502 operor
2938 4432 3086 4496 illud,
3133 4432 3228 4485 sed
3255 4432 3402 4502 quod
3445 4432 3643 4486 habitat
3669 4429 3711 4480 in

2164 4543 2251 4581 me
2285 4536 2585 4596 peccatum.
2628 4524 2852 4579 Invenio
2896 4524 3063 4592 igitur
3097 4523 3268 4592 legem
3294 4566 3308 4591 ,
3349 4522 3552 4576 volenti
3599 4520 3708 4572 mihi

2158 4619 2340 4673 facere
2371 4619 2570 4671 bonum
2595 4656 2611 4682 ,
2646 4617 2900 4686 quoniam
2932 4616 3062 4669 mihi
3095 4615 3294 4669 malum
3323 4615 3557 4684 adjacet.
3593 4613 3714 4666 Con-

2164 4709 2404 4766 delector
2431 4709 2574 4764 enim
2609 4708 2713 4780 legi
2753 4707 2849 4764 Dei
2879 4714 3176 4766 secundum
3213 4709 3530 4764 interiorem
3563 4703 3712 4760 homi-

2227 4899 2303 4969 (9)
2341 4898 2492 4964 Quis.
2545 4897 2707 4951 Deest
2732 4896 2809 4969 __in
2858 4897 3036 4951 editis.
3095 4895 3285 4960 Alias,
3339 4913 3359 4945 ι
3393 4892 3498 4949 Sed
3529 4909 3592 4948 ne
3623 4895 3706 4949 hoc

2153 4967 2406 5026 umndatu
2437 4969 2569 5036 legis
2599 4967 2985 5030 ascriberetur,
3031 4986 3050 5018 ι
3081 4977 3185 5020 etc.

2225 5039 2338 5107 (l0)
2379 5041 2418 5091 Α
2451 5049 2686 5102 peccato.
2723 5037 3072 5094 Desideratur
3103 5038 3155 5107 in
3183 5043 3341 5088 antea
3369 5035 3547 5088 editis.

2224 5112 2337 5175 (ll)
2380 5110 2548 5170 Alias,
2577 5107 2722 5160 «Non
2752 5108 2894 5174 quod
2919 5107 3115 5159 bonum
3140 5106 3275 5174 legis
3303 5115 3357 5158 et
3385 5108 3700 5157 maudatnun

2152 5183 2249 5250 (al.
2291 5179 2438 5233 «Non
2465 5177 2830 5250 quodbonum
2855 5178 2992 5250 legis
3013 5179 3382 5250 mandatum.)
3402 5175 3510 5250 AL,
3541 5176 3702 5240 «Quod

2151 5244 2256 5306 non
2289 5244 2495 5304 bonum
2522 5248 2658 5316 legis
2685 5244 2994 5302 etmandati
3011 5255 3053 5313 ι)
3087 5246 3371 5311 intulerit;
3416 5246 3505 5298 sed
3531 5260 3704 5312 pecca-

2151 5333 2288 5383 tum,
2323 5321 2519 5388 inquit,
2553 5327 2612 5371 nt
2641 5332 2705 5372 eo
2731 5321 2876 5386 quod
2905 5320 3148 5388 iniquum
3181 5317 3276 5379 sit,
3325 5332 3420 5388 per
3445 5318 3655 5376 bonum,
3681 5331 3698 5364 ι

2147 5392 2243 5453 al.,
2279 5399 2367 5443 tut
2395 5386 2523 5457 quia
2546 5388 2789 5456 iniquum
2817 5388 2911 5450 sit,
2928 5403 3021 5455 per
3047 5386 3302 5439 bonuma
3336 5387 3421 5439 Al.
3447 5397 3536 5457 fut
3557 5401 3703 5452 quam

2147 5462 2390 5529 iniquum
2415 5455 2487 5512 Sit
2521 5455 2932 5526 cognoscerem,
2957 5472 3054 5525 per
3082 5460 3304 5520 bonum,
3327 5475 3345 5506 ι
3368 5455 3498 5508 mihi
3527 5471 3703 5524 opera-

2147 5541 2258 5586 tum
2293 5539 2377 5583 est
2409 5540 2659 5584 mortem.
2696 5546 2715 5578 ι

2219 5601 2332 5670 (12)
2372 5598 2474 5652 Ms.
2502 5615 2640 5651 unus
2659 5637 2674 5660 ,
2716 5617 2734 5670 ι
2774 5596 2948 5670 Minus
2975 5598 3120 5670 enim
3148 5606 3532 5670 _peccator_es,_
3553 5613 3574 5646 ι
3605 5604 3697 5646 etc.

2220 5665 2333 5740 (15)
2379 5671 2468 5740 Sic
2512 5683 2644 5722 mss.
2679 5668 2929 5740 plerique
2971 5679 3026 5740 et
3064 5667 3338 5721 Rabanns.
3385 5665 3694 5740 ΔΕιιὶιῌειιι.

2154 5761 2173 5792 t
2206 5735 2347 5808 quod
2375 5739 2498 5794 volo
2528 5735 2726 5792 bonum
2752 5755 2766 5804 ;
2794 5757 2812 5789 ι
2836 5735 3064 5804 deinde,
3107 5756 3126 5788 ι
3159 5741 3304 5808 quod
3332 5737 3416 5794 odi
3447 5735 3655 5790 malum.
3677 5763 3688 5784 ι

2222 5810 2334 5880 (li)
2377 5809 2540 5876 Edili,
2581 5827 2598 5859 t
2641 5808 2698 5864 Si
2727 5811 2891 5876 cuitu,
2927 5828 2944 5861 ι
2981 5810 3142 5864 male.
