3766 6546
45 386 190 444 1083

43 523 166 562 nem

46 609 440 670 repugnantem
467 599 566 669 legi
597 599 795 654 mentis
824 613 989 662 mem,
1015 609 1070 652 et
1097 600 1367 669 captivum
1401 614 1485 654 me
1521 601 1624 653 du-

52 702 264 746 centem
295 692 349 746 in
384 692 496 762 lege
525 692 768 761 peccati,
817 705 937 760 qua:
971 699 1055 744 est
1087 691 1140 744 in
1174 692 1430 746 membris
1464 691 1621 746 meis.

47 784 212 839 Miser
233 798 332 853 ego
359 785 543 846 homo,
577 784 700 852 quis
727 799 812 838 me
844 784 1096 839 liberabit
1129 785 1194 838 de
1223 799 1452 850 corpore
1479 799 1625 838 mor-

48 878 112 931 tis
146 876 347 944 hujus?
375 875 564 932 Gratia
599 875 692 931 Dei
724 876 838 945 (15)
880 891 978 947 per
1007 874 1188 929 Jesum
1215 874 1492 931 Christum
1519 877 1624 931 Do-

47 969 248 1021 minum
294 978 540 1022 nostrum
569 969 613 1000 3"
646 1010 660 1024 .
689 987 722 1019 λ
768 969 825 1023 Si
875 968 961 1024 cui
1011 968 1150 1023 forte
1190 967 1280 1022 illa
1328 969 1620 1039 expositio,

47 1075 200 1126 quam
249 1060 316 1113 de
362 1059 541 1128 legum
589 1061 907 1116 diversitate
951 1063 1308 1129 tenebamus,
1356 1062 1623 1118 violenter

47 1162 373 1220 praesumpta
421 1153 744 1218 videbatur,
777 1151 1026 1207 advertat
1056 1168 1197 1208 nunc
1239 1154 1292 1207 in
1330 1155 1433 1207 hoc
1475 1155 1623 1223 capi-

49 1246 172 1309 tulo,
206 1244 482 1313 quomodo
513 1243 628 1313 (16)
658 1259 762 1297 non
796 1243 968 1298 solum
997 1244 1200 1314 legum,
1230 1246 1322 1299 sed
1353 1254 1409 1300 et
1441 1261 1624 1314 perso-

49 1351 235 1389 narum
268 1337 566 1390 diversitas
595 1337 981 1391 introducitur.
1042 1338 1175 1392 Nam
1207 1337 1411 1393 Paulus
1439 1340 1530 1408 qui
1567 1339 1619 1392 in

48 1429 160 1483 aliis
193 1429 339 1482 dixit
368 1429 412 1461 "
441 1469 456 1493 ,
497 1448 516 1480 ι
552 1427 661 1484 Nos
689 1429 833 1483 enim
863 1430 913 1483 in
947 1444 1112 1486 carne
1139 1432 1479 1487 ambulantes
1510 1447 1616 1486 non

48 1521 337 1575 secundum
430 1535 650 1575 carnem
696 1521 994 1595 militamus
1037 1522 1189 1595 (17),
1228 1541 1247 1575 ι
1285 1525 1338 1577 in
1368 1522 1619 1593 praesenti

49 1613 157 1667 loco
205 1613 342 1668 dicit
387 1629 447 1669 se
491 1630 612 1670 esse
660 1615 934 1668 carnalem
972 1593 1001 1669 ἐ
1046 1625 1100 1669 et
1132 1593 1225 1668 hic
1257 1615 1358 1670 sub
1394 1623 1622 1684 peccato

49 1705 171 1758 dicit
203 1717 264 1758 se
296 1719 419 1759 esse
448 1706 841 1768 venundatum,
897 1707 986 1774 qui
1037 1706 1092 1759 in
1134 1706 1255 1760 aliis
1289 1706 1424 1759 dixit
1452 1704 1564 1775 (18)
1603 1722 1616 1758 :

53 1811 70 1844 ι
100 1791 278 1848 Pretio
322 1795 491 1862 empti
545 1794 679 1850 estis
700 1796 781 1862 1*³;
827 1815 846 1846 ι
890 1805 944 1849 et
993 1795 1186 1850 iterum
1235 1813 1252 1850 :
1317 1816 1335 1848 ι
1368 1795 1620 1851 Christus

1003 385 1361 442 COMMENT.
1402 384 1471 442 1N
1511 385 1729 441 EPIST.
1759 385 1850 441 AD
1881 385 2051 444 ROM.
2089 387 2221 444 LIB.
2249 386 2339 446 Vl.

221 524 236 561 :
274 506 432 562 video
478 516 658 562 autem
695 507 854 561 aliam
889 505 1061 576 legem
1098 509 1150 560 in
1184 509 1443 562 membris
1490 509 1625 563 meis
1655 518 1701 569 Α
1729 507 1882 574 Quod
1913 525 2046 564 vero
2091 510 2257 576 dicit,
2296 527 2318 562 ι
2355 509 2466 580 Ego
2497 518 2678 564 autem
2726 509 2962 566 carnalis
3005 526 3126 568 sum
3150 555 3164 578 ,
3204 527 3301 568 ve-

3163 389 3302 448 1686

1731 602 2004 656 nundatus
2051 602 2154 656 sub
2200 611 2446 670 peccato,
2480 621 2500 654 ι
2541 603 2627 656 hic
2667 603 2779 672 jam
2829 611 3083 672 tanquam
3111 603 3305 659 ductor

1729 691 1995 747 Ecclesia:
2027 708 2313 763 personam
2338 695 2390 748 in
2425 695 2776 764 semetipsum
2807 694 3036 763 suscipit
3060 695 3306 749 inlirino-

1729 799 1885 848 rum;
1923 795 2146 852 propter
2175 784 2320 853 quod
2374 794 2431 839 et
2477 784 2604 839 alibi
2657 784 2797 838 dixit
2831 801 2846 838 :
2887 802 2906 836 ‹
2941 783 3138 840 Factus
3185 800 3304 839 sum

1730 876 1963 930 iulirmis
1992 875 2278 942 inﬁrmus,
2315 887 2376 932 ut
2404 877 2648 932 inﬁrmos
2680 877 2927 940 lucrarer
2950 878 3018 930 ".
3047 895 3068 929 ι
3122 877 3189 932 Et
3217 877 3308 932 hic

1728 981 1859 1036 ergo
1888 967 2280 1024 inﬁrmioribus
2311 970 2654 1039 quibusque,
2691 969 2744 1023 id
2769 977 2852 1023 est
2877 968 3186 1023 carnalibus
3205 1008 3221 1033 ,
3253 979 3308 1024 et

1728 1061 1819 1129 qui
1861 1062 1963 1116 sub
2012 1071 2241 1130 peccato
2286 1060 2580 1115 venundati
2628 1069 2787 1125 sunt,
2837 1058 3071 1116 eﬂicitur
3108 1060 3309 1115 Paulus

1729 1153 1972 1207 carnalis
2012 1163 2067 1206 et
2091 1153 2193 1208 sub
2221 1161 2450 1224 peccato
2475 1152 2842 1217 venundatus,
2887 1161 2942 1207 et
2976 1153 3214 1221 loquitur
3243 1166 3307 1208 ea

1727 1260 1850 1314 quae
1878 1245 1986 1300 illis
2016 1245 2164 1315 loqui
2193 1247 2364 1302 moris
2393 1254 2480 1300 est
2511 1244 2598 1299 vel
2625 1246 2993 1300 excusationis
3040 1245 3124 1300 vel
3155 1247 3310 1300 incu-

1727 1337 1960 1392 sationis
2009 1338 2257 1392 obtentu.
2312 1337 2401 1391 Ait
2429 1352 2560 1407 ergo
2599 1338 2666 1393 de
2707 1352 2766 1393 se
2807 1337 2920 1408 (26)
2952 1349 3206 1409 tanquam
3239 1354 3308 1394 ex

1729 1443 1962 1498 persona
2017 1430 2239 1484 illorum
2271 1428 2500 1498 loquens
2547 1448 2563 1484 :
2622 1448 2641 1481 ι
2686 1430 2798 1499 Ego
2849 1440 3028 1485 autem
3072 1431 3308 1486 carnalis

1729 1536 1870 1586 sum,
1918 1523 2264 1577 venundatus
2291 1521 2394 1576 sub
2424 1521 2646 1592 peccato
2678 1541 2694 1578 :
2731 1525 2833 1579 hoc
2881 1535 2963 1579 est
3009 1526 3305 1580 secundum

1727 1627 1950 1668 carnem
1980 1614 2199 1681 vivens,
2227 1625 2282 1670 et
2314 1618 2366 1670 in
2396 1618 2604 1686 peccati
2632 1626 2956 1686 potestatem
2986 1617 3224 1672 libidinis
3251 1625 3309 1673 et

1728 1707 2188 1776 concupiscentia:
2219 1708 2397 1778 pretio
2444 1711 2721 1763 redactus.
2771 1728 2789 1760 ι
2822 1707 2976 1774 Quod
3005 1709 3148 1762 enim
3173 1723 3306 1775 ope-

1731 1811 1822 1850 ror
1857 1797 2066 1865 ignoro.
2129 1796 2245 1851 Non
2279 1797 2424 1852 enim
2477 1799 2621 1868 quod
2670 1798 2790 1854 volo
2833 1799 3004 1864 facio;
3040 1799 3132 1853 sed
3162 1797 3305 1867 quod

51 1898 136 1936 nos
165 1882 395 1938 redemit
429 1885 512 1951 ";
551 1905 569 1936 ι
619 1894 675 1940 et
722 1900 939 1939 rursum
972 1885 1024 1939 in
1056 1885 1179 1940 aliis
1215 1887 1345 1950 dicit
1378 1905 1392 1942 :
1433 1905 1453 1938 ι
1492 1885 1625 1941 Vivo
1656 1883 1698 1937 B
1727 1889 1852 1953 odi,
1886 1891 1991 1944 hoc
2017 1905 2139 1958 ago.
2180 1909 2200 1942 ι
2237 1890 2392 1957 Quod
2421 1906 2553 1960 ergo
2578 1891 2688 1957 ait,
2723 1892 2852 1960 quia
2887 1909 2906 1942 ι
2943 1892 3129 1958 ignoro
3161 1893 3310 1957 quod.

52 1987 249 2041 autem,
288 1991 399 2030 non
425 1976 536 2047 jam
563 1993 688 2048 ego,
721 1978 851 2032 vivit
883 1992 1016 2033 vero
1047 1978 1098 2031 in
1133 1993 1217 2032 me
1238 1978 1490 2034 Christus
1515 1981 1615 2032 ⁸⁸.»

54 2067 107 2119 Et
139 2067 336 2122 iterum
368 2070 457 2137 qui
495 2070 594 2132 ait,
627 2087 645 2120 ‹
681 2068 909 2139 Propter
934 2070 1323 2125 inhabitantem
1361 2072 1621 2140 Spiritum

55 2159 160 2225 ejus
183 2160 236 2212 in
274 2176 292 2210 ι
336 2159 498 2214 nobis
525 2160 605 2227 “,
646 2176 791 2215 nunc
823 2161 953 2215 dicit
989 2179 1002 2214 :
1048 2179 1066 2211 ε
1106 2160 1241 2227 Quia
1271 2177 1377 2216 non
1409 2163 1623 2218 habitat

54 2251 97 2302 in
123 2263 241 2313 me,
288 2250 394 2304 hoc
444 2259 529 2306 est
567 2250 621 2304 in
662 2265 831 2307 carne
867 2265 983 2304 mea
1013 2292 1028 2318 ,
1065 2251 1286 2307 bonum.
1327 2272 1346 2306 ι
1385 2253 1541 2322 Quod
1576 2257 1619 2310 si

53 2355 142 2394 non
173 2339 385 2395 habitat
411 2343 471 2396 in
495 2356 660 2396 carne
690 2340 806 2410 ejus
834 2343 1058 2408 bonum,
1091 2347 1364 2413 quomodo
1393 2346 1526 2400 dicit
1548 2347 1620 2412 ⁸⁷,

55 2434 164 2502 quia
193 2448 397 2504 corpus
426 2444 669 2489 nostrum
700 2436 815 2506 (19)
843 2435 1097 2505 templum
1127 2447 1211 2490 est
1246 2438 1372 2503 Dei,
1405 2450 1460 2493 et
1487 2448 1622 2493 tem-

54 2525 179 2591 plum
213 2526 455 2595 Spiritus
481 2529 696 2583 sancti?
733 2530 838 2585 Sed
863 2540 920 2585 et
949 2540 1149 2586 caetera
1180 2533 1232 2586 in
1278 2531 1478 2602 quibus
1508 2531 1620 2604 (20)

52 2620 321 2674 conﬁtetur
352 2635 382 2674 a
414 2621 531 2692 lege
563 2637 682 2692 quae
713 2623 768 2678 in
804 2623 1067 2680 membris
1111 2626 1228 2680 suis
1270 2637 1385 2691 est,
1434 2635 1490 2682 et
1535 2641 1622 2681 re-

55 2721 236 2780 pugnat
263 2712 374 2782 legi
419 2716 619 2770 mentis
653 2731 769 2771 suze
794 2757 809 2781 ,
844 2718 1113 2788 captivum
1144 2718 1266 2772 duci
1301 2733 1361 2775 se
1409 2720 1461 2773 in
1501 2719 1621 2788 lege

54 2804 238 2871 peccati
267 2804 336 2870 ⁸⁸,
370 2806 644 2874 quomodo
673 2807 985 2878 apostolica:
1023 2810 1348 2865 convenient
1382 2810 1499 2881 (21)
1535 2811 1622 2865 di-

54 2896 221 2963 gnitati
242 2937 258 2960 ,
286 2909 343 2951 et
372 2897 540 2953 Paulo
566 2901 837 2968 praecipue
863 2937 882 2965 ,
913 2903 963 2956 in
991 2917 1099 2971 quo
1123 2903 1374 2958 Christus
1403 2914 1458 2958 et
1483 2904 1620 2959 vivit

54 3000 96 3040 et
118 2989 386 3059 loquitur?
427 2991 535 3047 Sed
564 2993 882 3064 colligamus
909 3010 975 3050 ex
1019 2995 1106 3051 his
1146 2998 1419 3066 quomodo
1450 2998 1618 3053 moris

53 3092 121 3136 est
152 3083 451 3155 Scriptura:
480 3088 676 3143 divina:
720 3099 775 3144 et
806 3105 1068 3159 personas
1110 3090 1346 3144 latenter
1368 3130 1384 3155 ,
1418 3099 1473 3145 et
1508 3105 1614 3156 res,

55 3183 98 3227 et
124 3191 311 3232 causas
336 3180 402 3232 de
430 3182 626 3249 quibus
663 3182 847 3236 dicere
876 3183 1111 3248 videtur,
1147 3194 1202 3239 et
1227 3185 1446 3239 nomina
1475 3199 1619 3240 com-

55 3276 258 3332 mutare,
290 3270 402 3325 imo
428 3275 609 3340 potius
635 3275 842 3330 eisdem
871 3276 1180 3331 nominibus
1210 3277 1262 3330 in
1299 3276 1424 3332 aliis
1448 3287 1612 3347 atque

54 3357 152 3414 aliis
180 3363 346 3418 rebus
373 3367 487 3430 uti,
529 3377 583 3420 ut
618 3368 669 3422 in
699 3369 949 3438 praesenti
995 3371 1112 3425 loco
1155 3370 1231 3424 ait
1272 3371 1559 3440 Apostolus
1593 3393 1606 3429 :

57 3468 75 3501 σ
99 3452 302 3510 Scimus
335 3457 479 3511 enim
517 3458 644 3528 quia
678 3459 767 3516 lex
795 3462 1062 3531 spiritalis
1088 3472 1190 3517 est.
1232 3481 1250 3515 ι
1289 3462 1404 3520 Hoc
1431 3464 1610 3519 adhuc

53 3540 146 3617 (-22)
173 3547 315 3616 quod
348 3548 484 3603 dixit
509 3568 522 3604 :
555 3569 574 3602 ι
607 3551 821 3609 Scimus
845 3556 973 3624 quia
999 3555 1083 3610 lex
1113 3556 1373 3625 spiritalis
1395 3556 1555 3619 est”,
1582 3573 1602 3607 ι

55 3640 316 3707 apostolica
365 3642 691 3699 auctoritate
741 3645 1083 3714 pronuntiat.
1144 3646 1262 3701 Non
1310 3648 1455 3702 enim
1504 3647 1610 3702 scit

56 3729 196 3801 legem
223 3733 526 3801 spiritalem
553 3750 676 3790 esse
707 3736 799 3807 qui
829 3738 1071 3794 carnalis
1101 3747 1215 3802 est,
1257 3747 1314 3794 et
1344 3740 1445 3794 sub
1477 3754 1605 3809 pec-

57 3834 151 3879 calo
175 3828 520 3884 venundatus
549 3839 666 3897 est;
705 3831 800 3886 sed
827 3831 919 3901 qui
958 3831 1120 3886 habet
1155 3831 1208 3886 iu
1247 3848 1307 3888 se
1341 3830 1605 3902 Spiritum

60 3914 162 3981 Dei,
204 3919 295 3974 ille
325 3921 428 3975 scit
474 3922 601 3991 quia
644 3923 725 3976 lex
763 3923 876 3994 (25)
917 3923 1175 3992 spiritalis
1204 3933 1284 3978 est
1317 3941 1332 3978 :
1368 3924 1509 3994 quod
1542 3923 1608 3978 de

59 4003 195 4080 Moysi
226 4011 346 4079 lege
395 4015 653 4068 convenit
686 4015 909 4069 dietum.
947 4017 1062 4084 lpsa
1097 4029 1333 4085 namque
1377 4024 1462 4071 est
1487 4030 1609 4085 qua:

60 4101 94 4153 ei
118 4107 197 4173 qui
226 4104 557 4175 Spiritaliter
587 4105 733 4159 illam
765 4107 1021 4178 intelligit
1045 4105 1182 4179 (24),
1217 4107 1302 4162 lex
1347 4107 1609 4176 Spiritalis

59 4202 138 4258 est,
163 4207 212 4250 et
243 4198 481 4266 Spiritus
512 4197 830 4262 viviﬁcaris;
863 4200 955 4268 qui
991 4214 1119 4253 vero
1165 4198 1480 4262 carnaliter,
1519 4203 1605 4254 lex

61 4282 218 4338 littera:
262 4293 319 4340 et
371 4285 550 4340 littera
601 4285 859 4341 occidens
914 4301 1036 4342 esse
1089 4298 1429 4343 memoratur
1467 4288 1602 4359 (25).

113 4422 148 4452 ⁵¹
195 4421 356 4478 Rom.
391 4439 488 4486 vn,
519 4425 606 4479 14.
683 4426 727 4457 δ’
761 4425 796 4478 ll
833 4424 960 4480 Cor.
999 4443 1030 4480 x
1054 4467 1070 4492 ,
1113 4427 1169 4488 5.

63 4505 150 4547 rut.
178 4493 260 4547 11.
341 4493 384 4526 ⁸⁷
412 4493 434 4547 l
460 4495 584 4547 Cor.
617 4511 690 4547 v1.
725 4496 812 4547 19.
890 4496 937 4527 ⁸⁸
968 4496 1126 4547 Rom.
1157 4513 1169 4538 ε

62 4683 141 4730 etc.
176 4679 393 4740 Deinde,
435 4679 657 4731 «Infelix
689 4695 788 4748 ego
811 4680 974 4734 homo
1001 4682 1122 4748 quis
1149 4679 1512 4737 [neliberabit
1545 4684 1612 4739 de

63 4762 251 4820 corpore
278 4748 474 4820 mortis
502 4749 695 4820 hujus?
733 4749 918 4804 Gratia
950 4751 1068 4818 Dei,
1105 4771 1124 4802 ι
1161 4762 1268 4806 etc.
1313 4752 1413 4806 Ms.
1448 4769 1610 4820 unus,

66 4833 79 4863 ο
107 4818 189 4886 nisi
218 4819 388 4886 gratia
423 4817 544 4886 Dei,
572 4837 592 4870 ›
625 4830 730 4872 etc.

114 4885 402 4956 (l6)’Editi,
430 4887 516 4942 «Si
533 4885 622 4942 cui
647 4889 1080 4957 (Genebrardus,
1110 4892 1340 4954 «εἰωιή
1373 4893 1607 4950 ωηιξη..

67 4971 352 5028 praesumpta
393 4961 643 5014 videatur
670 5003 686 5028 ,
724 4963 977 5015 advertat
1022 4979 1167 5016 nunc
1219 4963 1271 5016 in
1322 4964 1605 5032 Apostolo,

65 5032 315 5092 quomodo,
349 5049 368 5081 ι
406 5041 512 5084 etc.

120 5098 216 5170 (17)
255 5099 344 5154 Sic
376 5109 524 5153 recte
555 5115 656 5154 ms.
688 5117 828 5157 unus
870 5102 1070 5170 Regius
1106 5119 1255 5155 num.
1298 5103 1453 5158 1659.
1493 5104 1608 5158 Cae-

68 5169 140 5241 teri
173 5185 292 5224 vero
325 5188 455 5224 mss.
498 5171 786 5236 Rabanus,
821 5184 873 5226 et
905 5169 1060 5238 editi,
1091 5187 1398 5241 perperam,
1435 5192 1453 5224 ι
1492 5175 1605 5228 Non

67 5237 178 5291 enim
205 5243 498 5316 secundum
532 5257 752 5316 carnem
790 5237 1059 5308 viximus,
1091 5237 1200 5297 nec
1222 5244 1342 5314 (al..
1375 5263 1394 5296 ι
1429 5249 1524 5300 sed
1555 5247 1605 5316 ι)

68 5311 322 5363 secundum
354 5326 573 5365 carnem
611 5313 962 5366 militamus.»

120 5379 214 5450 (l8)
253 5380 411 5440 Editi,
456 5401 474 5432 ι
515 5381 606 5450 qui
644 5383 696 5436 in
725 5383 830 5436 alio
856 5384 1016 5438 dixit.
1050 5401 1069 5434 ι
1111 5383 1213 5438 Ms.
1240 5401 1380 5440 unus
1407 5397 1463 5442 et
1498 5385 1607 5440 Ra-

69 5446 221 5522 bauus',
256 5469 275 5522 ι
311 5452 404 5519 qui
429 5446 549 5505 aliis
576 5453 808 5507 dixerat.
847 5473 866 5507 ι

121 5519 214 5590 (19)
249 5521 419 5586 Alias,
457 5542 476 5574 ς
517 5522 784 5578 inhabitat
819 5527 875 5578 in
907 5539 1072 5580 carne
1095 5526 1299 5580 bonum
1319 5565 1334 5581 .
1356 5565 1371 5580 .
1395 5566 1409 5580 .
1433 5565 1449 5582 .
1477 5527 1604 5597 quia

69 5601 264 5663 corpora
290 5604 498 5663 nostra,
536 5612 554 5643 ι
589 5601 694 5647 etc.

120 5660 213 5730 (20)
250 5661 385 5736 Editi
416 5660 627 5736 et'mss.
653 5665 871 5732 quidam
902 5681 1184 5736 perperam
1213 5667 1435 5736 habent,
1467 5667 1602 5726 «Sed

70 5738 108 5776 el
129 5742 261 5802 certe
289 5734 340 5787 in
367 5735 583 5802 quibus,
621 5752 638 5785 ι
680 5745 784 5790 etc.

121 5801 216 5872 (21)
250 5801 416 5868 Alias,
450 5825 468 5855 ι
503 5808 850 5860 conveniunt.
891 5826 910 5858 ι

122 5861 216 5943 (22)
251 5861 415 5945 eum;
457 5895 473 5927 ‹
511 5875 609 5931 llic
643 5878 836 5933 adhuc.
876 5898 894 5930 .

1271 4428 1319 4460 ⁸³
1349 4427 1370 4482 l
1400 4428 1529 4482 Cor.
1573 4444 1673 4495 vti,
1701 4431 1791 4484 25.
1865 4430 1911 4460 ³⁸
1944 4428 2123 4484 Galat.
2164 4428 2362 4493 lll,15.

341 4493 384 4526 ⁸⁷
412 4493 434 4548 l
460 4495 584 4550 Cor.
617 4511 690 4560 vi,
725 4496 812 4551 19.
890 4496 937 4527 ⁸⁸
968 4496 1126 4552 Rom.
1157 4513 1258 4564 vn,
1283 4498 1377 4552 25.
1453 4499 1497 4531 ⁸³
1534 4499 1607 4554 Rc

1774 4517 1832 4563 ll,
1861 4500 1950 4554 M.
2025 4500 2071 4531 ⁹⁰
2103 4499 2267 4554 lCor.
2295 4515 2373 4565 ix,
2401 4498 2491 4552 22.
2569 4499 2613 4531 ⁹¹
2647 4497 2837 4552 Matth.
2886 4513 2936 4562 v,
2969 4495 3059 4550 57.

113 4606 211 4680 (l5)
247 4606 414 4673 Editi,
459 4616 553 4680 tet
581 4608 949 4680 captivantem
981 4626 1067 4666 me
1098 4609 1153 4664 in
1186 4610 1306 4680 lege
1342 4613 1605 4680 peccati,»
1644 4611 1689 4665 ι)

1725 1997 1976 2052 operor,»
2011 1999 2116 2037 non
2153 1991 2332 2037 tamen
2367 1997 2479 2037 rem
2506 1985 2679 2051 ipsam
2703 1999 2870 2052 quam
2898 1992 3155 2051 operatur
3183 1982 3307 2050 quis

1725 2074 1959 2143 ignorat,
1982 2073 2110 2126 licet
2137 2072 2375 2127 carnalis
2399 2073 2490 2134 sit,
2525 2074 2620 2128 sed
2647 2087 2864 2127 causam
2895 2072 2974 2126 rei
3005 2088 3166 2142 quam
3194 2073 3308 2141 agit

1724 2166 1926 2220 dicitur
1971 2165 2223 2235 ignorare
2250 2164 2387 2234 (9.7).
2427 2166 2581 2230 Quod
2614 2179 2745 2219 vero
2782 2164 2915 2219 dicit
2949 2164 3084 2234 (28),
3127 2182 3145 2214 ι
3187 2163 3303 2216 Non

1721 2259 1865 2312 enim
1901 2259 2044 2326 quod
2076 2257 2200 2310 volo
2227 2273 2360 2325 ago;
2417 2258 2516 2311 sed
2561 2259 2704 2327 quod
2734 2258 2856 2322 odi,
2897 2258 3026 2312 illud
3062 2255 3236 2322 facio,
3281 2275 3303 2310 ι

1722 2352 1966 2406 ostendit
2001 2353 2147 2420 quod
2181 2350 2311 2404 licet
2336 2351 2579 2405 carnalis
2609 2351 2700 2414 sit,
2746 2358 2804 2404 et
2829 2351 2930 2404 sub
2957 2359 3183 2420 peccato
3217 2354 3326 2404 ve-'

1721 2443 1998 2498 uundatus
2025 2443 2117 2512 qui
2152 2443 2268 2497 haec
2300 2441 2571 2512 loquitur,
2623 2452 2801 2497 tamen
2844 2442 3010 2496 etiam
3050 2441 3308 2497 resistere

1721 2536 2119 2606 aliquantulum
2148 2535 2296 2590 vitiis
2321 2545 2549 2590 conetur
2571 2575 2586 2598 ,
2624 2535 2760 2604 legis
2795 2533 3004 2589 scilicet
3041 2532 3308 2588 naturalis

1722 2631 2013 2696 instinctu,
2044 2631 2140 2685 sed
2171 2632 2421 2685 vincatur
2449 2645 2479 2684 a
2522 2631 2668 2686 vitiis
2702 2639 2756 2684 et
2783 2629 3129 2700 Opprimatur
3160 2627 3307 2681 invi-

1721 2732 1810 2777 tus
1835 2723 1949 2791 (29)
1982 2740 1996 2777 :
2033 2731 2093 2777 ut
2123 2737 2267 2793 saepe
2308 2723 2512 2777 accidit
2559 2723 2732 2793 (verbi
2770 2722 2970 2792 gratia)
3007 2737 3131 2776 cum
3175 2735 3306 2790 pro-

1719 2816 1872 2884 ponit
1901 2815 2025 2884 quis
2056 2815 2327 2883 patienter
2356 2815 2501 2870 ferre
2548 2817 2905 2886 instigantem
2937 2829 3014 2876 se,
3043 2823 3100 2868 et
3131 2814 3198 2866 ad
3224 2813 3307 2866 ul-

1721 2905 1909 2960 timum
1939 2907 2179 2961 vincitur
2212 2906 2494 2962 iracundia
2517 2949 2534 2973 ,
2585 2915 2641 2961 et
2668 2906 2877 2975 patitur
2914 2905 3018 2960 hoc
3051 2904 3252 2958 invitus
3286 2919 3303 2958 :

1721 2999 1975 3054 irascitur
2023 3010 2158 3068 ergo
2204 3000 2369 3053 etiam
2407 3013 2529 3052 cum
2581 2997 2718 3052 nolit
2770 2997 2956 3051 irasci.
3021 2994 3135 3050 Hoc
3161 2995 3303 3049 idem

1719 3094 1882 3146 etiam
1917 3092 2130 3146 timoris
2156 3091 2291 3146 vitio
2326 3092 2580 3146 accidere
2612 3089 2772 3155 solet,
2809 3097 2870 3143 ut
2895 3097 3082 3144 contra
3119 3088 3306 3142 volun-

1723 3191 1888 3236 tatem
1936 3181 2062 3250 quis
2105 3189 2250 3236 metu
2303 3191 2359 3236 et
2413 3180 2704 3234 formidine
2756 3187 3060 3244 terreatur;
3096 3177 3201 3232 hoc
3247 3185 3305 3230 et

1722 3275 1774 3326 in
1839 3273 2076 3328 elatione
2144 3271 2307 3328 subiti
2378 3273 2461 3328 vel
2533 3273 2793 3341 inopinati
2868 3271 3092 3326 honoris
3159 3285 3304 3339 sa‘pe

1717 3364 1879 3436 585
1905 3365 2188 3434 contingit,
2224 3376 2281 3419 ut
2305 3365 2649 3436 arrogantior
2678 3365 2771 3419 ﬁat
2797 3364 2936 3434 (29')
2962 3373 3016 3418 et
3042 3363 3305 3417 tumidior

1716 3475 1882 3530 quam
1915 3459 2050 3513 vult.
2097 3459 2346 3513 Vincitur
2390 3473 2523 3529 ergo
2552 3458 2604 3511 iu
2651 3457 2737 3512 bis
2781 3455 3010 3527 singulis
3037 3455 3130 3525 qui
3167 3469 3300 3508 non-

1717 3553 1843 3606 dum
1879 3551 2138 3620 spiritalis
2170 3560 2274 3616 est,
2309 3551 2474 3606 etiam
2519 3560 2710 3604 contra
2744 3551 3078 3604 voluntatem
3115 3563 3133 3603 :
3175 3545 3300 3615 quia

1715 3645 1972 3698 voluntas
2001 3643 2105 3698 ista
2133 3645 2374 3698 nondum
2424 3644 2497 3697 ita
2529 3641 2703 3704 fortis,
2734 3653 2790 3696 et
2829 3641 2902 3694 ita
2939 3640 3160 3694 robusta
3195 3647 3301 3701 est,
3353 3677 3360 3680 -

1716 3745 1775 3789 ut
1820 3735 2043 3790 deﬁniat
2087 3735 2230 3805 apud
2276 3751 2332 3789 sc
2359 3749 2533 3804 usque
2571 3735 2638 3788 ad
2683 3741 2913 3788 mortem
2947 3746 3046 3802 pro
3071 3732 3303 3785 veritate

1717 3829 2041 3883 certandum
2070 3844 2085 3892 ;
2115 3844 2212 3882 nec
2239 3827 2360 3882 talis
2387 3837 2470 3882 est
2489 3842 2610 3898 qua;
2638 3827 2804 3889 dicat,
2831 3843 2850 3877 ι
2877 3825 2995 3888 Est,
3018 3832 3103 3879 est
3126 3841 3142 3889 ;
3169 3838 3299 3885 non,

1716 3937 1822 3975 non
1847 3920 1894 3953 ⁹¹
1930 3939 1942 3984 ;
1980 3939 1999 3971 ι
2027 3929 2081 3973 et
2119 3921 2240 3974 ideo
2271 3935 2376 3973 non
2405 3928 2586 3988 potest
2625 3917 2841 3986 operari
2872 3930 2993 3986 quae
3032 3915 3162 3978 vult,
3200 3913 3298 3967 sed

1715 4029 1836 4082 qua:
1859 4028 1967 4066 non
2005 4013 2134 4066 vult.
2172 4010 2376 4065 Tamen
2406 4027 2472 4066 ex
2501 4026 2564 4064 ea
2592 4018 2748 4080 parte
2770 4022 2881 4078 qua
2908 4023 3013 4062 non
3041 4006 3155 4060 vult
3186 4020 3300 4058 ma-

1714 4105 1846 4171 lum,
1869 4104 2143 4158 consentit
2171 4103 2274 4172 legi
2318 4101 2411 4156 Dei
2445 4103 2571 4172 quia
2602 4103 2740 4157 bona
2771 4108 2875 4164 est,
2905 4114 3024 4169 qua;
3049 4097 3301 4168 prohibet

1715 4198 1916 4251 malum
1943 4214 1957 4263 ;
1991 4206 2047 4250 et
2069 4198 2120 4250 in
2145 4195 2552 4251 consonantiam
2582 4195 2872 4264 quamdam
2907 4192 2975 4246 ad
3005 4191 3180 4260 legem
3203 4187 3297 4242 Dei

1716 4290 1801 4344 lex
1832 4289 2098 4344 naturalis
2121 4288 2413 4344 adducitur
2443 4287 2575 4359 ('50),
2609 4297 2670 4342 ut
2695 4287 2885 4343 eadem
2911 4283 3102 4350 velint,
3127 4290 3296 4351 atque

2452 4428 2500 4460 ⁸⁵
2539 4427 2713 4483 Calal.
2763 4441 2835 4490 tt,
2868 4425 2958 4479 20.
3052 4423 3099 4456 ⁸⁵
3134 4423 3294 4480 Rom.

1791 4611 1906 4679 (23)
1932 4609 2056 4665 Lex.
2082 4609 2432 4664 Desideratur
2454 4609 2506 4662 in
2529 4609 2693 4664 editis
2713 4618 2766 4663 et
2790 4608 2841 4662 in
2870 4607 3140 4679 plerisque
3162 4621 3290 4679 mss.

1790 4677 1901 4752 (24)
1945 4680 2036 4734 Sic
2063 4696 2163 4734 ius.
2200 4696 2357 4752 titius.
2393 4680 2567 4752 _A|ias
2601 4696 2762 4752 vero,
2795 4697 2843 4752 ut
2891 4694 3007 4744 qme
3031 4678 3144 4752 his_
3170 4677 3290 4752 (aL,

1721 4774 1737 4802 ι
1777 4747 1895 4820 quae
1935 4752 1986 4804 in
2013 4751 2098 4805 his
2120 4751 2166 4822 ι)
2195 4751 2284 4818 qui
2323 4749 2644 4822 spiritaliter
2678 4749 3063 4822 intelligunt.)
3099 4747 3290 4822 Baba-

1713 4819 1840 4886 nus,
1886 4842 1905 4874 ι
1933 4837 2054 4891 quae
2086 4819 2174 4875 hic
2215 4823 2477 4889 aquibus
2519 4821 2841 4888 spiritaliter
2892 4819 3223 4887 intelligitur.
3265 4835 3286 4868 ι

1785 4893 1899 4963 (25)
1926 4893 2088 4963 ,Atias
2111 4934 2126 4956 ,
2162 4910 2180 4941 ι
2224 4891 2306 4963 lex
2346 4891 2823 4963 litteraeoccideus
2867 4904 2989 4942 esse
3018 4903 3290 4940 memora-

1715 4959 1821 5016 tur.
1857 4959 1886 5014 »⁷
1908 4962 1990 5014 Al.
2017 5002 2032 5025 ,
2069 4981 2086 5012 ι
2125 4962 2211 5015 lex
2244 4961 2440 5016 litterae
2465 4971 2518 5016 et
2545 4962 2628 5015 lex
2657 4959 2912 5013 occidens
2938 4972 3058 5012 esse
3085 4973 3293 5013 memo-

1714 5043 1886 5087 ratur.
1928 5051 1946 5083 ›

1783 5103 1896 5174 (26)
1931 5102 2010 5157 De
2059 5119 2133 5155 se.
2189 5100 2315 5156 llzrc
2348 5102 2514 5156 verba
2563 5101 2760 5154 desunt
2815 5098 2866 5152 in
2917 5097 3072 5153 libris
3127 5106 3287 5153 antea

1710 5177 1892 5228 editis.

1783 5244 1897 5315 (27)
1937 5243 2064 5298 Mss.
2110 5244 2222 5297 fere
2255 5257 2446 5296 omnes
2469 5284 2483 5307 ,
2516 5241 2770 5315 Rabauus
2802 5247 2850 5292 et
2898 5239 3027 5293 editi
3061 5238 3285 5315 habent,

1714 5332 1734 5365 ι
1769 5309 1910 5380 tatu;
1944 5333 1961 5365 ι
1998 5315 2090 5367 sed
2123 5329 2222 5366 ms.
2256 5328 2395 5365 unus
2430 5321 2576 5365 recte
2605 5311 2754 5379 legit,
2795 5328 2813 5359 ι
2849 5320 3046 5362 tamen.
3086 5327 3104 5360 ι
3137 5309 3288 5362 Alter

1709 5402 1812 5439 ms.
1846 5379 2030 5448 habet,
2067 5399 2204 5436 «rion
2224 5383 2355 5435 dicit
2386 5392 2646 5450 tanquam
2674 5380 3025 5447 semetipsum
3050 5380 3141 5449 qui
3170 5379 3284 5448 jam

1707 5467 1969 5526 Operatur
1995 5455 2120 5521 quis
2157 5455 2390 5526 ignoret,
2428 5463 2605 5526 i_etc._
2647 5521 2657 5526 _
3219 5457 3236 5480 ’

1780 5526 1892 5596 (28)
1931 5523 2097 5587 Editi,
2134 5521 2344 5596 tQuod
2376 5523 2520 5596 quiut
2557 5521 2708 5576 dicit.
2749 5539 2769 5572 ι

1779 5588 1890 5668 (29)
1943 5597 2070 5648 Mss.
2096 5594 2364 5664 plerique,
2397 5591 2652 5647 Rabauus
2681 5605 2736 5647 et
2764 5591 2919 5654 editi,
2956 5607 2975 5640 ι
2997 5589 3051 5644 in
3079 5588 3277 5653 vitiis”

1707 5669 1869 5723 male.

1776 5737 1910 5807 (29‘)
1945 5735 2115 5807 Alias,
2146 5755 2164 5786 ‹
2205 5733 2308 5800 sit;
2342 5753 2361 5785 r
2391 5733 2486 5798 aL,
2520 5751 2538 5783 ‹
2581 5733 2702 5807 quis
2728 5728 2851 5786 ﬁat.
2885 5749 2904 5782 ι
2937 5728 3044 5786 Sed
3091 5740 3282 5780 omnes

1707 5825 1836 5863 :nss.
1870 5805 1920 5858 et
1959 5805 2218 5860 Rabauus
2242 5809 2500 5859 omittunt
2528 5823 2546 5856 ι
2581 5805 2724 5875 quis.
2760 5823 2780 5855 ι

1780 5879 1891 5947 (30)
1922 5878 2084 5946 Editi,
2109 5895 2128 5928 t
2164 5876 2412 5932 Adducit.
2447 5893 2465 5927 ι
