3766 6534
526 355 664 413 1087

1988 352 2307 411 ORIGENIS

3595 359 3679 416 ιοιι

525 477 718 532 eadem
767 475 968 531 nolint.
1017 475 1172 544 Quod
1203 475 1249 530 si
1285 476 1585 531 secundum
1622 475 1956 531 voluntatem
2004 474 2109 543 legi
2137 481 2186 534 Α
2213 469 2472 542 peccandi
2519 479 2805 538 peccatum
2849 465 3174 525 nominavit.
3208 486 3229 519 ι
3271 467 3467 526 Invenio
3491 471 3678 541 igiturlo.

525 567 621 622 Dei
677 568 1074 633 consentimus,
1118 565 1318 622 malum
1357 583 1486 636 ergo
1531 569 1675 637 quod
1714 566 1964 630 facimus,
1998 582 2103 620 non

519 657 634 726 jam
662 673 760 712 nos
794 658 868 722 id,
910 658 1004 713 sed
1033 667 1314 729 peccatum
1344 659 1487 727 quod
1517 658 1570 711 in
1599 658 1758 712 nobis
1783 667 1887 717 est,
1912 672 2105 726 opera-

523 757 633 812 tur,
665 749 714 802 id
743 761 829 804 est
858 749 943 804 lex
977 757 1032 803 et
1059 749 1310 804 voluntas
1341 751 1542 814 carnis,
1581 764 1704 818 quae
1732 751 1976 817 captivos
2007 763 2104 803 nos

523 839 670 892 ducit
711 841 763 893 in
812 839 924 908 lege
961 841 1165 910 peccati
1197 857 1317 910 qua:
1365 841 1418 894 in
1464 841 1722 896 membris
1749 851 1832 895 est
1866 839 2000 912 (3i).
2038 839 2105 893 Et

523 929 613 983 hic
659 930 874 997 quidem
924 929 1121 985 Paulus
1160 932 1397 986 carnalis
1443 931 1594 993 dicit,
1627 931 1755 1000 quia
1791 949 1810 984 ι
1841 930 1950 999 jam
1995 947 2098 985 non

520 1037 622 1088 ego
665 1037 862 1090 operor
888 1021 1039 1085 illud,
1079 1024 1177 1077 sed
1223 1023 1367 1091 quod
1414 1022 1625 1077 habitat
1674 1023 1729 1077 in
1780 1037 1866 1077 me
1910 1037 2101 1093 pecca-

522 1121 654 1167 tum.
709 1132 729 1164 ι
796 1112 999 1167 Paulus
1037 1129 1168 1169 vero
1201 1114 1464 1184 spiritalis
1507 1115 1563 1169 in
1608 1115 1730 1169 aliis
1767 1115 1938 1181 dicit,
1973 1115 2099 1184 quia

524 1218 545 1252 ι
573 1199 938 1257 abundantius
961 1217 1124 1271 quam
1155 1219 1347 1260 omnes
1368 1205 1442 1259 illi
1468 1205 1710 1260 laboravi
1743 1221 1758 1271 ;
1787 1221 1891 1260 non
1917 1215 2098 1260 autem

517 1306 641 1360 ego,
675 1293 769 1346 sed
802 1295 978 1362 gratia
1015 1295 1109 1350 Dei
1147 1312 1360 1352 mecum
1391 1299 1458 1351 ".
1496 1318 1513 1350 ι
1554 1295 1624 1351 llt
1653 1313 1784 1367 ergo
1815 1298 1918 1352 iste
1953 1297 2101 1353 labo-

515 1396 605 1436 res
627 1398 754 1438 suos
797 1400 902 1439 non
929 1387 1056 1454 sibi,
1089 1390 1183 1444 sed
1205 1391 1395 1456 gratia:
1439 1391 1557 1454 Dei,
1586 1405 1708 1460 qua:
1734 1390 1786 1444 in
1828 1391 1945 1459 ipso
1966 1404 2096 1458 ope-

515 1474 766 1542 rabatur,
791 1476 1037 1544 ascribit,
1056 1479 1129 1534 ita
1158 1488 1214 1534 et
1241 1479 1330 1534 ille
1349 1479 1584 1536 carnalis
1605 1495 1773 1550 Opera
1805 1495 1911 1534 non
1951 1479 2094 1534 bona

512 1578 621 1623 nou
651 1566 778 1632 sibi,
810 1573 906 1626 sed
943 1583 1190 1641 peccato,
1221 1574 1364 1643 quod
1399 1575 1451 1626 iu
1493 1588 1554 1628 se
1580 1574 1794 1628 habitat
1822 1584 1881 1628 et
1909 1587 2101 1642 opera-

515 1671 637 1729 tur,
668 1665 1011 1720 adnumerat.
1049 1666 1176 1722 ldeo
1219 1682 1350 1738 ergo
1402 1667 1579 1722 dicit:
1620 1685 1640 1720 ι
1695 1667 1810 1723 Non
1836 1666 1948 1736 jam
1992 1682 2096 1738 ego

510 1768 708 1821 operor
732 1755 885 1822 illud,
923 1759 1016 1811 sed
1046 1757 1192 1823 quod
1227 1759 1434 1812 habitat
1459 1758 1512 1812 iu
1543 1774 1632 1813 me
1654 1767 1956 1828 peccatum.
1977 1757 2095 1813 Non

2207 577 2350 631 gem,
2379 563 2583 616 volenti
2621 562 2752 616 mibi
2783 561 2966 619 facere
2995 563 3222 626 bonum,
3254 562 3375 630 quia
3400 563 3516 618 mihi
3541 567 3680 633 adiacet

2205 653 2430 708 malum.
2461 651 2820 707 Condelector
2844 655 2990 707 enim
3032 653 3136 723 legi
3176 652 3268 708 Dei
3307 654 3566 709 secundum
3588 657 3678 715 inte.

2205 745 2406 798 riurem
2444 745 2740 799 hominem.
2787 764 2808 798 ›
2848 745 2915 800 Et
2962 746 3013 799 in
3052 746 3160 810 bis,
3188 756 3248 799 ut
3277 761 3409 815 sape
3438 747 3482 800 in
3510 753 3678 818 stipato.

2207 836 2356 890 ribus
2386 835 2496 907 (57)
2526 837 2992 901 commonuimus,
3025 852 3134 891 non
3167 837 3412 891 videntur
3437 839 3680 898 elocutionis

2204 926 2414 996 integre
2445 925 2728 996 explicari,
2757 925 2856 980 sed
2884 925 3325 994 coniunctionum
3363 925 3442 980 vel
3483 929 3680 982 abundan-

2205 1015 2299 1081 tia,
2340 1016 2428 1070 vel
2464 1016 2891 1086 proprietatibus
2926 1015 3198 1085 impediri.
3233 1014 3346 1069 Tali
3375 1030 3492 1086 ergo
3521 1019 3679 1086 quodam

2201 1109 2391 1164 ordine
2419 1108 2602 1180 legere
2626 1107 2887 1165 debemus
2906 1149 2921 1171 ,
2953 1117 3013 1162 ut
3043 1106 3352 1162 intellectus
3382 1096 3576 1162 lucidior
3594 1109 3678 1162 ﬁat:

2201 1197 2389 1269 Igitur,
2424 1199 2550 1268 quia
2583 1199 2782 1254 malum
2816 1200 2947 1254 mihi
2981 1201 3218 1269 adiacet,
3248 1199 3429 1253 volens
3460 1198 3681 1255 lacerebo-

2201 1307 2330 1345 num
2358 1291 2576 1346 invenio
2605 1291 2779 1362 legem
2807 1291 2923 1353 Dei,
2955 1301 3010 1347 et
3029 1292 3374 1348 condelector
3399 1293 3443 1345 ei
3468 1297 3680 1346 secundum

2202 1381 2516 1436 interiorem
2555 1382 2850 1437 hominem.
2888 1383 2989 1438 Per
3011 1383 3156 1451 quod
3188 1384 3440 1448 ostendit,
3464 1384 3566 1453 quia
3592 1385 3682 1438 iule-

2201 1472 2313 1527 rior
2365 1473 2526 1528 homo
2552 1514 2569 1536 ,
2617 1474 2718 1530 hoc
2765 1485 2849 1528 est
2893 1475 3146 1530 voluntas
3190 1486 3247 1530 et
3291 1480 3583 1544 propositum
3615 1492 3681 1544 quc

2199 1564 2412 1618 initium
2449 1565 2648 1634 accipit
2686 1567 2932 1620 converti
2961 1569 3031 1620 ad
3065 1567 3372 1632 Dominum,
3395 1569 3486 1639 legi
3513 1570 3682 1624 Deicou-

2199 1657 2384 1721 sentit,
2410 1666 2465 1710 et
2507 1656 2810 1712 delectatur
2851 1659 2905 1713 in
2941 1675 3027 1715 ea.
3084 1660 3214 1728 Sed,
3254 1671 3313 1716 ut
3342 1664 3563 1731 superius
3594 1664 3682 1717 dixi—

2201 1761 2341 1812 mus,
2371 1761 2477 1802 non
2512 1747 2697 1802 statim
2729 1759 2788 1801 ut
2820 1749 3154 1805 voluntatem
3201 1753 3326 1820 quis
3360 1754 3574 1806 habuerit
3600 1769 3683 1806 con-

508 1847 652 1900 enim
689 1848 898 1902 habitat
920 1849 972 1902 in
1001 1865 1111 1914 me,
1143 1851 1246 1906 hoc
1265 1863 1348 1904 est
1387 1851 1439 1903 in
1471 1865 1636 1904 carne
1671 1866 1812 1915 mea,
1842 1852 2094 1905 bonum.»
2134 1843 2176 1898 Β
2205 1837 2342 1890 Veni
2381 1838 2448 1891 ad
2502 1836 2664 1902 bona:
2699 1837 2863 1892 εῑίθηι
2900 1852 3030 1893 “5"5
3066 1839 3192 1893 boni
3237 1841 3417 1908 ορεῐίε
3449 1841 3682 1894 δυὶδθευιαε

510 1935 760 1992 Nondum
787 1943 932 1995 enim
975 1942 1028 1995 in
1071 1956 1137 1997 eo
1163 1942 1412 1996 Christus
1446 1942 1736 2006 inhabitat,
1778 1957 1952 2012 neque
1974 1956 2099 1997 cor-

507 2045 611 2100 pus
644 2033 762 2097 ejus
812 2033 1076 2102 templum
1133 2035 1228 2090 Dei
1268 2045 1352 2090 est
1386 2035 1520 2106 (52).
1561 2034 1950 2090 Verumtamen
1988 2051 2097 2090 non

509 2137 897 2193 usquequaque
934 2126 1044 2192 hic,
1095 2127 1251 2196 cujus
1287 2141 1517 2197 persona
1570 2128 1916 2198 proponitur,
1962 2128 2096 2184 alie-

507 2232 610 2272 nus
640 2225 725 2270 est
756 2230 788 2270 a
819 2217 1000 2283 bonis,
1035 2219 1129 2272 sed
1165 2217 1448 2287 praposito
1473 2217 1698 2287 quidem
1726 2226 1784 2272 et
1817 2218 2095 2275 voluntate

507 2307 674 2376 εωρίι
718 2307 858 2361 bona
906 2307 1210 2377 requirere,
1245 2309 1484 2361 nondum
1525 2313 1707 2361 tamen
1747 2318 1930 2379 potest
1952 2309 2092 2364 bona

509 2397 670 2451 rebus
701 2405 759 2450 et
790 2398 1048 2466 operibus
1085 2397 1360 2454 obtinere.
1386 2399 1484 2454 Est
1514 2401 1660 2455 enim
1692 2400 1817 2454 talis
1847 2402 2090 2468 quaedam

507 2484 798 2541 inﬁrmitas
825 2487 876 2541 in
909 2488 1102 2553 bisqui
1135 2488 1284 2542 initia
1312 2491 1688 2546 conversionis
1719 2491 2013 2559 accipiunt,
2035 2502 2094 2546 ut

504 2591 630 2631 cum
653 2577 782 2634 velit
807 2581 928 2649 quis
958 2580 1071 2650 (55)
1101 2581 1282 2636 statim
1314 2583 1495 2638 facere
1521 2597 1683 2638 omne
1711 2584 1854 2650 quod
1891 2586 2088 2638 bonum

504 2678 619 2735 est,
664 2685 772 2726 non
805 2672 988 2726 statim
1021 2672 1355 2729 voluntatem
1395 2683 1655 2743 sequatur
1679 2673 1924 2731 eﬂ'ectus.
1954 2673 2085 2728 Nam

503 2768 560 2815 et
588 2757 702 2834 (54)
737 2765 1031 2820 meditatus
1060 2765 1201 2834 apud
1245 2767 1602 2835 semetipsum
1648 2766 2086 2836 decernit(verbi

505 2854 691 2918 causa)
727 2864 785 2907 ut
815 2871 920 2909 non
945 2856 1305 2922 irascatur,et
1333 2859 1434 2913 hoc
1460 2859 1514 2914 in
1545 2859 1821 2913 voluntate
1853 2859 2042 2913 deﬁnit
2069 2874 2082 2911 :

503 2946 599 3000 sed
625 2948 906 3015 quoniam'
920 2949 1078 3018 longo
1107 2965 1207 3004 usu
1239 2959 1297 3005 et
1337 2953 1732 3008 consuetudine
1765 2951 1977 3008 diutina
2009 2951 2086 3004 vi-

506 3037 639 3092 tium
699 3039 753 3094 in
809 3055 876 3096 eo
933 3041 1236 3098 iracundia;
1308 3044 1644 3099 dominatum
1695 3055 1816 3110 est,
1862 3044 2085 3100 obsistit

499 3130 664 3184 etiam
696 3132 959 3186 voluntati
985 3141 1039 3186 et
1079 3135 1362 3203 proposito
1389 3151 1407 3197 ;
1439 3150 1504 3190 ac
1536 3135 1701 3190 solito
1727 3136 1828 3192 sibi
1860 3151 1956 3190 usa
1990 3136 2080 3189 iti-

499 3236 630 3276 nere
659 3221 773 3293 (35)
803 3224 884 3278 vis
923 3223 1126 3278 luroris
1150 3225 1405 3294 erumpit.
1440 3224 1710 3280 Similiter
1735 3227 1846 3296 agit
1869 3234 1925 3280 et
1955 3226 2078 3278 libi—

498 3313 640 3366 dinis
670 3315 879 3368 vitium.
915 3313 1039 3368 Pari
1077 3331 1295 3384 quoque
1345 3318 1755 3374 consuetudinis
1808 3319 1995 3374 morbo
2029 3331 2084 3375 et

500 3408 838 3461 mendacium
883 3409 1138 3478 subripit,
1182 3409 1414 3466 formido
1461 3411 1701 3465 deterret
1741 3427 1757 3476 ;
1791 3421 1846 3467 et
1898 3414 1950 3468 in
2000 3421 2099 3470 his-

497 3498 730 3570 siugulis
782 3501 881 3557 iste
931 3503 1024 3570 qui
1057 3506 1167 3575 jam
1216 3503 1373 3558 initia
1427 3505 1807 3560 conversionis
1858 3507 2080 3577 accipit,

497 3603 875 3660 competenter
920 3597 1074 3668 dicit,
1100 3596 1229 3666 quia
1261 3619 1281 3651 ‹
1319 3594 1458 3650 velle
1491 3597 1706 3664 adjacet
1741 3595 2081 3668 mihi,pcrli-

497 3698 623 3738 cere
651 3696 831 3741 autem
858 3686 1055 3743 bonum
1091 3704 1196 3743 nou
1230 3689 1465 3744 invenio.
1495 3687 1610 3744 Non
1643 3691 1786 3745 enim
1818 3692 1959 3758 quod
1985 3706 2082 3746 vo-

497 3776 550 3829 lo
572 3777 794 3842 bonum,
819 3780 921 3835 hoc
942 3797 1043 3852 ago
1074 3799 1088 3846 ;
1121 3783 1214 3838 sed
1247 3782 1394 3852 quod
1431 3781 1520 3836 odi
1556 3780 1779 3848 malum,
1811 3781 1942 3836 illud
1997 3782 2078 3837 fa-

496 3867 602 3924 cio.
641 3887 659 3919 ι
693 3869 843 3934 Quod
886 3872 929 3926 si
955 3872 1221 3942 judicium
1267 3875 1334 3928 de
1381 3873 1525 3928 bono
1572 3871 1738 3926 habet
1786 3872 2076 3939 voluntas,

494 3962 830 4014 consuetudo
858 3971 1039 4016 autem
1061 3963 1364 4018 carnalium
1385 3963 1662 4028 vitiorum,
1687 3979 1807 4032 qua:
1841 3961 1926 4018 lex
1955 3978 2082 4018 car-

494 4049 582 4102 nis
625 4049 708 4104 Vel
758 4051 843 4107 lex
877 4055 1246 4111 membrorum
1289 4055 1562 4126 appellata
1598 4063 1718 4120 est,
1753 4055 1973 4110 obsistit
2024 4065 2080 4110 et

494 4141 751 4209 subripit,
775 4159 841 4199 ex
863 4158 929 4199 eo
960 4146 1105 4214 quod
1147 4145 1272 4199 boni
1301 4146 1633 4200 voluntatem
1683 4145 1798 4216 ('56)
1829 4162 1982 4213 gero,
2014 4145 2080 4202 li-

493 4241 584 4285 cet
616 4247 774 4299 agam
805 4236 969 4300 mala,
991 4246 1168 4290 tamen
1194 4237 1321 4307 quia
1347 4237 1546 4292 invitus
1577 4253 1699 4306 ago,
1731 4256 1749 4290 ι
1791 4239 2079 4293 consentio

492 4319 596 4392 legi
643 4322 738 4377 Dei
776 4326 1030 4392 quoniam
1068 4328 1204 4382 bona
1245 4337 1347 4382 est.
1392 4345 1411 4380 ι
1465 4327 1568 4383 Odi
1609 4329 1753 4383 enim
1814 4329 1976 4396 mala,
2022 4340 2078 4383 et

491 4415 654 4483 cupio
682 4431 843 4486 agere
865 4420 1000 4474 bona
1035 4435 1153 4488 quae
1178 4419 1259 4474 lex
1281 4419 1454 4487 jubet.
1487 4420 1642 4488 Quod
1685 4423 1958 4476 sicontra
1983 4437 2077 4475 vo—

2199 1937 2303 1982 est.
2336 1927 2453 1984 Cita
2478 1929 2624 1982 enim
2660 1944 2747 1984 res
2771 1939 2854 1983 est
2880 1932 3150 1997 voluntas,
3174 1943 3228 1986 ει
3253 1932 3369 1986 sine
3392 1932 3682 2000 impedimento

2197 2023 2574 2087 convertitur;
2608 2038 2746 2091 opus
2791 2037 2924 2077 vero
2963 2026 3178 2079 tardum
3213 2035 3316 2088 est,
3347 2027 3464 2095 quia
3485 2035 3531 2080 et
3561 2043 3680 2090 usum,

2197 2125 2252 2169 et
2285 2125 2486 2180 artem,
2530 2126 2586 2171 et
2632 2116 2874 2172 laborem
2923 2117 3152 2185 requirit
3200 2120 3472 2187 operaudi.
3504 2119 3618 2185 Quod
3647 2131 3682 2172 ut

2195 2211 2503 2266 evidentius
2541 2212 2656 2277 llat,
2689 2220 2907 2266 utamur
2931 2212 3095 2266 etiam
3136 2213 3483 2270 similitudine
3503 2217 3678 2281 exempli.

2203 2300 2360 2356 Verbi
2389 2303 2583 2371 gratia,
2613 2303 2726 2357 vult
2750 2305 2873 2373 quis
2907 2306 3125 2374 sapiens
3151 2307 3292 2369 ﬁeri,
3334 2322 3428 2361 nec
3451 2317 3593 2361 tamen
3610 2320 3682 2359 sta-

2195 2391 2292 2447 tim
2325 2402 2382 2449 ut
2408 2392 2598 2457 voluit,
2624 2397 2842 2465 sapiens
2869 2397 3092 2454 ell'ectus
3108 2409 3193 2454 est
3214 2417 3229 2465 ;
3250 2401 3346 2454 sed
3379 2399 3591 2454 voluntas
3608 2401 3684 2468 qui-

2171 2484 2314 2538 .dem
2343 2485 2646 2554 praecessit,
2677 2501 2780 2542 nec
2823 2488 2943 2542 sine
2987 2489 3267 2546 voluntate
3317 2491 3501 2561 aliquis
3521 2491 3683 2543 lictis:-

2192 2575 2346 2643 piens
2397 2585 2611 2648 potest;
2655 2578 2752 2632 sed
2801 2589 2980 2634 tamen
3029 2598 3152 2636 cum
3195 2583 3444 2638 voluntas
3486 2581 3682 2640 adfuerit.

2191 2667 2531 2721 adhibendus
2568 2679 2653 2723 est
2682 2670 2859 2738 labor,
2892 2673 3154 2738 studium,
3183 2674 3504 2736 sollicitudo,
3530 2674 3683 2740 vigilia,

2189 2755 2460 2821 doctrina,
2493 2759 2806 2826 institutio;
2839 2773 2894 2817 et
2923 2765 3014 2818 vix
3050 2764 3349 2833 aliquando
3387 2781 3478 2820 usu
3508 2765 3630 2835 longo
3652 2773 3685 2815 et

2188 2851 2536 2904 meditatione
2564 2852 2822 2907 continua
2861 2855 3082 2924 sapiens
3121 2855 3376 2912 eﬂicitur.
3405 2855 3498 2910 Iste
3529 2857 3685 2924 ergoab

2188 2941 2342 2998 initio
2369 2944 2592 3012 quidem
2624 2945 2815 3000 statim
2847 2948 3177 3002 voluntatem
3210 2950 3406 3004 habuit
3426 2959 3478 3003 ut
3497 2958 3609 3004 esset
3631 2963 3685 2999 sa-

2185 3032 2361 3102 piens,
2386 3035 2479 3088 sed
2508 3052 2612 3089 non
2661 3039 2844 3091 statim
2891 3040 3064 3094 adfuit
3091 3041 3140 3095 ei
3170 3056 3311 3110 opus
3341 3041 3596 3110 sapientiae.
3616 3037 3683 3091 Sed

2183 3131 2239 3176 et
2273 3124 2326 3178 in
2357 3139 2424 3179 eo
2463 3123 2630 3198 586
2673 3129 2790 3198 ipso
2823 3143 2950 3184 cum
2991 3132 3243 3187 eruditur
3272 3144 3336 3188 ut
3374 3134 3567 3202 sapiens
3603 3131 3682 3190 ﬁat.

2185 3227 2387 3286 quanta
2411 3219 2574 3274 stulte
2605 3229 2662 3274 et
2693 3232 2887 3276 contra
2917 3225 3241 3294 sapientiam
3271 3230 3438 3298 gessit
3462 3226 3556 3294 (58)
3582 3227 3592 3277 !
3617 3224 3682 3288 Ουί

2189 3317 2370 3362 tamen
2406 3307 2711 3379 intelligere
2733 3312 2952 3382 quidem
2989 3317 3168 3383 potuit
3194 3332 3360 3386 quam
3395 3316 3540 3371 stulte
3559 3330 3684 3384 gesse-

2185 3400 2257 3456 rit
2284 3415 2298 3450 :
2324 3401 2558 3457 habebat
2588 3403 2731 3458 enim
2767 3405 3011 3476 (59ljam
3042 3410 3282 3464 studium
3316 3408 3682 3478 sapientium

2187 3500 2369 3548 tamen
2395 3493 2469 3547 ita
2490 3492 2603 3563 jam
2636 3496 2852 3565 sapiens
2875 3507 3015 3563 erat,
3044 3509 3102 3552 ut
3127 3514 3326 3554 cavere
3347 3507 3585 3569 possetne
3599 3495 3682 3564 quid

2185 3585 2506 3656 insipienter
2529 3587 2868 3644 admitteret.
2897 3589 3001 3645 Iste
3023 3595 3158 3646 ordo
3191 3601 3247 3646 et
3281 3593 3348 3646 de
3372 3589 3596 3660 pudicitia
3619 3588 3681 3639 ha-

2185 3680 2392 3735 bendus
2418 3689 2524 3746 est,
2554 3682 2696 3750 quod
2728 3697 2835 3737 non
2857 3685 3045 3738 statim
3068 3685 3194 3754 quis
3223 3694 3282 3738 ut
3303 3683 3519 3740 voluerit
3543 3678 3682 3752 pudici-

2183 3774 2314 3828 tiam
2345 3775 2606 3844 proliteri,
2627 3777 2790 3831 etiam
2831 3792 2998 3847 opere
3028 3777 3274 3846 implebit
3299 3788 3359 3833 ut
3386 3776 3530 3831 nullis
3546 3785 3683 3830 conca-

2181 3866 2460 3951 piscentia:
2487 3867 2725 3922 stimulis
2769 3869 3024 3938 agitetur.
3041 3868 3133 3924 Sic
3157 3870 3300 3924 etde
3328 3865 3680 3923 mansuetudine,

2183 3969 2238 4012 et
2261 3959 2327 4013 de
2351 3959 2636 4029 patientia,
2663 3968 2717 4016 et
2762 3960 2831 4016 de
2871 3961 3104 4031 singulis
3133 3960 3436 4030 quibusque
3464 3956 3682 4011 virtutibus

2177 4054 2460 4107 sciendum
2484 4062 2587 4108 est.
2611 4052 2668 4107 lu
2692 4053 2890 4122 quibus
2917 4055 3177 4110 omnibus
3197 4055 3302 4109 dici
3329 4053 3574 4112 convenit,
3595 4049 3680 4116 quia

2186 4163 2204 4195 ι
2241 4143 2585 4199 condelector
2617 4143 2719 4216 legi
2766 4144 2882 4208 Dei,
2924 4164 2943 4196 ι
2997 4146 3103 4202 hoc
3133 4157 3217 4201 est
3274 4143 3599 4207 virtutibus!

2179 4237 2414 4290 cundum
2456 4236 2773 4291 interiorem
2807 4238 3107 4294 hominem.
3143 4237 3316 4294 Video
3365 4248 3526 4292 autem
3568 4231 3680 4283 alia"!

2181 4326 2352 4394 legem
2385 4327 2436 4380 in
2493 4327 2754 4382 membris
2791 4327 2947 4391 mei‘s,
2982 4339 3378 4399 repugnantem
3425 4327 3512 4396 legi
3543 4322 3681 4376 meulis

2182 4433 2338 4483 mete,
2359 4429 2412 4471 et
2437 4419 2710 4488 captivum
2739 4434 2826 4474 me
2850 4419 3136 4474 ducentem
3168 4421 3222 4474 in
3245 4421 3365 4491 lege
3395 4416 3680 4485 ρεεωιίςίιυε

492 4507 756 4565 luntatem
796 4513 932 4566 mala
973 4529 1074 4583 ago
1099 4554 1113 4576 ,
1161 4518 1336 4570 victus
1369 4515 1768 4572 consuetudine
1816 4517 2069 4570 vitiorum
2106 4543 2150 4597 υ
2181 4520 2263 4563 est
2295 4509 2346 4562 in
2381 4513 2641 4565 membris
2669 4511 2829 4566 meis.
2866 4528 2885 4563 ι
2921 4510 3076 4578 Quod
3109 4528 3272 4582 supra
3310 4513 3509 4566 dixerat
3543 4525 3558 4558 ι
3589 4503 3680 4597 tells

493 4618 702 4670 usuque
725 4604 1006 4672 peccandi,
1037 4625 1055 4656 ι
1095 4623 1199 4660 non
1234 4609 1346 4674 jam
1378 4625 1499 4679 ego,
1537 4629 1555 4664 ι
1587 4611 1692 4666 hoc
1715 4621 1814 4671 est,
1844 4609 2071 4663 interior

492 4691 674 4757 homo,
716 4711 737 4747 ι
778 4696 921 4764 quod
945 4696 1146 4750 bouum
1177 4697 1317 4762 volo,
1340 4699 1442 4753 hoc
1476 4699 1654 4766 facio;
1683 4700 1777 4753 sed
1801 4701 1944 4766 quod
1975 4698 2073 4752 ha-

493 4781 633 4836 bitat
679 4785 732 4838 in
787 4800 872 4839 me
911 4798 1220 4855 peccatum.
1257 4807 1277 4841 ι
1321 4787 1786 4844 Consuetudinem
1839 4803 2072 4857 namque

559 4922 607 4956 "
641 4922 660 4976 Ι
700 4921 826 4982 Cor.
874 4939 965 4992 xv,
1001 4924 1086 4979 10.

562 5039 674 5108 (5i)
711 5039 843 5106 Qua:
869 5044 924 5095 in
955 5043 1220 5098 membris.
1253 5043 1380 5100 llazc
1423 5043 1585 5096 verba
1612 5042 1990 5097 desiderantur
2018 5043 2070 5095 in

491 5110 675 5230 «Isditis,
707 5112 798 5175 qui
850 5123 1040 5182 postea
1092 5115 1322 5182 habent,
1373 5134 1391 5167 ι
1429 5113 1496 5168 Ει
1543 5113 1662 5178 hic,
1711 5113 1762 5166 id
1809 5125 1894 5168 est
1933 5112 2075 5168 Pau-

517 5195 600 5230 tts.
643 5197 663 5230 ι
696 5191 800 5230 etc.

517 5195 600 5238 us.
643 5197 663 5230 ι
696 5191 800 5235 etc.

565 5247 679 5328 (βε)
720 5251 890 5317 Alias,
934 5271 952 5303 ι
993 5255 1252 5328 templum
1288 5254 1644 5328 estSpiritus
1675 5254 1870 5309 sancti.
1904 5273 1924 5307 ι
1963 5253 2070 5309 Sed

493 5324 734 5387 potiores
768 5337 896 5377 mss.
926 5333 980 5377 et
1011 5324 1271 5380 Rabanus
1297 5336 1350 5380 ut
1387 5327 1440 5380 in
1469 5335 1644 5380 textu.

567 5387 680 5459 (55)
718 5389 970 5464 Miami
1004 5394 1157 5448 initia
1191 5395 1622 5450 conversationis
1668 5395 1965 5464 accipiunt,
2013 5403 2072 5451 ut

493 5457 816 5532 cuu_I_vel_in_t_
845 5462 1083 5528 quidem,
1134 5483 1151 5514 ι
1181 5476 1313 5532 etc.,
1341 5464 1498 5519 male.

566 5527 682 5597 (54)
722 5527 887 5595 Editi,
925 5549 943 5582 ι
984 5534 1246 5587 mediator
1277 5527 1415 5602 apud
1463 5535 1810 5604 semetipsum
1862 5536 2070 5590 discer-

497 5597 666 5675 nit;_i
703 5613 803 5651 ms.
840 5616 978 5675 unus
1003 5644 1018 5675 ,
1053 5621 1070 5652 ι
1109 5597 1400 5658 meditatur
1433 5607 1576 5675 apud
1600 5597 1948 5675 semetipsum
1977 5607 2068 5660 de-

493 5669 670 5742 cernit
697 5685 776 5742 ς)Δ
803 5671 899 5733 a|.,
928 5688 947 5721 ι
989 5674 1356 5742 decernitqne.
1391 5694 1409 5725 ι

720 5739 813 5794 Sic
841 5756 943 5794 ms.
976 5737 1334 5814 unusBegius
1365 5761 1515 5800 num.
1545 5746 1676 5801 1659
1703 5761 1766 5800 ac
1792 5746 2066 5801 Rabanus.

501 5809 642 5864 Editi
680 5825 827 5878 vero,
861 5828 879 5863 ι
913 5820 970 5866 ει
1007 5809 1242 5868 insolita'
1269 5816 1376 5870 sibi
1424 5831 1614 5873 rursus
1648 5817 1867 5874 itinera.
1900 5837 1918 5868 ι
1955 5818 2066 5880 AL,

2178 4603 2320 4657 enim
2353 4603 2553 4656 bonum
2607 4603 2820 4673 adjacet
2857 4604 3013 4670 mihi,
3065 4623 3084 4655 ο
3121 4605 3209 4658 hic
3256 4604 3562 4658 voluntatem
3596 4593 3679 4648 boui

2180 4691 2346 4763 legem
2377 4692 2576 4747 mentis
2607 4691 2908 4746 nominavit
2945 4708 2960 4756 ;
2995 4706 3114 4760 qua:
3149 4691 3232 4745 lex
3272 4691 3468 4744 lllCllllS
3496 4680 3680 4742 convenit

2178 4800 2300 4839 cum
2333 4783 2450 4853 lege
2500 4784 2616 4851 Dei,
2664 4793 2719 4839 et
2755 4784 3034 4839 consentit
3057 4784 3130 4842 ei.
3167 4782 3278 4840 Sed
3319 4797 3520 4838 rursum
3556 4785 3681 4831 uiotus

2183 5063 2202 5097 ι
2242 5045 2318 5098 Ac
2347 5043 2506 5098 solito
2535 5043 2636 5097 sibi
2665 5044 2882 5101 itinere.
2914 5064 2933 5098 ι
2971 5043 3083 5108 AL,
3118 5063 3137 5097 ι
3172 5059 3236 5101 ac
3258 5045 3418 5100 solito
3439 5041 3528 5098 sibi
3554 5047 3596 5092 ct
3620 5049 3680 5086 πρ

2176 5126 2332 5170 sueto
2371 5114 2588 5168 itinere.
2621 5134 2638 5164 ι

2249 5185 2360 5258 (56)
2401 5185 2572 5248 Editi,
2606 5203 2624 5235 ι
2659 5186 2797 5238 bona
2826 5185 3104 5241 voluntate
3147 5185 3274 5258 (ms.
3309 5199 3444 5241 unus
3480 5201 3496 5234 ι
3535 5183 3678 5235 boum

2176 5255 2504 5311 voluntatem
2538 5257 2584 5319 ι)
2622 5271 2768 5323 gero.
2803 5275 2821 5307 ι

2248 5325 2360 5407 (5η
2401 5325 2560 5385 Editi,
2600 5343 2617 5375 ι
2661 5325 2725 5378 Et
2761 5325 2812 5379 in
2868 5326 2954 5407 bis
2981 5341 3134 5391 vero,
3161 5333 3220 5407 ut
3279 5324 3533 5407 superius,
3559 5328 3677 5372 tete.

2177 5396 2377 5451 Deinde
2409 5411 2510 5448 ms.
2547 5411 2714 5464 unus.
2743 5413 2763 5446 ι
2800 5396 2881 5447 vel
2913 5398 3435 5464 impmprietatibus.
3474 5413 3491 5442 ι

2244 5465 2355 5533 (58)
2391 5464 2687 5526 Alias,¢sed
2705 5463 2758 5517 in
2783 5480 2846 5518 eo
2869 5455 3125 5534 ipso'(al.'.
3154 5487 3173 5520 ι
3197 5469 3288 5522 sed
3313 5475 3364 5520 et
3393 5466 3440 5518 in
3463 5479 3518 5518 eo
3537 5462 3626 5529 ipso
3645 5455 3676 5521 ι)

2171 5537 2413 5589 eruditus
2445 5545 2499 5586 ut
2520 5536 2733 5600 sapiens
2758 5536 2869 5597 liat,
2889 5535 3030 5603 quod
3058 5548 3184 5591 ante
3213 5537 3372 5592 stulte
3400 5536 3676 5607 (al.,tqu_ian-

2173 5616 2226 5659 ιο
2253 5606 2416 5660 stulte
2443 5622 2459 5670 ;
2491 5625 2510 5657 ι
2544 5607 2615 5659 al.
2656 5623 2673 5654 ι
2724 5619 2922 5673 quanta
2957 5607 3118 5662 stulte
3149 5608 3197 5675 ι)
3225 5618 3275 5663 ει
3311 5617 3486 5661 contra
3507 5606 3674 5675 sapieu:

2174 5678 2302 5750 tiam
2360 5667 2566 5750 gessit;
2619 5667 2756 5744 quae-
2795 5687 2970 5730 tamen
3033 5667 3332 5750 intelligere
3383 5674 3537 5746 potuit
3570 5667 3672 5739 ίιυυά

2172 5747 2334 5800 stulte
2357 5746 2606 5814 gesserit.
2633 5765 2651 5795 ι

2243 5815 2358 5870 (59)
2401 5814 2575 5870 linem.
2611 5817 2768 5872 Deest
2794 5817 2846 5871 in
2873 5817 3053 5873 editis.
