3766 6544
49 467 165 524 1089

45 580 267 654 corporis
296 589 348 634 et
377 575 520 648 (40)
565 571 834 630 desideria
887 568 1071 623 carnis

48 693 146 732 nnu
179 672 330 735 dicit,
361 684 482 740 qua:
501 645 779 736 captivam
805 661 953 714 ducit
987 658 1246 716 auinmm,
1281 662 1335 706 et
1386 645 1594 719 peccati

48 771 232 838 legibus
261 765 468 819 subdit.
495 761 716 816 Certum
753 769 836 812 est
881 766 1116 820 namque
1144 747 1285 818 quod
1326 743 1596 799 desideria

46 860 204 916 carnis
244 857 484 909 animam
535 851 749 904 trahant
780 846 890 918 (41)
923 844 987 899 ad
1035 850 1348 911 peccatum,
1377 847 1432 891 et
1479 849 1598 888 eam

47 955 232 1023 legibus
251 949 370 1020 ejus
400 945 636 1001 subdant
666 956 680 994 :
706 952 761 994 et
789 941 930 994 sicut
958 938 1042 992 lex
1069 935 1285 998 mentis,
1310 946 1432 1003 qua:
1467 945 1598 984 con-

45 1022 190 1103 sentit
218 1058 343 1099 cum
375 1041 492 1108 lege
514 1033 936 1100 Dei,sianimam
958 1031 1184 1098 potuerit
1215 1026 1484 1086 obtinere,
1511 1022 1604 1076 ad-

48 1133 175 1186 ducit
202 1146 323 1184 eam
350 1130 416 1183 ad
438 1129 609 1197 legem
645 1124 763 1189 Dei,
805 1124 875 1174 ita
902 1129 956 1174 et
990 1127 1073 1173 lex
1097 1133 1219 1187 qua:
1252 1117 1303 1169 in
1341 1113 1602 1168 membris

49 1235 134 1282 est.
155 1230 203 1276 et
227 1215 666 1287 concupiscentia
703 1212 906 1277 carnis,
940 1210 988 1265 si
1019 1208 1304 1265 seduxerit
1334 1207 1598 1273 animam,

50 1313 230 1381 peccati
261 1326 382 1364 eam
422 1309 638 1379 legibus
673 1307 888 1360 suhdet.
922 1302 1029 1357 Sed
1069 1315 1191 1357 cum
1236 1300 1349 1354 haec
1382 1299 1601 1361 Paulus.

49 1415 300 1472 assumpta
330 1401 611 1472 l'ragiliore
644 1412 902 1467 persona,
938 1395 1078 1449 intra
1111 1395 1385 1448 hominem
1412 1390 1602 1445 haberi

49 1495 320 1551 certamina
354 1493 470 1566 (42)
497 1491 792 1551 docuisset,
832 1498 886 1542 et
911 1486 1242 1542 ostendisset
1271 1483 1411 1555 quod
1437 1483 1602 1536 etiam

49 1602 209 1646 contra
241 1590 574 1642 voluntatem
611 1599 707 1654 per
745 1582 1013 1636 desideria
1059 1579 1242 1634 carnis
1281 1577 1463 1630 anima
1501 1591 1601 1629 usu

54 1687 148 1754 ipso
172 1680 428 1751 peccandi
463 1679 518 1733 in
568 1676 779 1748 peccati
803 1674 925 1742 jura
963 1680 1286 1742 raperetur,
1330 1668 1607 1724 exclama-

54 1778 176 1829 tione
206 1774 376 1828 utitur
423 1771 603 1825 adhuc
641 1784 708 1822 ex
744 1780 974 1835 persona
1018 1759 1163 1818 illius
1193 1775 1354 1831 quem
1401 1757 1609 1813 descri-

51 1869 138 1936 psit
170 1863 302 1935 (45),
333 1872 388 1917 et
417 1861 552 1916 dicit
579 1877 592 1913 :
631 1878 648 1910 ι
681 1858 846 1912 Miser
873 1871 972 1926 ego
1013 1856 1173 1909 homo
1201 1854 1215 1907 ι
1251 1851 1385 1920 Quis
1418 1867 1506 1906 me
1539 1850 1604 1904 li-

969 443 1326 505 CUMMENT.
1367 440 1435 496 1N
1477 393 1696 492 EPIST.
1728 431 1818 488 AD
1856 430 2022 485 non.
2061 428 2190 483 LIB.
2234 427 2324 482 γι.

1113 565 1285 634 legem
1331 558 1594 614 membro—
1625 555 1668 612 Α
1696 549 1836 605 sicut
1859 563 1996 601 euris
2018 558 2180 616 grave
2202 547 2437 610 gravante
2461 547 2586 592 sunt
2608 551 2768 607 super
2792 552 2898 593 me.
2924 537 3273 608 Computrue.

3140 419 3164 476 l
3176 417 3275 476 09C

1703 651 1830 694 runt
1855 650 1907 693 et
1939 652 2115 693 exesa:
2149 645 2275 687 sunt
2297 631 2584 688 cicatrices
2613 644 2747 685 mea:
2786 646 2814 684 a
2851 629 2992 684 far-ie
3016 630 3278 698 insipien-

1703 737 1790 787 tia:
1842 747 1995 785 mete.
2027 729 2262 784 liliseriis
2305 724 2535 781 allliclus
2579 739 2722 788 sum,
2755 731 2809 777 et
2859 733 3117 777 curvatus
3159 735 3283 775 sum

1703 842 1871 890 usque
1902 826 1954 878 in
1988 823 2148 876 linem
2200 819 2337 890 (48).
2378 838 2397 870 ι
2438 826 2492 872 et
2528 825 2721 871 caetera
2771 814 2968 884 quibus
3023 827 3157 882 pene
3197 813 3284 866 in-

1705 925 1852 984 teger
1903 915 1991 968 hic
2031 913 2291 967 scribitur
2325 907 2596 962 Psalmus.
2631 906 2785 973 Quod
2831 904 2874 957 si
2927 903 3068 955 forte
3118 899 3282 956 alicui

1703 1006 1974 1062 videbitur
2004 1007 2118 1059 hcce
2158 1002 2324 1056 David
2379 1000 2551 1066 magis
2584 997 2653 1052 de
2705 997 3033 1063 semetipso,
3071 1009 3169 1063 pro
3201 993 3288 1047 his

1704 1116 1824 1170 quae
1849 1099 2161 1153 acciderant
2193 1094 2266 1157 ei,
2311 1093 2496 1147 dicere
2537 1089 2802 1160 potuisse,
2835 1103 2996 1156 quam
3032 1085 3099 1138 de
3142 1085 3285 1150 aliis,

1705 1193 1831 1264 quid
1858 1191 2018 1246 etiam
2043 1189 2108 1243 de
2138 1186 2357 1240 Daniele
2379 1187 2645 1246 dicemus,
2678 1183 2830 1252 cujus
2855 1191 3137 1249 peccatum
3166 1178 3289 1246 qui-

1705 1288 1825 1340 dem
1871 1283 2078 1338 nullum
2118 1280 2357 1334 refertur
2392 1275 2506 1347 (49)
2543 1273 2981 1340 exhomologesis
3021 1281 3200 1324 tamen
3233 1266 3288 1321 in

1700 1375 1924 1443 jejuniis
1961 1383 2014 1427 et
2039 1373 2218 1426 cilicio
2252 1382 2305 1423 et
2333 1370 2515 1422 cinere
2537 1366 2886 1428 describitur,
2915 1373 2968 1416 et
2990 1363 3164 1416 oratio
3193 1363 3290 1412 hu-

1645 1479 1652 1486 -
1698 1451 1952 1520 jusmodi,
1978 1453 2030 1504 in
2053 1468 2156 1522 qua
2178 1453 2322 1507 inter
2343 1462 2538 1507 caetera
2564 1453 2726 1507 etiam
2752 1453 2869 1507 haec
2902 1454 3068 1507 dicit:
3099 1473 3117 1504 ι
3150 1453 3285 1507 Pec-

1702 1545 1964 1608 cavimus,
1988 1544 2326 1617 iniquitatem
2348 1546 2596 1614 fecimus,
2619 1548 2817 1618 injuste
2839 1547 3068 1618 egimus,
3094 1547 3284 1616 impie-

1710 1659 1876 1705 tatem
1905 1648 2298 1710 commisimus,
2324 1656 2378 1698 et
2404 1644 2776 1704 discessimus,
2815 1651 2869 1695 et
2896 1637 3290 1693 declinavimus

1709 1761 1738 1801 a
1763 1745 2037 1800 mandatis
2061 1743 2166 1798 tuis
2189 1753 2237 1797 et
2269 1758 2298 1796 a
2328 1740 2557 1810 iudiciis
2591 1737 2719 1802 tuis,
2746 1745 2802 1792 et
2839 1751 2945 1789 non
2988 1732 3292 1787 audivimus

1711 1851 1901 1892 servos
1929 1846 2052 1889 tuos
2083 1835 2396 1904 prophetas,
2420 1831 2511 1901 qui
2554 1829 2914 1897 loquebantur
2936 1824 3091 1878 nobis
3113 1823 3164 1875 in
3198 1835 3293 1874 no-

54 1915 238 2014 iierabit
260 1915 326 2009 ile
359 1966 592 2022 corpore
627 1948 816 2004 mortis
854 1915 1060 2014 huius?
1099 1964 1117 1997 ι
1155 1915 1313 1999 Videt
1349 1957 1408 1998 se
1441 1942 1609 1996 mise-
1639 1915 1684 1971 Β
1713 1929 1857 1984 mine
1881 1937 1992 1991 tuo,
2027 1939 2081 1981 et
2114 1927 2355 1995 regibus,
2387 1933 2442 1975 et
2473 1921 2815 1992 principibus
2857 1918 3060 1972 nostris
3084 1915 3218 1986 (50),
3240 1924 3292 1969 et

58 2069 172 2117 ηιιι,
204 2051 346 2103 intra
377 2061 541 2117 quem
574 2052 651 2098 tot
678 2041 828 2113 leges
875 2040 979 2095 sibi
1010 2025 1250 2094 invicem'
1281 2046 1604 2107 repugnant,

58 2154 120 2198 tot
155 2141 329 2210 praelia
365 2145 782 2194 commoventur
811 2153 826 2190 :
863 2153 882 2186 ι
923 2132 1136 2202 Pugnat
1181 2146 1312 2186 caro
1346 2130 1608 2184 adversus

60 2237 298 2306 spiritum,
329 2231 561 2303 spiritus
600 2239 783 2282 autem
812 2226 1076 2281 adversus
1101 2221 1382 2279 carnem"
1415 2239 1428 2275 :
1470 2240 1487 2271 ι
1521 2221 1608 2275 lex

57 2327 214 2398 quatin
247 2324 508 2381 membris
531 2331 616 2379 est
640 2329 906 2392 repugnat
938 2319 1039 2390 legi
1075 2315 1296 2380 mentis,
1321 2325 1375 2371 et
1397 2314 1610 2384 captiva

62 2424 236 2478 ducitur
267 2421 447 2474 anima
483 2419 536 2473 in
569 2417 687 2486 lege
722 2415 959 2485 peccati,
995 2422 1051 2468 et
1093 2412 1192 2466 sub
1217 2411 1348 2481 jugo
1382 2409 1500 2478 ejus
1529 2407 1612 2464 ef-

63 2514 228 2577 ﬁcitur,
257 2513 422 2567 etiam
471 2507 861 2566 cum-interior
895 2505 1061 2558 homo
1091 2501 1188 2556 Dei
1231 2500 1349 2570 lege
1378 2499 1613 2556 delecte-

66 2617 133 2658 tur
159 2621 172 2658 :
197 2603 468 2673 quomodo
492 2602 544 2656 in
569 2601 654 2654 his
680 2607 758 2653 tot
787 2607 843 2653 et
879 2596 1078 2650 talibus
1123 2593 1280 2648 malis
1306 2607 1416 2646 non
1452 2591 1612 2646 mise-

63 2714 156 2750 rum
187 2713 241 2752 se
277 2697 426 2752 dicat
457 2697 639 2758 homo,
665 2704 719 2745 et
753 2693 807 2746 in
846 2702 1075 2760 corpore
1108 2686 1302 2741 mortis
1325 2681 1613 2738 habitare?

64 2791 224 2846 Merito
276 2803 516 2858 namque
551 2801 754 2856 corpus
796 2781 990 2837 mortis
1037 2777 1360 2849 appellatur,
1404 2776 1458 2828 in
1504 2786 1612 2842 quo

65 2883 242 2937 habitat
279 2891 566 2953 peccaturo
609 2877 752 2948 quod
805 2875 1000 2929 mortis
1040 2881 1126 2928 est
1173 2882 1361 2924 causa.
1405 2864 1494 2920 Fit
1524 2878 1615 2918 er-

66 2991 116 3044 go
133 2975 232 3044 (ul
264 2975 597 3030 exclamatio
631 2973 748 3028 haec
772 2986 836 3026 ex
879 2984 1112 3040 persona
1145 2965 1289 3021 illius
1321 2977 1480 3034 quem
1507 2960 1612 3015 ini-

67 3068 121 3120 tia
142 3069 346 3136 quidem
380 3065 755 3122 conversionis
784 3063 1065 3132 accepisse
1095 3057 1355 3115 describit
1379 3056 1611 3125 Aposto-

69 3159 149 3225 lus,
178 3163 224 3214 iu
254 3175 321 3214 eo
364 3158 508 3229 quod
548 3158 802 3213 voluntas
852 3156 903 3210 ei
941 3153 1054 3225 (45)
1089 3152 1302 3223 adiacet
1346 3148 1494 3212 boni,
1521 3145 1615 3201 sed

70 3251 270 3304 uoadum
317 3251 373 3304 in
406 3248 660 3304 eﬂ'ectum
693 3247 906 3301 venerit
935 3243 1085 3300 boui.
1120 3241 1240 3296 Non
1280 3239 1426 3296 enim
1458 3239 1616 3291 inve-

72 3342 128 3394 uit
148 3345 396 3410 perlicere
421 3344 620 3396 bonum
671 3339 801 3409 quia
836 3337 1074 3392 nondum
1107 3335 1158 3389 in
1198 3348 1265 3388 eo
1294 3347 1423 3387 usus
1455 3327 1621 3384 inole-

71 3446 192 3487 verat
218 3437 651 3502 exercitiumque
683 3435 967 3486 virtutum.
1008 3427 1392 3496 Respondetur
1418 3436 1548 3476 vero
1573 3419 1620 3474 ei

71 3529 231 3582 adhoc
253 3529 398 3597 quod
424 3528 671 3581 dixerat:
695 3544 715 3577 ι
749 3525 882 3592 Quis
909 3539 998 3577 me
1017 3517 1275 3576 liberabit
1304 3517 1370 3571 de
1391 3525 1621 3583 corpore

74 3626 230 3678 mortis
251 3622 456 3692 hujus?
486 3640 508 3674 ι
533 3621 647 3689 jam
683 3634 788 3673 non
825 3633 892 3671 ex
914 3616 1059 3669 illius
1087 3626 1318 3682 persona
1347 3608 1487 3677 (46),
1517 3605 1615 3659 sed

71 3727 122 3766 ex
152 3716 436 3784 apostolica
493 3711 863 3767 auctoritate:
899 3725 918 3758 ‹
951 3705 1138 3760 Gratia
1173 3702 1268 3756 Dei
1304 3715 1399 3771 per
1435 3699 1623 3754 Jesom

73 3805 313 3860 Christum
349 3807 635 3860 Dominum
670 3813 939 3858 nostrum.
985 3816 1005 3850 ι
1044 3795 1200 3852 Unde
1229 3802 1457 3864 apparet
1479 3787 1623 3860 quod

75 3911 320 3968 propterea
359 3900 476 3953 haec
505 3896 687 3951 omnia
719 3893 1014 3962 descripsit
1047 3887 1362 3958 Apostolus,
1395 3894 1450 3938 et
1483 3881 1624 3935 mala

75 4010 170 4063 qua:
205 3998 345 4050 intra
390 4009 490 4049 nos
521 3990 820 4062 agebantur
841 3987 959 4058 (4⁵1)
998 3983 1273 4054 exposuit,
1303 3988 1362 4034 ut
1402 3978 1470 4031 ad
1501 3973 1627 4029 ulti-

79 4104 192 4142 mum
217 4088 529 4145 ostenderet
563 4095 618 4140 et
644 4085 863 4139 doceret
889 4081 957 4135 de
983 4076 1202 4148 quantis
1235 4089 1334 4127 nos
1368 4069 1550 4132 riualis,
1571 4076 1628 4123 et

78 4183 354 4251 dequautis
396 4180 666 4237 mortibus
712 4177 968 4232 Christus
1006 4169 1226 4238 eripuit.
1257 4166 1411 4234 Quod
1444 4171 1624 4216 autem

81 4273 220 4330 moris
239 4277 384 4334 sitiu
403 4271 706 4344 Scripturis
776 4267 978 4323 divinis
1011 4271 1232 4318 sanctos
1261 4270 1522 4330 personas
1544 4268 1629 4308 as-

82 4380 262 4422 sumere
293 4375 675 4437 peccatorum,
702 4373 759 4418 et
791 4358 1088 4428 ruagistros
1135 4352 1422 4421 suscipere
1462 4348 1515 4401 in
1546 4361 1631 4401 se-

84 4460 303 4528 metipsos
326 4459 674 4513 inﬁrmitates
701 4451 1116 4522 discipulorum,
1144 4461 1210 4500 ex
1241 4443 1380 4497 libro
1409 4437 1630 4509 quidem

84 4546 384 4604 Psalmoruui
410 4535 722 4620 plenissime
743 4544 1102 4614 perdocenmr
1119 4552 1242 4590 cum
1263 4531 1495 4590 dieit“:r
1515 4527 1632 4584 Non

84 4651 146 4692 est
173 4658 265 4710 pax
304 4644 519 4697 ossibus
552 4640 688 4694 meis
731 4654 761 4690 a
798 4636 934 4689 facie
967 4646 1131 4703 pecca

85 4738 186 4802 quia
224 4737 539 4807 iniquitates
580 4727 933 4802 superpositae
978 4733 1105 4779 sunt
1154 4717 1320 4789 capiti
1369 4728 1517 4777 meo,
1579 4719 1635 4766 et

145 4871 368 4932 "Galat.
419 4889 478 4936 ν,
513 4871 600 4927 l7.
675 4869 724 4907 ”
754 4867 896 4923 Psal.
923 4875 1132 4924 xxxvn,
1163 4857 1280 4912 4-7.
1355 4853 1402 4886 ’⁸
1439 4852 1575 4906 Dan.
1610 4863 1686 4911 Ix,
1720 4843 1754 4898 5
1783 4855 1903 4910 seq.

145 5001 239 5063 “0)
277 5003 368 5058 Et.
397 5003 744 5058 Desideratur
775 4992 828 5046 in
861 4997 1020 5043 antea
1050 4980 1232 5038 editis.

143 5044 239 5138 iiii
277 5044 790 5136 XiiaQ',"Z"i}};i.'{i.ii;
830 5081 867 5138 ._
901 5068 957 5138 ει
997 5063 1203 5126 postea.
1251 5044 1563 5101 «ευιιιτυιιι
1605 5060 1625 5094 ’

148 5130 242 5211 (42)
279 5130 452 5211 Alias,
490 5164 508 5196 ι
546 5130 1148 5211 οθνῑειιιιθιι--Ιιῖιῦθτθο.ιῄ
1204 5191 1252 5211 ,Δ
1290 5184 1446 5211 Mum
1483 5182 1586 5211 nm:

491 5188 948 5278 ξίεξξι-ἐῇξξῖξιιςεο
993 5195 1156 5250 verba
1204 5191 1256 5245 in
1286 5188 1449 5243 editis
1480 5188 1636 5239 omit-

85 5295 256 5342 tuntur.

151 5360 247 5426 (44)
284 5358 447 5414 Editi.
486 5373 503 5406 ι
539 5352 621 5426 Sit
647 5363 800 5426 ergo.
837 5365 855 5398 ι

151 5418 248 5495 (45)
291 5424 625 5495 Ei.Deesti_n
655 5418 840 5495 editi?-
1087 5473 1206 5495 λη’,

290 5471 546 5570 ﬂigi;
573 5471 770 5570 N'ullibi
802 5489 852 5540 in
885 5490 1042 5538 antea
1078 5473 1238 5530 editis
1261 5471 1558 5538 comparet.

170 5507 249 5564 46)
290 5507 546 5570 Pet-saga.
573 5507 770 5546 nutum
802 5507 852 5540 Ill
885 5507 950 5538 au

150 5507 247 5636 in)
286 5569 451 5627 Alias.
490 5586 507 5616 ι
555 5560 906 5636 gerebantur.
939 5571 958 5630 ι

154 5618 250 5706 ἕλε)
286 5618 465 5697 aliis}
519 5618 842 5701 ιυ«ιιιοιιίευη
896 5618 1212 5706 ίπξέίῑ¹¹ίίθίθ⁵
1244 5619 1639 5706 ﬁliifilii";

102 5683 266 5776 griis;
444 5683 620 5772 caput'
636 5683 910 5776 mentm...
925 5683 1262 5772 Putroeruut
1291 5683 1644 5776 etrcorrupta'e

104 5749 204 5832 gout
231 5782 344 5845 (aL:
377 5749 699 5845 exargeruut
724 5765 1074 5845 r)cicatriees
1105 5771 1237 5845 nt‘eizt:
1273 5769 1302 5804 ιι
1341 5749 1644 5845 fulgielinsi:

851 5815 971 5912 sitm
992 5829 1088 5899 (a’l.
1108 5847 1124 5876 ε
1155 5824 1315 5878 Miser
1345 5818 1574 5873 alliictus
1601 5815 1646 5882 ι)

107 5905 149 5971 et
167 5929 400 5975 curvatus
431 5932 548 5974 sum
582 5924 750 5981 usque
776 5908 827 5962 in
860 5905 1046 5958 linem.
1083 5917 1100 5950 ι

1709 2020 1958 2092 patribus
1981 2018 2206 2082 nostris,
2238 2027 2290 2071 et
2315 2016 2459 2070 omni
2490 2013 2687 2087 popqu
2721 2012 2922 2066 terras?
2945 2009 3004 2063 Et
3043 2007 3162 2072 tibi,
3189 2007 3290 2061 Do-

1710 2114 1874 2177 mine,
1907 2111 2307 2184 justitia,nobis
2329 2119 2509 2163 autem
2540 2106 2786 2161 confusio
2819 2103 2974 2157 faciei
3005 2101 3072 2156 ".
3111 2118 3130 2152 ι
3162 2097 3296 2184 Quis

1709 2216 1791 2262 est
1816 2207 1904 2276 qui
1932 2207 1986 2259 in
2015 2205 2099 2259 his
2129 2204 2314 2258 verbis
2349 2217 2550 2272 negare
2578 2199 2749 2270 possit
2786 2211 3075 2268 personam
3106 2172 3297 2264 pecca-

1712 2307 1889 2353 torum
1923 2313 1950 2349 a
2003 2295 2224 2350 Daniele
2262 2308 2383 2348 esse
2417 2303 2761 2360 susceptam,
2795 2303 2893 2359 pro
2939 2286 3133 2354 quibus
3180 2292 3297 2336 tan-

1710 2405 1874 2460 quam
1908 2403 2006 2459 pro
2037 2388 2215 2457 seipse
2253 2387 2367 2440 haec
2417 2384 2598 2438 dicere
2636 2379 2936 2435 videatur?
2964 2377 3119 2432 Unde
3166 2390 3298 2430 con-

1710 2483 1936 2538 veniens
1992 2492 2077 2535 est
2127 2494 2226 2534 nos
2283 2478 2526 2548 legentes
2573 2477 2720 2528 dicta
2779 2481 3086 2526 sanctorum
3115 2506 3132 2531 ,
3175 2481 3298 2520 cum

1712 2576 1781 2632 ab
1828 2577 1908 2630 eis
1963 2573 2069 2628 talc
2127 2570 2330 2641 aliquid
2383 2569 2489 2625 dici
2555 2567 2839 2632 videmus,
2887 2562 3193 2631 intelligere
3246 2567 3299 2614 et

1713 2669 1917 2724 sentire
1965 2667 2092 2737 quia
2143 2675 2359 2718 nostras
2408 2662 2460 2716 in
2509 2657 2813 2726 semetipsis
2867 2657 3152 2726 passiones
3202 2666 3301 2705 no—

1712 2769 1939 2827 straque
1985 2766 2207 2828 peccata
2259 2753 2612 2816 describunt;
2671 2759 2726 2804 et
2785 2757 3071 2818 propterea
3133 2741 3296 2813 587

1714 2855 1828 2910 haec
1891 2850 1964 2905 illi
2025 2849 2244 2912 deﬂent,
2309 2855 2366 2900 ut
2434 2845 2648 2898 illorum
2709 2838 2924 2893 ﬂetibus
2963 2852 3060 2890 nos
3107 2835 3303 2888 invite-

1716 2962 1837 3000 mur
1868 2945 1932 2999 ad
1965 2944 2255 3014 lacrymas.
2289 2936 2720 2994 Cousiderabant
2748 2932 2890 2988 enim
2925 2928 3198 2984 neminem
3226 2926 3303 2980 ita

1716 3038 1908 3093 durum
1939 3041 1992 3088 et
2021 3034 2292 3103 ingratum
2321 3029 2434 3100 (51)
2463 3041 2621 3097 posse
2650 3021 2903 3080 inveniri,
2946 3020 3038 3088 qui
3072 3033 3194 3073 cum
3233 3015 3304 3069 ab

1717 3129 1836 3184 aliis
1902 3127 2082 3180 \‘ideat
2147 3123 2372 3176 vulnera
2454 3133 2552 3173 sua
2632 3113 2850 3184 lugeri,
2914 3108 3032 3179 ipse
3097 3105 3302 3161 nullum

1721 3223 1788 3278 de
1841 3223 1957 3277 suis
2005 3217 2328 3274 vulneribus
2387 3225 2611 3268 sensum
2659 3204 2865 3261 doloris
2918 3200 3179 3270 accipiat.
3223 3196 3302 3250 lla

1731 3330 1863 3388 ergo
1895 3323 1950 3371 et
1979 3313 2033 3367 in
2065 3308 2323 3381 prmsenti
2356 3303 2594 3376 capitulo
2618 3296 2912 3369 Apostolus
2944 3306 3012 3347 ne
3040 3292 3160 3360 quis
3211 3303 3308 3342 no-

1729 3421 1902 3466 strum
1930 3400 2468 3462 erubesceretdebis
2484 3390 2764 3468 qiucintra
2817 3403 2876 3443 se
2905 3387 3018 3456 geri
3056 3383 3306 3442 sentiret,

1729 3513 1822 3558 aut
1856 3501 2021 3556 etiam
2060 3508 2367 3552 conversus
2411 3491 2479 3546 ad
2522 3490 2839 3547 Dominum,
2878 3492 2934 3534 et
2960 3487 3168 3533 mutata
3198 3474 3309 3545 jam

1738 3596 2022 3650 voluntate
2068 3589 2207 3662 (52),
2269 3603 2336 3642 ne
2394 3587 2510 3639 haac
2552 3582 2731 3634 adhuc
2767 3577 2910 3631 intra
2958 3569 3310 3637 semetipsum

1732 3688 1949 3742 moveri
1980 3684 2225 3739 sentiens
2250 3680 2589 3748 desperaret,
2611 3672 2724 3742 ipse
2748 3684 2811 3724 ea
2839 3665 2996 3738 quasi
3031 3664 3083 3716 in
3113 3665 3312 3716 semet-

1739 3781 1862 3848 ipso
1914 3774 2028 3844 geri
2071 3769 2384 3838 descripsit,
2417 3775 2477 3818 ut
2501 3761 2752 3829 exemplo
2773 3754 3022 3828 'Apostoli
3055 3767 3156 3806 nec
3190 3761 3315 3802 cor-

1732 3840 1884 3941 poris
1916 3840 2126 3922 natum
2153 3862 2356 3931 pudeat
2382 3869 2740 3927 quemquam,
2779 3864 2880 3904 nec
2915 3860 3016 3917 pro
3047 3840 3311 3896 emenda-

1735 3933 1883 4018 iione
1910 3961 2186 4029 desperet,
2217 3967 2318 4008 nec
2350 3949 2618 4004 malorum
2667 3955 2890 3998 suorum
2938 3933 3317 3991 multitudines

1734 4055 1974 4124 ignoret,
2008 4025 2075 4102 ex
2108 4044 2308 4116 quibus
2344 4053 2442 4110 per
2474 4032 2680 4091 Christi
2712 4029 2944 4102 gratiam
2976 4025 3262 4079 liberatur.

1808 4144 1898 4199 l0.
1945 4113 1968 4192 r
2011 4113 2200 4206 Itaque
2253 4149 2355 4203 ego
2407 4131 2523 4200 ipse
2568 4135 2748 4182 mente
2796 4119 2979 4176 servio
3041 4115 3145 4185 legi
3198 4113 3317 4176 Dei,

1737 4253 1904 4296 carne
1934 4244 2115 4289 alitem
2160 4229 2261 4300 legi
2300 4223 2508 4297 peccati
2553 4222 2625 4278 “.
2677 4237 2696 4270 ι
2753 4216 2918 4271 Forte
2947 4211 3148 4279 aliquis
3177 4209 3320 4262 dicet

1738 4331 1884 4404 quod
1916 4323 2235 4398 Apostolus,
2289 4317 2380 4388 qui
2416 4327 2562 4370 nunc
2605 4325 2776 4378 usque
2831 4321 2935 4360 non
2977 4302 3132 4372 quasi
3181 4299 3319 4367 ipse,

1740 4389 1836 4481 sed
1886 4389 2172 4488 assumpta
2210 4413 2442 4469 alterius
2491 4419 2730 4476 persona
2781 4402 2997 4454 loeutus
3021 4403 3126 4456 est,
3162 4389 3322 4444 modo

1740 4515 1886 4570 velut
1913 4479 2158 4584 persona:
2185 4502 2628 4559 immutationem
2654 4493 2947 4560 designans
2977 4486 3145 4544 dicat,
3171 4499 3189 4531 ι
3211 4479 3321 4547 Ego

1140 4639 1316 4683 torum
1363 4637 1630 4685 meorum,
1665 4633 1711 4688 ι)
1742 4610 1880 4680 ipse,
1903 4626 1922 4658 ι
1963 4615 2022 4658 ιιι
2055 4601 2312 4657 ostendat
2341 4595 2459 4650 htec
2491 4605 2614 4661 qua:
2639 4583 2870 4642 dicenda
2905 4589 3054 4642 sunt,
3104 4575 3169 4626 ad
3231 4587 3319 4624 se-

1741 4671 1918 4774 ipsum
1973 4698 2116 4751 idem
2157 4687 2453 4762 Apostolus
2499 4682 2777 4755 pertinere
2804 4676 2942 4750 (55).
2969 4671 3108 4726 Dicit
3136 4672 3320 4721 autem

1977 4833 2024 4866 "
2053 4830 2214 4885 Rom.
2244 4839 2343 4889 vn,
2373 4820 2468 4876 9.5.

1810 4961 1924 5034 (49)
1954 4955 2150 5034 ‘Edjtia
2163 4949 2419 5033 refertur,
2449 4941 2544 4998 sed
2570 4937 2655 4992 vir
2684 4927 3075 4990 desideriorum
3101 4923 3320 4986 dicitur,

1740 5021 1920 5090 tamen
1953 5029 2007 5082 in
2029 5021 2264 5092 ieiuniis:
2309 5036 2328 5070 ι
2443 5083 2455 5092 _
2633 5067 3066 5092 .7,___,__,m_m
3121 5063 3192 5092 ,Α

2203 5069 2616 5175 dieeo-alimus...

1740 5143 2530 5245 egiinvu’sretﬁiinpietatem....
2565 5157 2622 5201 et
2664 5143 3124 5226 declinavimnsa
3160 5148 3318 5212 man-

1996 5239 2008 5245 “
2073 5235 2103 5245 ’⁸
2144 5233 2176 5244 ”’
2246 5227 2314 5245 ¹“¹
2359 5242 2368 5245 ‘
2401 5238 2424 5245 ⁸
2447 5219 2712 5245 “nn-'0'“!
2750 5221 2802 5245 nl
2837 5228 2864 5245 οι
2897 5209 3116 5245 unanimum
3148 5213 3253 5245 [IIIS
3276 5200 3318 5245 al

1742 5200 1974 5301 3ξῖῗὲυέ
1992 5200 2716 5308 ῇῗίιιὶέἱῖξῖεὶῖῖἷῖἰίιξηίιθιιε
2750 5221 2806 5265 et
2837 5228 2866 5308 εξ
2893 5204 3253 5308 ῇιιιιὶεἱίθ¹ιυιε
3275 5200 3320 5280 ι)

2107 5305 2132 5308 ⁷⁸
2179 5303 2188 5308 ‘
2447 5292 2520 5308 ~3—
2572 5287 2676 5308 ---!—
2711 5296 2840 5308 -ι-ηνι
2865 5292 2987 5308 ,ιηω
3085 5290 3115 5308 ι,
3185 5286 3320 5308 ..Μη-

1741 5281 2318 5371 ἕῖᾋιῖἔίιῖὲῑιὶᾱυε
2351 5292 2524 5371 servis
2572 5287 2677 5341 tuis
2698 5281 3058 5371 prophetis...
3085 5281 3141 5328 et
3182 5286 3324 5340 regi-

1743 5358 2097 5443 bus-"nostris,
2125 5381 2182 5426 et
2211 5362 2547 5439 principibus
2594 5358 2815 5418 nostris,
2851 5369 2870 5402 ι
2902 5358 3011 5402 etc.

1818 5475 1929 5548 (5|)
1966 5466 2106 5524 Editi
2138 5461 2407 5535 plerique,
2448 5471 2466 5506 ι
2494 5454 2765 5522 ignarum,
2805 5462 2824 5496 ι
2863 5439 3028 5548 male.

1963 5534 2183 5626 Alias,ﬂt
2212 5562 2268 5609 et
2299 5555 2505 5606 mutata
2538 5539 2795 5641 quisjam
2825 5534 3127 5641 voluntate.
3154 5545 3174 5580 ι

1823 5619 1936 5727 ἰέἐι
1968 5619 2137 5727 Alinas}
2173 5667 2192 5700 ι
2227 5619 3317 5727 postea“:“333933326,51's:alii“:

2166 5699 2402 5784 seipsum
2438 5711 2578 5764 idem
2622 5700 2914 5796 ΑρρειοΙιΙιε
2945 5699 3318 5796 ιιει·ι.ιιιῖνὶιι;;

2282 5787 2292 5796 ·
2340 5793 2348 5796 -
2381 5783 2392 5796 '
2478 5794 2490 5796 κ
2544 5789 2638 5796 —---
2688 5791 2695 5796 -
2725 5783 2907 5796 .ι-ιι..,..
2951 5781 3047 5796 κη..
3173 5777 3183 5796 Α

1768 5758 2132 5796 Illulaarsqau
2166 5758 2402 5784 συ-γυ-μ-
2440 5758 2540 5764 η--
2569 5758 2576 5759 κ
2674 5758 2686 5771 ,
2725 5777 2730 5781 ι
2947 5758 2957 5763 _

1758 5805 1931 5861 Alias,
1966 5814 1984 5846 r
2022 5806 2079 5847 ut
2106 5787 2356 5861 ostendat
2381 5783 2513 5861 haec.
2537 5789 2643 5845 qua
2684 5771 2909 5861 dicenda
2951 5773 3097 5826 sunt,
3139 5758 3204 5814 ad
3242 5767 3318 5813 se

2066 5842 2162 5919 'eéi
2191 5858 2257 5914 ad
2294 5842 2611 5923 Apostoluiu
2639 5842 2928 5914 pertinere.
2949 5857 2968 5890 ι
