3768 6540
452 379 596 469 ’10911

1939 382 2261 440 ORIGENIS

3578 387 3715 444 £092

451 496 580 564 quia
606 506 788 553 mente
809 497 1016 554 serviat
1041 496 1145 569 legi
1179 499 1296 566 Dei,
1329 515 1497 558 carne
1526 509 1708 557 autem
1744 501 1851 574 legi
1897 517 2027 574 pec—
2056 508 2103 565 Α
2133 511 2313 559 autem
2352 501 2457 570 legi
2496 501 2615 570 Dei,
2651 512 2705 557 et
2735 516 2856 557 esse
2907 502 3009 557 sub
3056 500 3172 572 lege
3200 501 3453 572 spiritus,
3499 501 3610 557 hoc
3638 515 3716 559 est

451 589 581 652 cati,
609 591 766 658 quasi
804 599 953 645 tanta
985 592 1055 645 sit
1083 595 1338 660 peccandi
1374 596 1480 659 vis,
1517 604 1664 650 tanta
1714 597 1904 651 carnis
1932 606 2022 667 ty-

451 682 661 748 rannis,
685 699 849 754 quam
877 699 976 742 nec
993 687 1287 754 Apostolus
1312 688 1480 756 possit
1507 687 1780 758 elIugere;
1806 699 1861 743 et
1887 704 2020 759 pro-

449 783 639 843 pterea
690 775 746 830 in
811 777 934 830 aliis
992 777 1232 846 dixerit,
1285 780 1415 848 quia
1474 797 1493 830 ‹
1546 795 1764 835 macero
1827 796 2024 849 corpus

448 880 630 921 meum
666 867 802 938 (51),
837 879 892 922 ct
920 872 1165 925 servituti
1188 872 1440 941 subjicio,
1479 889 1545 928 ne
1582 873 1720 927 forte
1749 888 1870 927 cum
1901 873 2024 930 aliis

451 958 896 1025 pradicaverim,
937 961 1051 1029 ipse
1081 964 1342 1030 reprobus
1369 963 1572 1018 elliciar
1598 963 1665 1016 ".
1696 984 1716 1017 ι
1765 964 1870 1019 Sed
1905 965 2024 1020 haec

449 1048 541 1116 qui
573 1063 635 1102 ex
669 1065 898 1118 persona
929 1052 1171 1120 Apostoli
1227 1055 1427 1119 accipit
1478 1057 1645 1121 dicta,
1689 1057 2025 1127 desperatio—

452 1159 576 1197 nem
613 1144 744 1198 mihi
775 1144 988 1199 videtur
1023 1145 1269 1201 incutere
1307 1149 1454 1202 omni
1491 1149 1710 1212 animae,
1743 1150 1886 1217 quod
1921 1164 2022 1204 ne-

454 1250 544 1288 mo
570 1235 642 1290 sit
669 1250 894 1304 prorsus
922 1237 1014 1306 qui
1070 1253 1176 1291 non
1230 1251 1420 1308 peccet
1465 1242 1516 1293 in
1551 1256 1738 1296 carne.
1780 1241 1894 1296 lloc
1939 1251 2060 1296 est.

447 1327 594 1380 enim
624 1341 788 1382 carne
813 1327 1018 1382 servire
1049 1329 1152 1397 legi
1186 1331 1392 1398 peccati
1421 1329 1554 1402 (55).
1582 1331 1711 1386 Mihi
1741 1348 1872 1399 ergo
1903 1349 2022 1386 ma-

447 1419 530 1489 gis
570 1419 789 1474 videtur
839 1421 984 1476 illius
1038 1422 1217 1476 adhuc
1275 1431 1460 1476 tenere
1511 1437 1824 1492 personam,
1855 1440 2020 1494 quam

448 1525 614 1581 supra
648 1511 702 1566 in
729 1514 1022 1584 semetipso
1049 1515 1360 1585 descripsit,
1391 1517 1552 1584 quasi
1596 1517 1874 1571 voluntate
1911 1516 2022 1585 jam

446 1610 502 1658 et
530 1605 816 1672 proposito
843 1605 910 1658 ad
940 1605 1166 1659 meliora
1199 1608 1478 1670 conversi,
1527 1619 1584 1663 et
1632 1619 1816 1662 mente
1860 1619 2024 1678 atque

444 1695 627 1749 animo
656 1695 760 1764 legi
802 1695 898 1751 Dei
927 1698 1244 1763 servientis,
1280 1700 1522 1753 nondum
1555 1709 1734 1755 tamen
1783 1700 1835 1754 id
1882 1702 2024 1754 obti-

445 1787 652 1851 nuisse,
707 1795 765 1840 ut
816 1788 980 1842 etiam
1036 1791 1218 1844 carnis
1264 1791 1632 1846 obedientiam
1685 1792 1740 1846 in
1787 1807 2024 1846 consen-

442 1891 564 1930 sum
595 1877 707 1945 (56)
742 1880 938 1934 mentis
961 1880 1274 1937 adduceret.
1305 1881 1518 1937 Etenim
1549 1886 1808 1953 quoniam
1842 1885 1894 1938 in
1927 1901 2022 1939 su-

443 1969 758 2036 perioribus
805 1971 875 2024 de
929 1971 1354 2029 mortiﬁcatione
1385 1976 1630 2043 corporis
1668 1977 2021 2040 disseruerat,

441 2065 499 2110 et
548 2056 768 2114 Christo
819 2062 1288 2116 commoriendum
1342 2077 1464 2118 esse
1525 2065 1808 2130 docuerat,
1849 2067 1902 2120 in
1939 2067 2022 2121 his

445 2161 591 2202 nunc
640 2163 803 2217 quam
835 2167 944 2206 non
975 2153 1048 2207 sit
1077 2155 1314 2208 otiosum
1363 2156 1466 2210 hoc
1510 2171 1647 2225 opus
1678 2157 1896 2211 videtur
1928 2171 2019 2212 os-

444 2241 690 2306 tendere,
725 2253 779 2296 et
809 2243 1006 2298 docere
1036 2245 1162 2314 quia
1195 2262 1303 2301 non
1334 2249 1519 2302 statim
1565 2259 1625 2304 ut
1654 2251 1768 2303 vult
1800 2249 2018 2320 aliquis,

443 2340 498 2384 et
548 2341 606 2385 ut
653 2337 1001 2402 proposuerit
1069 2336 1298 2403 bonum,
1354 2327 1612 2393 continuo
1665 2342 1829 2395 etiam
1877 2341 2021 2396 iacto

443 2420 787 2489 adimpletur,
821 2426 913 2478 sed
944 2424 1031 2479 vel
1059 2427 1476 2484 consuetudinis
1508 2440 1652 2482 tanta
1681 2431 1784 2497 vis,
1820 2430 1905 2485 vel
1941 2431 2024 2483 vi.

447 2512 643 2566 tiorum
678 2523 825 2568 tanta
855 2515 1084 2571 dulcedo
1121 2529 1226 2584 est,
1283 2530 1344 2574 ut
1395 2533 1518 2574 cum
1547 2521 1760 2576 animus
1787 2521 1899 2591 jam
1939 2521 2022 2575 iu-

447 2607 630 2661 tendat
650 2609 714 2660 ad
741 2610 1020 2674 virtutem,
1040 2621 1095 2666 et
1122 2611 1226 2682 legi
1252 2611 1576 2689 Deiservire
1602 2614 1860 2669 decernat
1878 2613 2018 2686 (57),

441 2701 621 2754 carnis
654 2711 832 2756 tamen
869 2703 1136 2757 desideria
1173 2704 1383 2759 servire
1415 2716 1666 2775 peccato,
1709 2716 1764 2761 et
1809 2708 2020 2777 legibus

441 2791 556 2856 ejus
587 2808 780 2863 parere
815 2796 1210 2862 persuadeant.

519 2886 608 2940 11.
660 2905 678 2936 ι
714 2886 858 2940 Nihil
893 2903 1024 2954 ergo
1059 2905 1202 2944 nunc
1253 2891 1619 2946 damnationis
1661 2901 1745 2946 est
1792 2891 1878 2946 his
1925 2893 2018 2962 qui

440 2988 574 3032 sunt
602 2979 654 3032 in
672 2979 892 3035 CltriSto
916 2977 1044 3034 Jesu
1079 2980 1210 3050 (88).
1240 2981 1350 3037 Lex
1378 2985 1522 3038 enim
1555 2987 1781 3054 Spiritus
1807 2988 1933 3041 vitae
1959 2988 2011 3040 in

441 3069 658 3124 Christo
708 3069 834 3124 Jesu
867 3071 1126 3127 liberavit
1154 3089 1239 3127 me
1272 3090 1300 3127 a
1336 3074 1456 3145 lege
1505 3079 1715 3146 peccati
1765 3088 1820 3133 et
1871 3095 2018 3133 mor-

2127 595 2347 651 Cbristo
2409 595 2639 649 servire.
2698 593 2919 648 Christo
2970 603 3152 648 autem
3201 595 3431 659 servire,
3485 594 3594 650 hoc
3633 604 3715 650 est

2127 687 2339 742 servire
2391 685 2699 754 sapientius,
2755 687 2859 741 hoc
2901 695 2986 741 est
3038 687 3246 742 servire
3298 686 3413 758 (61)
3454 686 3711 756 justitize,

2127 778 2337 832 servire
2369 778 2612 842 veritati,
2647 775 3008 847 omnibusque
3041 779 3204 832 simul
3235 779 3450 833 servire
3491 780 3714 832 virtuti-

2127 867 2249 922 bus.
2284 867 2438 924 Unde
2463 883 2570 920 non
2599 876 2682 922 est
2715 870 3011 936 putandum
3039 868 3185 937 quod
3219 868 3289 922 ad
3323 868 3568 922 subitum
3595 867 3710 938 (62)

2129 959 2276 1026 quis,
2313 968 2369 1012 et
2395 959 2584 1012 statim
2617 968 2674 1011 ut
2707 958 2964 1023 voluerit,
3002 975 3030 1013 a
3063 959 3295 1014 servitio
3323 959 3467 1029 legis
3498 963 3710 1029 peccati

2129 1048 2422 1103 translatus
2467 1049 2740 1104 eﬂiciatur
2780 1049 2832 1102 in
2868 1048 3089 1104 Christo
3137 1047 3289 1114 Jesu,
3343 1050 3418 1104 ita
3474 1061 3535 1104 ut
3577 1051 3710 1104 nihil

2128 1137 2182 1193 in
2213 1153 2279 1193 eo
2309 1139 2420 1209 jam
2454 1140 2683 1194 obtentu
2731 1141 2941 1206 peccati
2993 1140 3366 1195 damnationis
3417 1142 3709 1196 habeatur.

2127 1229 2379 1299 Requirit
2407 1240 2588 1286 autem
2625 1232 2738 1302 (63)
2773 1232 2824 1286 itt
2855 1247 3188 1302 unoquoque
3220 1243 3412 1302 partes
3457 1249 3591 1288 suas
3619 1235 3710 1302 ju-

2125 1324 2278 1377 stitia
2317 1325 2561 1391 :probat
2606 1324 2652 1378 si
2698 1324 2770 1377 ita
2799 1323 2912 1393 jam
2945 1324 3268 1380 emendatus
3313 1334 3400 1380 est
3428 1335 3487 1379 et
3527 1341 3712 1380 corre-

2128 1424 2251 1469 ctus
2304 1414 2443 1485 (64),
2477 1424 2539 1468 ut
2578 1414 2713 1469 nihil
2757 1412 2810 1466 in
2832 1411 3101 1481 eoinjusti
3121 1413 3308 1481 operis
3364 1417 3613 1470 inveniat
3642 1434 3708 1472 ex

2127 1519 2234 1574 quo
2265 1505 2542 1560 damnatio
2573 1504 2957 1575 subsequatur.
3005 1506 3271 1561 Similiter
3293 1518 3350 1562 et
3377 1509 3587 1562 veritas
3621 1525 3710 1564 re-

2128 1598 2297 1667 quirit
2343 1599 2396 1652 in
2445 1612 2772 1665 unoquoque
2823 1607 3032 1666 partem
3079 1613 3256 1662 suam,
3307 1599 3356 1653 si
3410 1599 3712 1654 translatus

2127 1689 2250 1759 quis
2283 1705 2312 1744 a
2362 1689 2478 1760 lege
2510 1690 2713 1758 peccati
2747 1688 2889 1743 nulla
2913 1690 3024 1759 jam
3081 1705 3149 1744 ex
3195 1701 3356 1759 parte
3397 1691 3712 1745 inveniatur

2126 1782 2386 1850 obsequia
2421 1781 2667 1835 veritatis
2691 1782 3066 1836 contaminare
3115 1782 3408 1838 mendacio
3454 1783 3594 1853 (65).
3623 1784 3712 1837 Si-

2128 1871 2329 1925 militer
2355 1881 2408 1923 et
2437 1869 2697 1938 pudicitia
2730 1879 2940 1939 partem
2968 1887 3122 1925 suam
3155 1872 3410 1937 discutit,
3461 1874 3506 1927 si
3546 1874 3710 1927 nullis

2126 1962 2195 2017 ab
2217 1977 2283 2018 eo
2319 1963 2609 2032 impudicis
2633 1961 2743 2033 (66)
2778 1960 3067 2017 desideriis
3104 1964 3438 2019 maculatur.
3476 1964 3568 2019 Sic
3598 1968 3712 2033 pie-

2127 2067 2237 2120 tas,
2267 2057 2349 2110 sic
2379 2055 2648 2125 sapientia
2682 2066 2865 2124 partes
2892 2071 3020 2111 suas
3048 2056 3100 2110 in
3136 2071 3478 2127 unoquoque
3519 2059 3708 2111 discu-

2126 2147 2289 2214 tiunt,
2325 2162 2460 2216 quas
2487 2146 2533 2202 si
2569 2157 2715 2202 recte
2748 2157 2802 2201 et
2833 2147 3044 2218 integre
3081 2147 3132 2200 in
3161 2163 3227 2201 eo
3263 2158 3521 2203 constare
3546 2164 3705 2218 repe-

2127 2239 2319 2303 rerint,
2349 2246 2478 2292 tunc
2510 2239 2562 2292 in
2597 2236 2818 2292 Christo
2853 2252 2994 2302 esse,
3050 2246 3106 2292 et
3150 2238 3288 2292 nihil
3334 2239 3710 2293 damnationis

2127 2331 2334 2386 habere
2371 2330 2674 2398 putabitur.
2711 2329 2840 2395 Quae
2883 2327 3049 2399 588
3103 2331 3292 2399 utique
3335 2330 3566 2385 dubium
3600 2348 3708 2384 non

2124 2433 2208 2476 est
2237 2423 2366 2490 quin
2402 2437 2503 2476 usu
2533 2431 2588 2476 et
2613 2419 2968 2475 meditatione
3007 2423 3164 2491 longa
3195 2432 3252 2476 et
3287 2423 3484 2477 labore
3525 2425 3709 2492 pervi-

2123 2517 2213 2587 gili
2244 2520 2643 2586 conquirantur
2671 2512 2807 2580 (67).
2843 2512 2909 2566 Et
2945 2514 3066 2569 ideo
3097 2530 3203 2568 non
3239 2516 3439 2570 otiosis
3469 2516 3587 2570 hzec
3617 2532 3710 2570 ac-

2123 2609 2307 2663 cidere
2337 2617 2429 2661 aut
2457 2607 2718 2678 segnibus
2749 2615 2955 2660 certum
2987 2617 3109 2672 est;
3137 2607 3233 2661 sed
3272 2609 3537 2676 paulatim
3574 2624 3708 2678 pro-

2123 2701 2376 2764 liciendo,
2405 2711 2458 2756 et
2507 2703 2682 2770 primo
2713 2714 2907 2768 pauca,
2945 2708 3072 2754 tunc
3103 2700 3304 2754 deinde
3337 2703 3592 2765 minima,
3636 2703 3703 2753 ad

2123 2794 2398 2861 ultimum,
2427 2794 2472 2849 si
2504 2793 2753 2848 obtinere
2779 2795 3078 2863 potuerint,
3107 2795 3256 2847 nulla
3291 2797 3605 2864 peccando.
3642 2794 3710 2847 Et

2121 2886 2229 2941 hoc
2257 2886 2499 2940 sentiens
2526 2886 2739 2940 videtur
2762 2886 2892 2940 mihi
2914 2887 3055 2941 idem
3079 2886 3378 2956 Apostolus
3409 2887 3708 2955 scripsisse

2121 2979 2174 3032 in
2206 2978 2330 3034 aliis
2364 2996 2377 3032 :
2412 2997 2430 3028 ι
2462 2977 2746 3033 Prmterita
2777 2979 3125 3043 obliviscens,
3158 2979 3228 3032 ad
3265 2980 3451 3033 futura
3476 2993 3563 3033 me
3595 2993 3700 3032 ex-

2122 3071 2345 3126 tendens
2377 3070 2423 3104 ”
2469 3089 2484 3124 :
2527 3089 2546 3122 ›
2597 3071 2802 3126 docens
2856 3086 2954 3140 per
3003 3071 3118 3124 haec
3166 3071 3448 3140 praterita
3498 3071 3706 3126 debere

441 3163 510 3216 tis
532 3163 599 3216 ³³.
625 3183 645 3216 ι
679 3164 808 3230 Quae
837 3173 984 3220 esset
1008 3166 1297 3222 diversitas
1324 3168 1374 3222 in
1404 3169 1488 3222 his
1510 3169 1600 3237 qui
1628 3169 1771 3224 velut
1808 3171 1860 3224 in
1886 3186 2019 3240 quo-
2043 3183 2086 3242 α
2119 3174 2240 3216 esse
2271 3175 2334 3215 ea
2363 3159 2417 3214 in
2444 3161 2642 3229 quibus
2670 3162 2943 3232 culpabile
2986 3161 3191 3231 aliquid
3238 3163 3430 3228 fuerit,
3469 3172 3524 3218 et
3551 3164 3702 3218 obli-

441 3257 560 3310 dam
591 3259 891 3311 certamine
922 3261 1084 3326 positi
1119 3272 1306 3316 mente
1337 3263 1562 3331 quidem
1601 3263 1900 3317 secundum
1935 3263 2016 3318 le-

441 3363 562 3416 gem
599 3351 692 3403 Dei
729 3350 936 3415 vivunt,
968 3353 1153 3407 carnis
1185 3368 1316 3407 vero
1365 3355 1655 3408 desideriis
1691 3364 1926 3424 aguntur
1959 3355 2012 3410 in

442 3439 612 3509 legem
651 3445 856 3512 peccati
903 3443 1042 3514 (59),
1093 3445 1148 3498 in
1195 3447 1571 3514 superioribus
1609 3447 1812 3500 docuit.
1855 3445 2013 3503 Nunc

440 3546 571 3586 vero
601 3533 667 3586 de
697 3534 785 3588 his
815 3535 968 3598 dicit,
999 3536 1090 3604 qui
1122 3552 1230 3590 non
1267 3538 1381 3607 jam
1431 3553 1496 3592 ex
1546 3550 1705 3607 parte
1738 3539 1790 3592 in
1818 3554 2010 3605 carne,

440 3636 507 3676 ex
539 3633 690 3691 parte
717 3625 772 3679 itt
804 3628 1024 3696 spiritu,
1053 3629 1148 3683 sed
1179 3643 1246 3683 ex
1279 3632 1490 3699 integro
1519 3630 1574 3685 in
1603 3632 1822 3686 Christo
1845 3643 2010 3687 sunt:

440 3724 496 3768 et
539 3718 862 3783 pronuntiat
921 3720 972 3772 itt
1025 3721 1110 3775 his
1159 3721 1294 3775 nihil
1343 3723 1694 3777 damnatione
1762 3737 1882 3779 esse
1930 3724 2014 3777 di-

439 3821 603 3876 gnum
637 3808 773 3880 (60),
801 3811 926 3880 quia
957 3831 974 3863 ι
1006 3811 1089 3867 lex
1113 3814 1340 3883 spiritus
1367 3815 1491 3868 vitae
1525 3815 1577 3868 in
1609 3815 1832 3870 Christo
1877 3814 2008 3871 Jesu

439 3897 689 3954 liberavit
721 3916 814 3956 eos
844 3918 873 3956 a
903 3903 1019 3970 lege
1053 3905 1260 3972 peccati
1289 3913 1345 3959 et
1372 3907 1588 3959 mortis.
1622 3925 1642 3958 ›
1673 3906 1786 3962 Lex
1822 3919 2007 3962 autem

438 3991 667 4060 Spiritus
709 3993 834 4048 vitae
891 4011 996 4048 una
1050 3996 1352 4064 eademque
1397 4007 1478 4051 est
1526 4013 1646 4067 qua:
1671 4008 1727 4053 et
1754 3999 1838 4055 lex
1870 4000 2005 4054 Dei:

437 4082 581 4135 sicut
611 4100 824 4139 rursum
876 4102 980 4140 una
1021 4097 1184 4156 atque
1228 4090 1417 4144 eadem
1468 4099 1552 4144 est
1593 4089 1680 4145 lex
1713 4093 1924 4158 peccati
1955 4101 2010 4146 et

439 4174 656 4229 mortis.
710 4175 854 4231 Nihil
885 4194 1016 4249 ergo
1046 4180 1412 4234 damnationis
1455 4181 1561 4235 erit
1591 4182 1676 4237 his
1705 4183 1796 4252 qui
1829 4198 1858 4236 a
1889 4183 2010 4254 lege

438 4267 670 4332 peccati,
700 4283 820 4336 qua:
853 4282 936 4322 est
963 4271 1048 4324 lex
1081 4271 1293 4335 mortis,
1326 4272 1543 4340 penitus
1577 4272 1907 4338 liberantur,
1953 4283 2010 4328 et

439 4354 544 4426 legi
603 4358 720 4422 Dei,
755 4375 875 4428 quae
911 4371 996 4414 est
1037 4360 1122 4414 lex
1167 4362 1414 4431 spiritus,
1461 4363 1728 4418 serviunt.
1781 4363 2006 4420 Servire

507 4541 599 4596 ’Ἰ
631 4541 757 4596 Cor.
785 4559 863 4611 ιιι,
889 4542 980 4599 ‘27.
1057 4546 1101 4579 ⁸⁸
1133 4544 1290 4599 Rom.
1319 4561 1439 4612 vm,
1475 4545 1525 4608 l,
1559 4545 1615 4599 2.

1689 4548 1735 4586 9°
1767 4546 1967 4616 Philip.
1999 4563 2080 4613 ιιι,
2113 4547 2199 4601 15.

2121 3252 2283 3306 vione
2313 3252 2534 3322 dignum
2581 3271 2596 3308 :
2638 3252 2817 3308 futura
2877 3270 3005 3309 vero
3065 3269 3190 3309 esse
3234 3271 3363 3325 qute
3393 3257 3446 3310 in
3474 3256 3705 3312 Christo

2120 3351 2268 3405 sunt,
2292 3350 2348 3395 et
2376 3342 2491 3398 haec
2520 3357 2642 3398 esse
2664 3344 2731 3397 ad
2765 3358 2884 3413 qua:
2918 3346 3286 3414 nosmetipsos
3318 3347 3580 3402 debemus
3604 3363 3703 3401 ex-

2123 3433 2368 3498 tendere,
2401 3448 2576 3503 eaque
2605 3444 2713 3489 tota
2745 3435 3008 3489 aviditate
3035 3436 3234 3490 mentis
3266 3447 3546 3506 expetere.
3593 3437 3701 3492 Le-

2122 3541 2240 3594 gem
2271 3541 2406 3580 sane
2435 3525 2656 3594 spiritus
2683 3527 2809 3580 vitte
2834 3526 2980 3596 quod
3017 3528 3255 3582 diximus
3284 3529 3456 3597 ipsam
3497 3529 3701 3585 debere

2122 3620 2352 3691 intelligi
2382 3620 2555 3690 legem
2585 3619 2701 3687 Dei,
2737 3622 3035 3676 secundum
3084 3637 3204 3676 eam
3257 3624 3509 3678 videlicet
3550 3624 3700 3677 dixi-

2122 3729 2244 3768 mus
2269 3723 2476 3784 partetn
2502 3729 2604 3782 qua
2643 3714 2728 3768 lex
2761 3714 2962 3767 dicitur
2983 3729 3104 3768 esse
3125 3715 3411 3782 Spiritalis.
3447 3715 3572 3769 Ideo
3596 3717 3698 3768 ad-

2120 3805 2296 3860 didit:
2337 3824 2355 3856 t
2392 3805 2504 3859 Lex
2532 3806 2756 3875 spiritus
2801 3806 2948 3859 vitaz.
2999 3823 3019 3858 ι
3075 3805 3211 3860 Nam
3247 3807 3313 3860 de
3341 3806 3462 3876 lege
3499 3806 3697 3860 litterae

2118 3896 2300 3952 dicere
2333 3897 2435 3952 hoc
2468 3911 2574 3950 non
2607 3905 2841 3965 poterat,
2878 3897 2946 3952 de
2976 3912 3082 3966 qua
3131 3899 3183 3951 in
3215 3899 3344 3954 aliis
3371 3901 3696 3969 pronuntia-

2118 3997 2295 4053 verat,
2325 3989 2452 4059 quia
2477 3981 2506 4038 ἰ
2531 3989 2712 4042 littera
2739 3988 2962 4043 occidit.
2996 4009 3016 4042 i
3044 3989 3169 4045 Haec
3197 4001 3252 4045 et
3288 3991 3343 4045 in
3371 3991 3494 4047 aliis
3521 4009 3542 4044 ι
3593 3994 3698 4046 mi-

2115 4083 2400 4138 nisterium
2434 4081 2626 4136 mortis
2667 4098 2687 4132 »
2735 4081 2933 4135 dicitur
2975 4083 2992 4114 ⁸
3045 4082 3179 4152 (68).
3222 4083 3526 4154 Utrumque
3558 4098 3694 4153 ergo

2115 4178 2358 4230 continet
2405 4173 2512 4238 lex,
2541 4182 2595 4227 et
2632 4173 2868 4227 litteram
2903 4173 3273 4238 occidentem,
3327 4185 3385 4228 et
3430 4175 3689 4244 spiritum

2116 4267 2502 4321 viviﬁcantem.
2556 4264 2711 4320 Unde
2759 4265 3048 4320 considera
3099 4281 3168 4318 ne
3215 4265 3366 4321 forte
3417 4267 3579 4340 hujus
3614 4267 3690 4318 rei

2115 4359 2344 4414 formam
2371 4368 2556 4413 teneat
2581 4367 2637 4412 et
2667 4357 2796 4413 illud
2822 4357 3028 4428 lignum
3049 4358 3117 4413 tle
3141 4373 3254 4426 quo
3279 4359 3545 4428 scriptum
3567 4368 3691 4413 est:

2278 4545 2296 4576 ι
2329 4541 2374 4596 ll
2395 4544 2521 4598 Cor.
2555 4558 2638 4607 ιιι,
2664 4541 2718 4607 6,
2741 4543 2794 4596 7.

507 4704 618 4778 (54)
651 4703 815 4769 Editi,
844 4723 861 4755 t
890 4717 943 4760 et
975 4715 1260 4774 propterea
1299 4706 1353 4759 in
1384 4707 1507 4763 aliis
1538 4708 1676 4763 dixit
1720 4727 1736 4764 :
1776 4709 1995 4764 Macero
2032 4716 2082 4774 ι)
2179 4709 2293 4778 (61)
2324 4707 2441 4762 Hoc
2484 4717 2564 4762 est
2614 4708 2831 4763 servire.
2869 4707 2994 4762 11ωο
3027 4707 3414 4764 desiderantur
3450 4711 3503 4764 in
3529 4709 3688 4763 libris

437 4791 634 4844 corpus
665 4791 864 4836 meum,
901 4795 919 4827 ι
947 4787 1052 4828 etc.

508 4845 818 4919 (5.5)Editi,
845 4863 882 4919 Δι
915 4845 1026 4900 Hoc
1073 4855 1156 4900 est
1202 4850 1344 4900 enim
1394 4848 1598 4903 servire
1639 4863 1858 4904 carnem
1901 4850 2005 4919 legi

434 4915 661 4985 peccati,
694 4934 713 4966 ι
755 4915 914 4970 male.

508 4985 619 5056 (56)
660 4986 828 5047 Alias,
856 5005 884 5056 ι
921 4983 1020 5053 legi
1054 4985 1426 5050 deservientis,
1461 4990 1695 5042 nondum
1720 4997 1902 5042 tamen
1931 4990 2003 5042 ita

435 5054 828 5109 obtinuisse...
854 5054 909 5108 in
945 5069 1236 5118 consensu,
1271 5073 1288 5105 ι
1327 5067 1431 5110 etc.

511 5123 622 5192 (57)
662 5143 680 5174 ι
713 5125 804 5178 Est
833 5134 887 5178 et
913 5123 1022 5190 jam
1055 5143 1074 5175 ι
1114 5126 1438 5178 omittuntur
1479 5126 1530 5179 in
1563 5126 1750 5180 editis.
1797 5125 2003 5182 Deinde

439 5208 569 5246 mss.
611 5194 848 5260 quidam,
877 5208 930 5247 et
955 5194 1108 5256 editi,
1156 5213 1174 5244 ι
1219 5194 1323 5260 legi
1356 5196 1632 5250 deservire
1671 5197 1936 5251 decrevit.
1977 5215 1996 5248 ι

437 5263 550 5322 ΑΙ..
582 5280 602 5313 t
635 5264 734 5330 legi
765 5264 971 5317 servire
998 5265 1322 5318 decreverit.
1359 5283 1378 5316 ι

510 5332 622 5401 (58)
662 5333 800 5384 Editi
831 5344 950 5398 post
985 5351 1004 5384 ι
1040 5336 1129 5399 qui
1161 5343 1286 5386 sunt
1315 5335 1365 5387 in
1404 5333 1622 5388 Christo
1666 5333 1814 5396 Jesu,
1857 5353 1876 5386 ι
1911 5336 2006 5389 ad-

439 5401 594 5464 dunt,
635 5420 652 5452 t
686 5403 773 5469 qui
807 5419 910 5454 non
934 5404 1228 5456 secundum
1256 5420 1475 5457 carnem
1499 5406 1798 5458 ambulant.
1833 5424 1851 5454 ι
1901 5404 2007 5459 Sed

442 5472 554 5544 haec
581 5471 741 5524 verba
771 5470 966 5525 desunt
997 5473 1051 5524 in
1091 5473 1342 5527 omnibus
1379 5489 1510 5527 mss.
1544 5477 1750 5531 nostris
1783 5484 1838 5529 et
1865 5476 2007 5544 apud

440 5539 743 5593 ltahanum.

510 5609 622 5676 (59)
663 5610 838 5680 tilias,
871 5628 890 5662 ι
923 5623 1156 5680 aguntur
1192 5612 1311 5679 lege
1344 5612 1574 5680 peccati.
1615 5632 1634 5665 ι

515 5681 629 5745 (60)
656 5678 1056 5752 Cenebrartlus,
1089 5702 1105 5733 ι
1138 5685 1226 5750 qui
1253 5678 1368 5747 iam
1395 5699 1499 5736 non
1532 5699 1594 5737 ex
1627 5695 1781 5752 parte
1809 5684 1860 5736 in
1889 5682 2011 5751 Spi-

442 5748 571 5823 ritu,
606 5751 699 5823 sed
727 5765 794 5823 ex
828 5750 1119 5823 integroin
1143 5748 1382 5823 Christo
1412 5763 1558 5815 sunt,
1593 5748 2006 5823 pronuntiat'in

443 5819 527 5872 bis
555 5822 687 5875 nihil
723 5821 1093 5876 damnationis
1122 5822 1366 5890 dignum,
1401 5841 1420 5873 ι
1457 5834 1564 5878 etc.

2115 4791 2274 4833 antea
2309 4780 2488 4833 editis.
2987 4816 2990 4820 -

2183 4849 2295 4920 (62)
2328 4849 2496 4920 Alias,
2537 4865 2558 4898 ι
2596 4846 2798 4902 subito.
2846 4868 2864 4900 ι
2918 4849 3025 4904 Sed
3057 4847 3303 4919 plerique
3332 4865 3461 4904 mss.
3490 4859 3541 4901 et
3576 4847 3692 4901 Ra-

2112 4920 2285 4973 banns
2316 4928 2370 4970 nt
2407 4919 2456 4970 in
2491 4927 2672 4970 tmslro
2704 4928 2871 4972 textu.

2182 4989 2292 5058 (63)
2336 4989 2500 5053 Editi,
2541 5005 2559 5039 ι
2593 4986 2894 5057 Requireus
2921 4998 3101 5044 autem
3130 5007 3145 5054 ;
3179 5009 3199 5042 ι
3231 4991 3329 5053 a|.,
3359 5008 3378 5040 ‹
3419 4989 3692 5056 Requiret

2112 5069 2314 5112 autem.
2351 5075 2372 5110 |

2179 5127 2292 5196 (64)
2325 5126 2426 5183 Ms.
2457 5143 2618 5200 unus,
2655 5147 2674 5180 t
2706 5139 2761 5183 et
2791 5139 3096 5200 correptus.
3145 5149 3163 5181 ι
3205 5131 3426 5195 Deinde,
3466 5148 3484 5180 ι
3531 5130 3692 5181 inve-

2107 5200 2376 5261 veniatur,
2409 5217 2426 5247 ι
2471 5198 2630 5250 male.

2184 5266 2298 5338 (65)
2329 5269 2494 5331 Alias,
2538 5287 2556 5318 ι
2587 5269 2938 5324 inveniantur
2971 5270 3228 5337 obsequia
3266 5269 3510 5324 veritatis
3540 5283 3685 5322 con-

2114 5339 2369 5391 taminari
2401 5339 2702 5390 mentlacio.
2742 5358 2761 5389 ι
3231 5379 3234 5382 .

2185 5406 2296 5477 (66)
2325 5407 2486 5477 Εάίιὶ,
2525 5425 2542 5456 t
2572 5408 2948 5474 impudicitiae.
2982 5429 3001 5460 ι

2183 5476 2296 5548 (6'7)
2329 5476 2495 5548 sunt,
2531 5494 2550 5526 ι
2586 5488 2975 5546 comparantur
3003 5488 3059 5534 et
3087 5488 3483 5548 comparentur.
3512 5495 3532 5529 ι

2190 5545 2304 5616 (68)
2339 5545 2431 5616 Sic
2457 5562 2558 5599 tns.
2587 5545 2730 5601 unus
2764 5549 2961 5616 Regius
2989 5565 3140 5603 nutu.
3175 5545 3330 5603 lii-il.
3371 5548 3504 5603 Editi
3543 5563 3693 5601 vero

2118 5625 2172 5668 et
2207 5632 2309 5670 ms.
2342 5615 2584 5683 quidam,
2639 5633 2657 5664 ι
2706 5617 2819 5672 Lex
2850 5615 2932 5672 est
2960 5633 3092 5674 sane
3119 5621 3344 5687 spiritus
3371 5619 3506 5672 vitae.
3539 5617 3686 5670 Nam

2118 5687 2186 5756 tle
2215 5689 2329 5754 lege
2359 5689 2554 5738 litterae
2578 5689 2721 5752 quod
2756 5689 2990 5742 diximus
3020 5691 3193 5756 ipsam
3225 5689 3416 5743 debere
3450 5689 3685 5755 intelligi

2120 5753 2312 5828 legent
2333 5757 2446 5828 Dei,
2479 5759 2775 5810 secundum
2807 5773 2923 5810 eam
2949 5753 3198 5813 videlicet
3228 5770 3428 5828 partem
3459 5774 3562 5825 qua
3590 5753 3684 5809 lex

2120 5841 2238 5880 esse
2267 5827 2463 5880 dicitur
2516 5829 2797 5896 Spit‘llails.
2839 5828 2960 5883 ideo
3007 5827 3259 5884 addidit:
3311 5829 3414 5881 Les
3463 5831 3688 5894 spiritus
