3768 6544
96 397 204 450 MSS

1003 398 1355 455 COMMENT.
1390 397 1459 454 IN
1493 397 1713 455 EPIST.
1752 399 1843 452 AD
1876 397 2044 458 ROM.
2080 399 2207 454 LIB.
2245 399 2334 455 Vl.

3151 407 3174 462 i
3184 407 3289 463 094

93 540 107 569 ‹
129 514 319 571 Sciendi
350 514 552 568 bonum
582 524 634 568 et
667 513 866 568 malum
894 517 940 571 '.
969 534 990 568 ι
1035 499 1341 586 Utrumque
1372 518 1518 573 enim
1572 519 1625 572 in
1659 520 1705 577 Α
1731 516 2036 572 berationis
2074 519 2299 587 eligere.
2334 517 2470 571 Puto
2500 525 2680 572 tamen
2734 521 2874 584 quod
2925 520 3098 592 legem
3130 524 3298 596 Moysi

90 623 175 661 uno
203 605 336 660 sicut
385 615 442 658 et
493 607 548 659 in
593 607 710 674 lege
743 607 1055 661 continetur
1087 608 1224 679 (69).
1257 607 1364 663 Sed
1395 617 1450 664 et
1493 609 1622 663 illud

91 716 172 753 non
201 698 530 762 omittamus,
569 701 707 767 quod
747 699 834 754 hic
860 701 1074 768 quidem
1106 703 1196 770 qui
1226 701 1470 755 liberata
1503 701 1621 771 lege

89 790 258 857 peccati
311 799 365 844 et
425 792 635 851 mortis,
688 809 705 841 ι
749 792 972 859 spiritus
1019 792 1145 846 vita-
1191 812 1210 845 ι
1262 794 1462 847 dicitur
1505 810 1521 858 ;
1563 796 1614 848 in

89 879 344 948 Evangelio
371 891 554 934 autem
587 883 884 936 secundum
921 883 1182 938 Joannem
1233 885 1496 952 scriptum
1531 895 1616 941 est

91 972 283 1026 Domino
320 971 539 1027 dicente
583 996 594 1028 ;
648 991 666 1025 ι
714 971 769 1026 Si
805 973 1117 1029 manserilis
1170 977 1224 1028 in
1277 977 1442 1030 verbo
1473 991 1616 1042 meo,

88 1071 357 1137 agnoscetis
388 1071 696 1137 veritatem,
733 1080 789 1124 et
832 1072 1033 1124 veritas
1070 1073 1324 1129 liberabit
1371 1089 1464 1126 vos
1515 1074 1553 1126 ³.
1591 1093 1611 1126 ι

88 1162 130 1213 ln
152 1176 245 1226 quo
277 1161 412 1214 mihi
450 1163 667 1231 quidem
712 1162 948 1226 videtur,
989 1165 1134 1232 quod
1175 1164 1422 1232 quamvis
1452 1179 1618 1234 opere

87 1254 175 1306 lucc
205 1267 230 1305 a
260 1267 318 1306 se
340 1253 558 1306 diversa
593 1253 875 1307 videantur
917 1254 1001 1308 vel
1047 1256 1287 1319 nomine,
1333 1265 1510 1310 tamen
1558 1271 1620 1312 re

87 1347 175 1411 ipsa
202 1359 361 1396 unum
399 1344 532 1398 sint.
564 1343 812 1398 Christus
839 1345 981 1397 enim
1012 1346 1120 1399 vita
1157 1357 1261 1408 est,
1291 1357 1340 1401 et
1375 1348 1490 1416 ipse
1533 1358 1620 1404 est

83 1435 152 1502 qui
182 1433 436 1488 liberabit
466 1450 481 1498 ;
510 1441 562 1486 et
593 1434 681 1488 hic
705 1435 933 1502 spiritus
964 1436 1089 1489 vita:
1122 1435 1341 1489 liberat.
1385 1438 1446 1490 Et
1479 1453 1618 1508 quo-

86 1525 215 1577 modo
243 1540 348 1576 non
385 1525 438 1577 in
480 1535 714 1594 utroque
743 1541 846 1578 una
878 1526 1102 1582 libertas
1135 1539 1217 1582 est
1255 1529 1280 1582 τ
1310 1529 1439 1595 Quae
1468 1532 1614 1585 enim

81 1617 166 1684 agit
193 1615 449 1685 Spiritus,
482 1617 593 1670 haac
623 1625 676 1670 et
699 1618 950 1672 Christus
980 1621 1114 1688 agit,
1160 1629 1216 1673 et
1269 1637 1388 1690 quae
1413 1622 1616 1677 Christi

85 1720 201 1774 sunt.
233 1712 476 1780 Spiritus
507 1711 618 1780 agit
652 1709 786 1781 (70).
827 1709 980 1765 Sicut
1007 1712 1151 1764 enim
1185 1727 1324 1779 «(uos
1370 1714 1618 1767 sanctiﬁ-

82 1811 150 1855 cat
175 1802 400 1868 Spiritus
447 1810 708 1866 sanctus,
753 1803 1057 1857 sanctiﬁcat
1103 1802 1350 1858 Christus
1389 1823 1402 1858 :
1439 1805 1512 1858 ita
1560 1815 1616 1860 et

1725 605 1890 658 etiam
1931 608 2042 672 hic,
2070 609 2212 661 sient
2242 619 2300 663 et
2331 609 2382 662 in
2421 608 2541 662 aliis
2586 624 2730 679 saepe
2777 612 3034 679 diximus,
3072 616 3126 668 in
3167 619 3302 673 duas

1729 707 1912 765 partes
1939 699 2233 766 Apostolus
2284 701 2514 766 dividat,
2572 712 2627 755 et
2673 702 2816 757 aliud
2859 705 2911 756 in
2957 721 3019 758 ea
3053 721 3298 771 carnem,

1729 787 1872 842 aliud
1909 790 2160 858 spiritum
2192 791 2436 844 nominet
2466 809 2478 844 :
2509 803 2562 846 et
2586 792 2734 845 illam
2763 794 2980 860 quidem
3005 797 3300 849 observan-

1728 878 1856 932 tiam
1888 895 2009 948 quze
2035 882 2332 935 secundum
2357 882 2594 936 litteram
2620 884 2846 950 geritUr,
2877 900 3094 938 sensum
3119 887 3300 940 carnis

1725 971 1994 1039 appellet,
2034 973 2191 1027 sicuti
2226 975 2356 1028 dicit
2385 975 2451 1027 de
2479 975 2782 1041 hujusmodi
2815 973 3001 1028 Judtuu
3033 977 3074 1042 ⁸,
3118 995 3136 1026 ι
3174 977 3304 1030 Fru-

1727 1071 1840 1115 stra
1867 1063 2085 1118 inﬂatus
2113 1080 2139 1116 a
2176 1078 2339 1118 sensu
2375 1066 2560 1118 carnis
2604 1082 2715 1120 suae
2763 1068 2872 1137 (74)
2905 1090 2952 1125 τι
2979 1070 3123 1124 illam
3172 1087 3300 1124 vero

1725 1171 1846 1223 quae
1877 1157 2142 1226 accipitur
2181 1160 2532 1228 Spiritaliter,
2573 1162 2823 1230 spiritum
2871 1164 3113 1217 nominet
3159 1165 3295 1236 (75),

1723 1245 1867 1300 sicut
1893 1255 1948 1300 et
1979 1248 2106 1303 alibi
2143 1250 2275 1302 dicit
2305 1251 2326 1281 ⁸
2353 1268 2366 1304 :
2402 1269 2421 1300 ι
2455 1249 2660 1304 Littera
2685 1253 2906 1318 occidit,
2941 1255 3168 1322 spiritus
3194 1272 3296 1309 au-

1722 1347 1828 1392 tem
1862 1340 2125 1395 viviﬁcat.
2159 1359 2178 1392 ι
2234 1341 2300 1395 Ει
2352 1343 2404 1396 in
2458 1345 2564 1398 hoc
2615 1359 2747 1413 ergo
2799 1346 2917 1400 loco
2961 1350 3108 1415 quod
3158 1351 3296 1404 dicit

1729 1451 1748 1484 ‹
1773 1433 2105 1502 impossibile
2124 1435 2282 1500 legi,»
2309 1444 2362 1486 et
2390 1453 2408 1485 ι
2445 1436 2497 1488 in
2515 1452 2622 1504 quo
2649 1437 3026 1493 inﬁrmabatur
3053 1457 3151 1509 per
3169 1457 3292 1495 car-

1722 1539 1870 1590 nem,
1905 1545 1925 1578 ι
1961 1525 2266 1580 intellectus
2291 1526 2384 1594 qui
2407 1529 2703 1581 secundum
2737 1531 2974 1584 litteram
3005 1541 3089 1585 est
3118 1531 3292 1601 accipi

1721 1625 1918 1684 potest.
1949 1617 2068 1686 lpse
2098 1617 2242 1670 enim
2275 1627 2330 1671 et
2375 1617 2727 1687 impossibilis
2753 1630 2894 1685 erat,
2929 1632 2982 1676 et
3021 1622 3290 1687 inﬁrmus,

1719 1709 1766 1762 si
1821 1710 2122 1764 secundum
2186 1724 2438 1777 carnem,
2479 1712 2529 1765 id
2579 1721 2664 1766 est
2704 1714 2998 1768 secundum
3051 1713 3291 1770 litteram

1721 1800 2041 1854 sentiretur.
2065 1798 2205 1866 Quid
2230 1800 2372 1854 enim
2399 1810 2507 1854 tam
2528 1801 2864 1870 impossibile
2884 1816 3045 1870 quam
3069 1800 3290 1856 Sabbatl

80 1908 186 1962 quos
212 1866 408 1947 liberat
440 1893 664 1961 spiritus
695 1893 838 1956 vitae,
878 1893 1076 1948 liberat
1108 1905 1162 1948 et
1193 1895 1326 1950 vita.
1375 1895 1610 1950 Tantum
1646 1866 1693 1926 Β
1721 1888 2038 1947 observatio
2080 1896 2378 1949 secundum
2431 1892 2668 1946 litteram
2720 1893 2878 1962 legis,
2923 1903 2984 1946 ut
3020 1895 3071 1947 in
3107 1894 3292 1949 multis

80 1994 142 2038 est
167 1993 217 2036 ut
243 1983 464 2038 liberati
493 1999 522 2038 a
555 1984 670 2052 lege
700 1984 925 2053 Spiritus
969 1985 1114 2047 vitae,
1150 1987 1202 2038 in
1234 1987 1454 2041 Christo
1501 2003 1616 2040 ma-

80 2087 288 2136 neamus,
324 2087 429 2128 nec
453 2074 594 2127 ultra
624 2075 967 2128 inveniamur
992 2076 1200 2129 servire
1231 2078 1330 2146 legi
1364 2081 1571 2146 peccati
1597 2097 1610 2132 :

82 2166 176 2230 quia
201 2167 337 2218 sicut
364 2165 418 2219 is
446 2165 538 2232 qui
573 2164 834 2219 liberatur
863 2181 892 2219 a
919 2165 1034 2237 lege
1060 2167 1285 2236 spiritus
1327 2169 1468 2232 vitae,
1499 2184 1616 2238 per-

81 2265 227 2309 manet
259 2256 310 2308 in
341 2255 572 2310 Christo
601 2256 693 2324 qui
728 2265 812 2310 est
842 2257 953 2310 vita
992 2274 1005 2322 ;
1052 2259 1123 2312 ita
1169 2260 1260 2329 qui
1309 2262 1479 2314 servit
1510 2263 1613 2331 legi

78 2347 249 2414 peccati
277 2358 572 2415 permanet
606 2347 662 2402 in
698 2359 872 2403 morte
927 2364 1048 2420 quae
1084 2353 1235 2406 venit
1265 2367 1331 2406 ex
1358 2355 1616 2408 condem-

79 2441 258 2495 natione
293 2441 534 2507 peccati.

129 2532 202 2585 l2.
237 2549 256 2583 ι
281 2531 421 2587 Nam
452 2534 598 2602 quod
629 2532 963 2604 impossibile
990 2544 1112 2588 erat
1141 2535 1268 2606 legi,
1309 2537 1362 2590 in
1393 2552 1501 2606 quo
1530 2537 1614 2590 in-

75 2619 358 2677 ﬁrmabatur
390 2639 495 2693 per
527 2640 770 2688 carnem,
796 2625 939 2680 Deus
970 2625 1163 2680 Filium
1197 2641 1355 2682 suum
1393 2629 1613 2683 mittens

77 2713 117 2765 in
144 2716 548 2772 similitudinem
575 2719 758 2772 carnis
785 2720 1015 2785 peccati,
1065 2729 1120 2773 et
1148 2721 1214 2774 de
1244 2730 1466 2789 peccato
1509 2721 1612 2776 da-

77 2807 248 2860 mnavit
281 2820 575 2878 peccaturo
609 2812 661 2865 in
690 2827 874 2878 carne,
907 2821 967 2866 ut
1003 2810 1319 2879 jhstiﬁcatio
1356 2813 1487 2884 legis
1513 2815 1616 2868 im-

74 2897 277 2964 pleretur
306 2901 360 2954 in
397 2902 579 2964 nobis,
607 2905 698 2972 qui
732 2920 836 2957 non
863 2906 1158 2958 sectmdum
1187 2920 1406 2960 carnem
1429 2909 1616 2962 ambu-

74 2987 230 3054 lamus,
257 2994 350 3046 sed
395 2995 697 3048 secundum
726 2996 992 3064 spiritum.
1015 2995 1118 3062 Qui
1147 2998 1288 3051 enim
1316 2999 1613 3053 secundum

71 3096 251 3137 carnem
296 3095 458 3151 sunt,
517 3103 638 3154 quae
683 3089 862 3143 carnis
897 3098 1022 3144 sunt
1049 3089 1264 3157 sapiunt
1303 3108 1316 3144 :
1361 3090 1451 3157 qni
1484 3105 1613 3145 vero

70 3177 328 3230 secundum
382 3179 662 3246 spiritum,
698 3195 816 3248 quae
851 3192 976 3236 sunt
1016 3184 1261 3249 spiritus.
1313 3181 1605 3238 Prudentia
1635 3210 1680 3272 ο

71 3265 181 3318 enim
212 3269 423 3328 carnis.
455 3286 603 3324 mors
631 3281 712 3324 est
751 3289 765 3325 :
807 3274 1092 3340 prudentia
1145 3282 1321 3328 autem
1359 3275 1605 3342 spiritus,

70 3358 156 3411 vita
181 3371 226 3413 et
256 3377 362 3428 pax
408 3380 421 3415 :
447 3365 704 3432 quoniam
742 3365 1029 3433 prudentia
1072 3366 1254 3418 carnis
1285 3365 1500 3419 inimica
1529 3378 1612 3420 est

69 3449 151 3504 Deo
176 3471 188 3505 :
216 3453 314 3523 legi
348 3455 504 3508 enim
542 3456 630 3508 Dei
663 3471 765 3508 uon
793 3466 877 3510 est
897 3457 1142 3519 subjecta
1173 3477 1185 3511 :
1219 3473 1318 3512 nec
1347 3459 1492 3512 enim
1517 3473 1611 3528 po-

68 3549 166 3597 test.
184 3543 282 3610 Qui
310 3555 500 3600 autem
535 3547 586 3599 in
620 3562 786 3600 carne
810 3558 932 3600 sunt
960 3549 1094 3618 (7|),
1124 3549 1231 3601 Dco
1259 3549 1475 3617 placere
1499 3565 1606 3603 non

67 3645 276 3698 possunt.
309 3637 422 3692 Vos
456 3649 637 3690 autem
676 3640 728 3692 in
757 3654 924 3692 carne
958 3657 1063 3692 non
1105 3641 1260 3702 estis,
1288 3643 1380 3694 sed
1407 3642 1459 3692 in
1489 3641 1605 3708 spi-

67 3723 188 3778 ritu:
218 3727 262 3780 si
295 3737 482 3782 tamen
519 3729 756 3797 Spiritus
791 3731 881 3783 Dei
917 3733 1125 3784 habitat
1174 3733 1226 3785 in
1281 3733 1436 3785 vobis
1477 3730 1518 3784 ⁵.
1576 3748 1598 3784 ι

61 3815 169 3870 Cum
199 3817 249 3872 in
280 3821 671 3890 superioribus
725 3830 803 3876 tot
841 3823 987 3892 leges
1042 3823 1406 3878 nominaverit
1438 3823 1609 3890 (dixit

65 3908 257 3963 enimet
291 3913 473 3982 legem
507 3913 625 3977 Dei,
654 3923 709 3968 et
733 3915 907 3984 legem
941 3917 1157 3982 mentis,
1186 3926 1242 3970 et
1284 3917 1456 3984 legem
1492 3917 1608 3984 spi-

66 3996 172 4051 ritus
196 4001 363 4071 vita),
407 4005 725 4058 econtrario
760 4020 975 4074 quoque
1007 4021 1128 4059 cum
1171 4005 1342 4076 legem
1379 4021 1499 4074 quae
1549 4007 1602 4060 in

66 4093 292 4148 membris
349 4105 465 4157 est,
511 4105 567 4148 et
609 4097 775 4166 legem
827 4098 1040 4160 mortis,
1085 4109 1139 4152 et
1185 4099 1358 4168 legem
1393 4099 1602 4168 peccati

62 4188 545 4241 commemoraverit
571 4189 706 4256 (72),
737 4191 824 4242 hic
854 4206 994 4244 nunc
1022 4192 1088 4246 de
1129 4207 1234 4261 qna
1263 4193 1454 4245 harum
1482 4191 1602 4261 lege

64 4269 194 4334 dicat,
227 4290 248 4324 ι
275 4274 416 4329 Nam
446 4278 591 4344 quod
625 4277 961 4345 impossibile
989 4288 1109 4332 erat
1147 4279 1270 4347 legi,
1305 4279 1358 4332 in
1391 4295 1501 4347 quo
1528 4279 1604 4328 in-

61 4359 347 4423 ﬁrmabatur
379 4370 498 4437 (7‘6)
533 4385 629 4436 per
654 4385 897 4433 carnem,
929 4390 947 4421 ι
982 4387 1086 4425 non
1123 4380 1208 4425 est
1250 4386 1430 4440 parvae
1463 4371 1601 4437 deli-

111 4509 129 4538 ¹
147 4506 271 4562 Gen.
296 4525 353 4572 ιι,
379 4509 434 4563 9.

516 4503 843 4569 'Joan.vm,
875 4505 964 4568 5|,
991 4506 1079 4559 5‘2.
1156 4507 1176 4537 ⁸
1207 4507 1359 4560 Rom.
1392 4522 1510 4574 vm,
1536 4506 1702 4576 Sseq.

1717 1995 1860 2049 saepe
1881 1981 1994 2051 jam
2027 1985 2308 2040 diximus?
2339 1983 2568 2038 Jubetur
2598 1984 2742 2038 enim
2776 1999 2882 2038 non
2909 1988 3059 2040 exire
3086 1985 3198 2055 (76)
3224 1988 3292 2040 de

1717 2068 1878 2122 domo
1915 2085 2034 2132 sua,
2068 2088 2172 2127 non
2204 2089 2261 2127 se
2295 2087 2515 2126 movere
2542 2073 2610 2128 de
2635 2074 2753 2127 loco
2783 2089 2906 2139 suo,
2936 2076 3074 2129 nihil
3105 2078 3290 2131 oneris

1717 2160 1917 2215 levare.
1976 2162 2106 2228 Quae
2156 2165 2284 2232 quia
2321 2165 2692 2235 impossibilia
2743 2167 2930 2221 vident
2973 2167 3145 2222 Judaei
3173 2169 3289 2238 (77)

1717 2255 1811 2319 qui
1863 2256 2161 2308 secundum
2223 2271 2445 2310 carnem
2508 2257 2678 2326 legem
2731 2257 3046 2321 observant,
3099 2259 3287 2330 inepta

1716 2346 1962 2414 quadam
2018 2354 2075 2399 et
2129 2346 2358 2400 ridicula
2416 2357 2881 2412 commentantur,
2934 2350 3134 2417 quibus
3188 2349 3291 2403 im-

1715 2436 2128 2505 possibilitatem
2171 2437 2301 2505 legis
2345 2440 2555 2494 sarcire
2584 2440 2893 2494 videantur.
2932 2441 3073 2507 Quid
3126 2440 3292 2512 589

1715 2537 1896 2581 autem
1929 2528 2105 2582 dicam
2146 2530 2211 2582 de
2239 2530 2640 2584 sacriﬁciorum
2683 2533 2930 2597 ratione,
2973 2548 3092 2601 quae
3127 2535 3288 2588 simul

1715 2619 1892 2673 omnis
1918 2633 1985 2674 ex
2011 2621 2221 2690 integro
2241 2621 2595 2692 impossibilis
2627 2623 2742 2693 (78)
2768 2622 2912 2678 facta
2943 2625 3289 2694 est?Quippe

1714 2709 1808 2764 ubi
1838 2726 1936 2766 nec
1963 2712 2219 2782 templum
2254 2723 2356 2780 est,
2386 2729 2489 2768 nec
2532 2714 2727 2780 altare,
2767 2730 2867 2770 nec
2891 2717 3034 2770 ullus
3061 2733 3287 2785 prorsus

1715 2802 2074 2859 sacriﬁcando
2100 2805 2272 2860 locus.
2311 2805 2365 2858 lu
2385 2807 2584 2875 quibus
2613 2807 2838 2876 singulis
2868 2807 2947 2862 lex
2972 2823 3077 2862 non
3106 2807 3286 2864 dicam

1716 2896 2062 2964 impossibilis
2092 2908 2146 2952 et
2169 2898 2404 2962 inﬁrma,
2437 2901 2528 2954 sed
2549 2909 2604 2953 et
2628 2900 2788 2968 plane
2808 2899 2917 2967 jam
2945 2910 3156 2955 mortua
3178 2910 3281 2956 est.

1715 2986 1849 3041 Nam
1883 2999 2010 3043 ante
2031 2989 2174 3044 hanc
2205 3000 2435 3045 mortem
2466 2990 2848 3046 inﬁrmabatur
2866 2991 2978 3063 (79)
3015 3002 3283 3048 tuuccum

1715 3079 1981 3149 sanguine
2012 3081 2304 3136 vitulorum
2332 3091 2388 3137 et
2422 3081 2698 3138 hircorum
2726 3086 3050 3152 conabatur,
3090 3099 3188 3139 nec
3209 3094 3288 3138 ta-

1714 3187 1836 3226 men
1873 3182 2104 3240 poterat,
2131 3173 2354 3227 auferre
2378 3183 2596 3242 peccata
2631 3175 2745 3249 (80)
2777 3190 2794 3230 :
2823 3185 2880 3232 et
2911 3177 3285 3234 inﬁrmabatur

1713 3265 1768 3319 in
1799 3266 2004 3336 legibus
2027 3266 2187 3335 lepr:e
2221 3266 2264 3332 ⁷,
2292 3280 2428 3331 quas
2459 3280 2561 3321 nec
2587 3267 2878 3336 explanare
2913 3281 3150 3336 unquam
3183 3283 3281 3337 po-

1713 3359 1837 3423 tuit,
1867 3373 1966 3412 nec
1994 3359 2241 3426 implere.
2279 3359 2333 3412 In
2381 3361 2468 3415 his
2497 3375 2632 3431 ergo
2655 3360 2907 3414 omnibus
2929 3359 3156 3427 aliisque
3192 3359 3282 3412 in-

1711 3453 1952 3504 numeris
1983 3459 2037 3504 et
2077 3451 2426 3518 impossibilis
2477 3461 2597 3505 erat
2623 3452 2707 3505 le:
2740 3491 2756 3514 ,
2787 3460 2844 3506 et
2879 3451 3283 3514 iuﬁrmabatur,

1709 3551 1970 3609 quantum
2005 3541 2073 3594 ad
2115 3543 2296 3594 carnis
2328 3541 2740 3607 intelligentiam
2787 3550 3030 3608 spectat:
3078 3548 3133 3594 et
3161 3539 3285 3594 ideo

1719 3645 1739 3680 ι
1775 3630 1914 3683 Deus
1953 3629 2146 3683 Filium
2179 3645 2336 3682 suum
2377 3631 2600 3685 mittens
2633 3631 2686 3684 in
2715 3629 3124 3685 similitudinem
3160 3643 3286 3684 car-

1715 3721 1800 3774 nis
1827 3723 2055 3788 peccati,
2087 3731 2144 3776 et
2171 3721 2236 3774 de
2272 3731 2516 3789 peccato,
2552 3739 2573 3772 ι
2609 3721 2715 3788 vel,
2755 3732 2816 3776 ut
2842 3721 3026 3776 verius
3056 3721 3286 3776 habetur

1715 3816 1854 3883 apud
1876 3815 2114 3876 Graecos,
2146 3833 2164 3866 ι
2209 3825 2264 3867 et
2300 3828 2400 3881 pro
2425 3825 2652 3883 peccato
2679 3815 2960 3868 damnavit
2996 3823 3279 3884 peccatum

1713 3908 1767 3960 in
1795 3921 1978 3964 carne.
2027 3923 2045 3957 ι
2083 3906 2238 3972 Quod
2267 3907 2438 3971 dixit,
2479 3924 2499 3958 ε
2545 3906 2600 3960 in
2643 3906 3054 3960 similitudinem
3098 3905 3284 3961 carnis

1711 3999 1944 4068 peccati,
1984 4016 2003 4050 ι
2035 3997 2277 4052 ostendit
2306 4013 2404 4052 nos
2429 3997 2648 4066 quidem
2682 3998 2885 4052 habere
2911 4011 3128 4051 carnem
3160 4010 3286 4066 pec-

1707 4093 1834 4157 cati,
1864 4089 2055 4145 Filium
2087 4105 2214 4144 vero
2251 4090 2342 4142 Dei
2369 4088 2780 4142 similitudinem
2812 4087 3072 4142 habuisse
3091 4086 3278 4140 carnis

1706 4184 1932 4254 peccati,
1975 4197 2080 4236 non
2112 4196 2335 4236 carnem
2366 4180 2598 4250 peccati.
2627 4179 2830 4235 Omnes
2868 4178 3013 4234 enim
3051 4194 3150 4242 nos
3181 4179 3281 4232 ho-

1708 4275 1880 4328 mines
1908 4273 1998 4341 qui
2030 4288 2093 4327 ex
2121 4272 2328 4326 semine
2358 4271 2458 4323 viri
2488 4285 2610 4324 cum
2638 4269 2863 4323 muliere
2897 4269 3279 4322 convenientis

1705 4364 1948 4432 concepti
1967 4376 2176 4427 sumus,
2201 4361 2289 4414 illa
2321 4361 2630 4415 necessario
2655 4360 2858 4413 utimur
2873 4372 3007 4412 voce
3033 4373 3138 4426 qua
3161 4356 3276 4428 (8|)

1777 4499 2022 4555 'Coloss.
2061 4513 2119 4559 ιι,
2153 4497 2239 4552 18.
2305 4493 2386 4548 ‘ll
2407 4495 2534 4550 Cor.
2565 4508 2648 4559 ιιι,
2671 4492 2725 4547 6.
2793 4493 2815 4525 '
2840 4491 3013 4546 Levit.
3043 4506 3164 4548 xm.
3188 4487 3275 4542 14.

65 4640 178 4693 rite.
211 4641 404 4694 Dicere
445 4637 552 4692 hoc
587 4653 697 4691 non
738 4644 965 4704 poterat,
999 4635 1068 4689 de
1093 4649 1200 4704 qua
1241 4635 1294 4687 in
1333 4633 1453 4687 aliis
1490 4642 1676 4704 pro-D
1705 4629 2212 4704 cognom_inaverit_;
2253 4646 2282 4704 ιΔ
2306 4628 2399 4690 aL,
2429 4646 2448 4680 ι
2474 4625 3060 4704 commemoraverit.)

66 4716 424 4773 nuntiaverat,
469 4709 599 4777 quia
657 4703 835 4777 littera
887 4705 1121 4777 occidit_._
1148 4703 1260 4758 lloc
1296 4711 1350 4758 et
1398 4705 1450 4777 in
1493 4703 1614 4777 aliis

66 4771 638 4833 ministeriuminiortis
695 4776 924 4830 dixerat.
987 4794 1004 4825 ι
1061 4773 1212 4828 Alter
1261 4789 1363 4827 ms.
1417 4771 1615 4840 Regius

67 4865 188 4901 nuru.
226 4851 395 4905 1659:
428 4870 444 4894 ι
485 4848 678 4917 Legem
730 4862 859 4900 sane
905 4846 1137 4917 Spiritus
1170 4845 1290 4898 vitae
1310 4845 1408 4917 hic
1438 4845 1616 4917 nomi-

65 4928 153 4973 nat.
191 4919 263 4974 De
303 4921 426 4986 lege
470 4914 660 4972 littérm
699 4931 792 4983 per
829 4931 990 4983 quam
1031 4915 1269 4986 diximus
1309 4914 1603 4986 ipsamude'

65 4988 164 5042 here
202 4982 435 5060 intelligi
479 4989 650 5057 legem
692 4982 1322 5060 Dei._sr.icundu_m_catn
1346 4982 1607 5060 videlicet

322 5053 411 5113 ιιιῦ
454 5053 558 5112 Ιωξ
589 5073 711 5110 esse
749 5057 945 5108 dicitur
984 5055 1262 5121 spiritalis.
1304 5053 1428 5107 Ideo
1465 5053 1612 5106 enim

79 5077 112 5108 l3
121 5077 186 5108 HE

63 5070 239 5124 partem
322 5077 410 5113 uae
454 5070 538 5112 lex
589 5073 711 5110 esse
749 5070 945 5108 dicitur
984 5070 1262 5121 spiritalis.
1305 5070 1428 5107 Iueo
1465 5070 1610 5106 crnm

63 5130 232 5183 addit:
281 5077 410 5183 (Lex
466 5128 689 5196 spiritus
751 5127 890 5178 vilic.
948 5123 1134 5196 Dicere
1189 5127 1291 5177 hoc
1346 5138 1469 5196 (non,
1509 5137 1610 5190 po-

61 5130 184 5183 addit
220 5148 232 5183 :

63 5206 174 5252 terat
209 5201 276 5254 de
333 5217 445 5269 qua
494 5191 553 5251 in
595 5195 1228 5269 aliisgpronuntiaverat,
1269 5193 1398 5269 quia
1432 5191 1612 5269 littera

61 5271 253 5333 occidit;
297 5263 468 5339 quam
509 5277 565 5322 et
603 5267 656 5320 in
697 5263 816 5320 aliis
853 5266 1200 5318 ministerium
1240 5263 1423 5315 mortis
1461 5263 1614 5316 dixe-

62 5351 141 5388 ιλιι.
182 5361 198 5390 ι

109 5406 206 5477 (69)
241 5409 412 5472 Editi,
453 5425 473 5460 ι
507 5405 812 5476 Utrumque
845 5419 974 5474 ergo
1013 5404 1064 5456 in
1092 5419 1202 5458 uno
1233 5404 1373 5458 sicut
1396 5401 1445 5454 in
1478 5400 1594 5471 lege

52 5478 352 5535 continetur.
387 5499 406 5530 ι

108 5550 208 5616 (70)
234 5551 404 5611 Editi,
437 5567 456 5600 ι
481 5557 537 5602 et
572 5561 733 5616 quem
761 5544 863 5601 sihi
889 5543 1088 5600 Christi
1119 5544 1358 5614 Spiritus
1391 5539 1523 5614 agit.
1565 5559 1589 5596 ι

105 5616 204 5686 (7i)
233 5621 410 5684 Alias,
451 5637 469 5670 ι
504 5617 608 5683 Qui
642 5617 784 5672 enim
822 5616 873 5668 in
911 5629 1077 5669 carne
1103 5625 1247 5670 sunt.
1281 5634 1299 5665 I

105 5681 205 5760 (72)
238 5681 417 5763 Alias,
461 5707 479 5740 ι
501 5681 655 5763 dixit
685 5688 831 5740 enim
862 5697 915 5738 et
939 5686 1115 5763 legem
1168 5685 1386 5763 mentis,
1423 5691 1478 5736 et
1510 5681 1588 5763 le-

50 5771 146 5821 gem
188 5756 421 5828 spiritus
465 5759 641 5834 vitae;
679 5757 993 5834 econtrario.
1032 5770 1248 5834 quoque
1307 5756 1477 5820 legem
1534 5756 1585 5834 in

51 5825 282 5887 membris
321 5847 468 5894 esse.
507 5841 563 5887 et
607 5829 780 5892 legem
827 5825 1048 5888 tuentis,
1086 5837 1138 5879 et
1167 5827 1336 5887 legem
1373 5825 1584 5893 peccati

1798 4703 1886 4770 73)
1913 4702 2085 4763 Alias,
2109 4717 2143 4770 ίι
2182 4698 2315 4770 legis
2343 4714 2462 4767 qua:
2492 4697 2889 4770 inﬁrirrabatur,
2918 4713 2935 4744 ι
2981 4703 3091 4770 etc.

1798 4705 1886 4770 73)
1913 4705 2085 4763 Alias,
2124 4717 2143 4750 ι
2183 4705 2315 4766 legis
2343 4714 2462 4767 qua:
2492 4705 2889 4760 inlirmabatur,
2918 4713 2935 4744 ι
2981 4705 3091 4749 etc.

1774 4705 1888 4844 (74)
1939 4773 2028 4844 Sic
2069 4769 2314 4844 plerique
2371 4779 2613 4844 mss._et
2662 4767 2936 4820 Rabanus.
2991 4763 3092 4819 Ms.
3139 4780 3273 4844 vero

1700 4837 1876 4906 unus,
1930 4859 1948 4892 ι
2003 4839 2218 4892 Judaeos
2274 4839 2470 4892 frustra
2524 4837 2736 4906 inﬂatos
2784 4849 2814 4887 a
2863 4847 3023 4887 sensu
3087 4837 3270 4892 carnis

1697 4927 1828 4966 suae.
1850 4904 1881 4962 ⁷»
1912 4910 2079 4971 Editi,
2127 4927 2145 4960 ι
2175 4907 2374 4963 Judzeis
2413 4908 2618 4964 frustra
2649 4904 2864 4960 inﬂatos
2891 4916 3054 4957 sensu
3083 4908 3272 4962 carnis

1697 4997 1834 5036 sme.
1860 5000 1878 5030 ι

1792 5053 1880 5118 75)
1908 5051 2072 5115 Editi,
2108 5069 2128 5102 ι
2160 5051 2420 5103 nominat.
2455 5065 2473 5098 ι

1792 5055 1880 5118 75)
1908 5055 2072 5115 Editi,
2108 5069 2128 5102 ι
2160 5055 2420 5103 nominat.
2455 5065 2473 5098 ι

1769 5055 1881 5193 (76)
1915 5121 2021 5193 Ms.
2059 5135 2216 5181 unus,
2240 5119 2446 5193 Adnbet
2474 5117 2618 5171 enim
2653 5115 2738 5193 lex
2765 5131 2873 5193 non
2912 5117 3132 5193 exire,_a
3155 5125 3265 5171 etc.

1698 5185 1803 5245 Sed
1843 5185 2026 5246 ceteri
2053 5206 2206 5254 nrss.,
2237 5190 2489 5243 [tabanus
2519 5197 2572 5240 et
2601 5185 2732 5240 editi
2763 5188 2964 5242 habent
2997 5197 3057 5240 ut
3087 5189 3141 5241 in
3170 5202 3269 5242 no-

1699 5271 1813 5315 stro
1840 5272 2008 5316 textu.

1772 5331 1888 5402 (77)
1921 5332 2094 5402 Alias,
2136 5329 2455 5402 (videntur,
2485 5323 2674 5402 Judaei.
2715 5344 2734 5377 ι

1770 5396 1880 5470 (78)
1916 5401 2074 5463 Editi,
2098 5417 2116 5449 ι
2154 5399 2289 5470 Quid
2318 5407 2499 5451 autem
2520 5396 2586 5470 de
2609 5397 3266 5470 sacriﬁciorumfatioue,

1704 5465 1817 5540 [uae
1849 5465 2007 5525 simul
2033 5472 2210 5540 omnis
2233 5469 2371 5523 facta
2401 5473 2483 5519 est
2520 5467 2914 5540 impossibilis?
2943 5485 2962 5518 ι
2989 5465 3088 5522 Ms.
3109 5483 3270 5530 unus,

1699 5537 1732 5591 ι’
1757 5540 1894 5607 Quid
1925 5548 2101 5592 antem
2135 5539 2335 5607 dicent,
2375 5555 2394 5589 ι
2436 5545 2626 5602 etc.,ut
2656 5537 2708 5588 in
2743 5548 2930 5592 nostro
2964 5546 3135 5592 textu.

1765 5606 1881 5680 (79)
1911 5608 2074 5680 Editi,
2110 5625 2129 5658 ι
2165 5606 2298 5680 Nam
2326 5615 2451 5680 ante
2474 5615 2699 5680 mortem
2728 5607 3132 5680 inﬁrmabatur.
3173 5627 3192 5658 ι

1764 5677 1877 5752 (80)
1920 5679 2168 5752 Peccala.
2201 5678 2361 5732 Deest
2389 5678 2453 5752 in
2475 5677 2626 5752 libris
2657 5685 2814 5733 antea
2845 5679 3029 5733 editis.

1761 5747 1874 5822 (8|)
1912 5750 2075 5814 Editi,
2113 5767 2131 5799 ι
2185 5748 2491 5804 necessaria
2526 5748 2730 5803 utimur
2767 5763 2901 5807 voce
2929 5762 3068 5818 qua;
3111 5767 3130 5800 ι
3170 5747 3220 5799 al
3251 5782 3264 5809 ,

1696 5843 1714 5875 ι
1758 5839 1942 5886 quanu
1984 5840 2003 5872 ι
