3768 6536
491 378 632 435 14195

1940 371 2263 430 ORlGENIS

3620 373 3730 433 10911

490 502 625 558 dicit
650 503 839 571 David,
869 505 1125 576 quoniam
1155 521 1174 554 1
1210 502 1263 555 in
1290 497 1676 568 iniquitatibus
1699 496 1949 566 concepit
1976 509 2061 549 me
2090 501 2136 557 Α
2170 512 2189 544 1
2230 493 2437 546 Littera
2459 490 2663 547 occidit
2693 491 2772 544 “?
2799 509 2818 542 1
2847 489 3016 560 Igitur
3039 508 3059 542 1
3088 488 3380 559 prudentia
3406 489 3596 545 carnis
3618 507 3730 550 mort

489 605 662 650 mater
693 612 808 650 mea
841 599 884 652 ⁸.
919 617 937 650 1
973 596 1172 651 Verum
1197 596 1286 663 qui
1315 608 1382 647 ex
1410 593 1554 646 nulla
1578 592 1680 644 viri
1709 590 2062 658 contagione,

489 688 585 741 sed
607 687 726 741 solo
738 687 942 757 Spiritu
961 700 1151 743 sancto
1173 702 1336 754 super
1361 685 1632 756 Virginem
1664 684 1912 736 veniente
1929 680 2061 750 (8‘2),

489 788 546 832 et
574 777 773 832 virtute
796 779 1058 833 Altissimi
1087 779 1451 834 obumbrante
1477 776 1629 829 venit
1651 775 1716 826 ad
1745 773 2064 843 corpusim-

487 869 854 936 maculatum,
889 879 1136 923 naturam
1160 869 1378 937 quidem
1401 865 1831 936 corporisnostri
1853 863 2062 927 habuit,

487 959 841 1030 pollutionem
879 971 1058 1015 tamen
1098 960 1307 1030 peccati
1350 973 1470 1027 quae
1505 972 1569 1011 ex
1601 956 2065 1024 concupiscentia

489 1062 641 1106 motu
677 1055 954 1123 conceptis
980 1053 1232 1114 traditur,
1262 1049 1484 1104 omnino
1515 1063 1617 1101 non
1653 1048 1864 1102 habuit.
1894 1046 2062 1100 Idcir.

486 1159 552 1196 co
579 1159 710 1214 ergo
735 1163 754 1194 1
788 1145 840 1197 in
869 1144 1278 1198 similitudinem
1316 1143 1497 1196 carnis
1535 1140 1745 1208 peccati
1786 1157 1806 1191 1
1847 1141 2065 1192 venisse

485 1236 685 1289 dicitur
742 1235 913 1290 Filius
959 1236 1074 1290 Dei.
1131 1252 1150 1285 1
1194 1233 1260 1288 Et
1323 1250 1422 1304 pro
1470 1243 1723 1302 peccato,
1788 1249 1807 1283 1
1843 1231 2059 1300 inquit,

491 1343 512 1375 1
553 1327 831 1379 damnavit
855 1339 1139 1395 peccatum
1183 1327 1236 1378 in
1281 1342 1476 1380 carne.
1523 1343 1542 1376 1
1577 1324 1730 1391 Quod
1763 1323 1936 1377 hostia
1964 1335 2064 1390 pro

484 1426 710 1484 peccato
740 1419 918 1472 factus
939 1420 1008 1472 sit
1031 1419 1304 1479 Christus,
1328 1428 1384 1471 et
1411 1417 1631 1470 oblatus
1652 1417 1724 1469 sit
1742 1431 1838 1483 pro
1866 1429 2063 1484 purga-

487 1511 630 1564 tione
658 1521 1004 1579 peccatorum
1029 1551 1045 1575 ,
1091 1525 1283 1562 omnes
1325 1509 1623 1578 Scriptura:
1670 1515 1972 1572 testantur,
2007 1515 2063 1561 et

483 1603 749 1672 praecipue
773 1601 972 1655 Paulus
997 1602 1062 1655 ad
1093 1601 1347 1655 Hebraeos
1373 1603 1641 1666 scribens,
1675 1615 1799 1653 cum
1839 1597 2010 1653 dicit'
2042 1615 2056 1654 :

487 1710 507 1743 s
544 1692 656 1746 Hoc
693 1694 836 1747 enim
869 1691 994 1747 l‘ecit
1021 1693 1225 1755 semel,
1263 1693 1614 1761 semetipsum
1642 1691 1921 1745 oﬂerendo
1960 1690 2061 1744 ho-

481 1788 678 1850 stiam;
719 1805 738 1838 1
779 1796 834 1839 et
857 1787 1052 1839 iterum
1084 1803 1098 1839 :
1135 1803 1152 1834 1
1191 1785 1294 1851 Qui
1330 1785 1550 1853 proprio
1580 1782 1715 1837 Filio
1735 1799 1838 1836 non
1864 1798 2058 1852 peper-

479 1878 574 1940 cit,
616 1879 709 1931 sed
755 1891 854 1946 pro
889 1877 1046 1931 nobis
1069 1877 1322 1930 omnibus
1357 1876 1583 1928 tradidit
1610 1874 1758 1928 illum
1786 1875 1852 1926 ’°.
1900 1891 1918 1925 1
1957 1873 2058 1926 Per

477 1966 620 2020 hanc
654 1981 784 2034 ergo
816 1966 1049 2019 hostiam
1085 1966 1269 2018 carnis
1303 1979 1446 2025 suae.
1491 1979 1612 2032 quae
1647 1964 1849 2017 dicitur
1889 1981 1909 2013 1
1961 1974 2059 2030 pro

478 2067 704 2125 peccato
735 2057 872 2125 (83),
915 2075 934 2105 1
974 2055 1255 2109 damnavit
1279 2065 1560 2125 peccatum
1594 2055 1647 2109 111
1686 2069 1875 2116 carne,
1909 2054 2057 2107 sicut

480 2149 620 2200 idem
649 2147 947 2216 Apostolus
987 2149 1040 2201 in
1075 2147 1198 2202 aliis
1225 2147 1356 2200 dicit
1385 2147 1452 2213 “,
1481 2149 1608 2216 quia
1659 2164 1676 2198 t
1714 2146 1964 2216 apparuit
2004 2145 2056 2198 in

479 2241 796 2292 novissimis
837 2240 1033 2294 diebus
1067 2241 1134 2293 ad
1171 2239 1602 2295 destructionem
1647 2239 1855 2310 peccati
1887 2256 1902 2293 :
1949 2257 1968 2290 1
2004 2247 2059 2293 et

478 2331 672 2382 iterum
701 2332 962 2400 propheta
995 2332 1130 2385 dicit
1163 2349 1175 2384 :
1211 2348 1230 2382 1
1275 2333 1396 2401 ipse
1427 2341 1650 2402 peccata
1686 2343 1875 2386 nostra
1909 2329 2054 2397 tulit,

477 2429 533 2473 et
585 2421 902 2489 iniquitates
962 2433 1180 2477 nostras
1216 2424 1455 2491 portavit
1501 2423 1566 2476 ¹².
1626 2441 1645 2473 1
1684 2421 1790 2476 Pro
1834 2431 2056 2492 peccato

479 2527 632 2582 ergo,
657 2514 762 2567 hoc
801 2524 888 2568 est
919 2530 1016 2584 per
1050 2516 1283 2570 hostiam
1314 2516 1500 2570 carnis
1522 2530 1633 2568 suze
1664 2529 1829 2584 quam
1857 2513 2058 2568 obtulit

477 2618 575 2672 pro
603 2615 844 2672 peccatu,
884 2623 904 2656 1
951 2607 1231 2660 damnavit
1281 2617 1565 2674 peccatum
1617 2605 1671 2659 in
1717 2619 1884 2660 carne
1922 2619 2054 2670 sua,

476 2705 538 2750 ut
559 2696 877 2764 justilicatio
903 2697 1039 2768 legis
1072 2699 1388 2768 impleretur
1413 2699 1464 2752 in
1501 2698 1680 2761 nobis,
1706 2697 1802 2767 qui
1841 2710 1944 2752 non
1971 2711 2058 2752 se-

475 2790 710 2843 cundum
750 2805 971 2845 carnem
1014 2791 1354 2846 ambulamus
1376 2833 1391 2857 ,
1425 2792 1520 2846 sed
1551 2793 1852 2846 secundum
1890 2791 2054 2862 spiri—

473 2889 610 2934 tum.
650 2899 669 2932 1
704 2879 813 2935 Per
852 2883 996 2936 hanc
1029 2883 1142 2954 (84)
1175 2884 1378 2938 etenim
1413 2883 1650 2938 hostiam
1690 2883 1901 2946 carnis,
1938 2895 2058 2951 qua!

472 2972 653 3026 oblata
681 2983 764 3027 est
790 2988 892 3042 pro
925 2984 1174 3041 peccato,
1211 2985 1266 3028 et
1299 2974 1581 3028 damnavit
1605 2983 1918 3043 peccatum,
1953 2974 2056 3028 hoc

471 3073 556 3118 est
633 3063 838 3134 fugavit
866 3076 1169 3135 peccatum,
1203 3075 1257 3119 et
1278 3065 1518 3130 abstulit,
1545 3074 1598 3118 ut
1621 3065 1939 3134 justiﬁeatio
1977 3065 2058 3120 le-

472 3155 555 3224 gis
577 3156 893 3225 impleretur
916 3157 969 3209 in
994 3157 1152 3211 nobis
1171 3158 1265 3225 qui
1287 3156 1457 3226 legem
1481 3157 1781 3210 secundum
1805 3155 2054 3225 spiritum
2082 3181 2126 3240 ε

472 3249 834 3310 custodimus,
853 3255 908 3301 et
939 3261 1042 3300 non
1063 3249 1362 3301 secundum
1381 3263 1603 3304 carnem
1631 3267 1645 3304 :
1671 3251 1724 3304 in
1751 3264 1854 3319 qua
1878 3263 2052 3320 parte,

473 3341 774 3393 secundum
810 3355 873 3394 ea
905 3356 1024 3408 quat:
1061 3355 1226 3409 supra
1266 3342 1652 3409 exposuimus,
1706 3343 2056 3412 impossibilis

471 3440 592 3483 erat
637 3431 721 3485 lex
768 3441 824 3485 et
863 3432 1105 3485 inlirma.
1143 3449 1161 3482 1
1195 3432 1295 3498 Qui
1327 3435 1472 3486 enim
1506 3437 1805 3488 secundum
1833 3447 2051 3488 carnem

473 3530 620 3586 sunt,
648 3538 770 3591 qua:
795 3524 978 3578 carnis
1018 3535 1145 3578 sunt
1175 3526 1396 3593 sapiunt
1431 3541 1448 3581 :
1477 3526 1568 3594 qui
1594 3540 1724 3579 vero
1756 3527 2050 3580 secundum

476 3615 750 3683 spiritum,
793 3629 913 3684 quas
968 3626 1097 3669 sunt
1140 3617 1384 3686 spiritus.
1433 3635 1452 3668 1
1509 3617 1610 3671 Hic
1653 3618 1762 3688 jam
1811 3619 2054 3686 apertius

472 3707 624 3774 quasi
658 3706 770 3776 (85)
811 3709 955 3762 inter
994 3722 1094 3762 nos
1137 3716 1191 3762 et
1236 3705 1454 3763 .Iudzeos
1491 3711 1544 3763 in
1593 3710 1771 3764 medio
1805 3721 2052 3764 statuens

473 3794 645 3866 legem
673 3797 848 3868 Moysi
898 3798 1054 3861 dicit,
1105 3815 1124 3848 1
1167 3797 1269 3865 Qui
1311 3801 1614 3854 secundum
1648 3815 1868 3854 carnem
1898 3809 2051 3865 sunt,

470 3907 590 3959 qua:
607 3893 788 3946 carnis
815 3902 940 3946 sunt
971 3895 1212 3962 sapiunt,
1251 3909 1270 3944 1
1308 3894 1410 3948 hoc
1435 3902 1540 3958 eSt,
1561 3889 1756 3956 Judazi,
1789 3906 1928 3959 quos
1958 3891 2048 3944 di-

471 3984 546 4037 cit
573 3985 872 4038 secuudum
905 4001 1130 4040 carnem
1156 3984 1349 4045 Israel,
1394 3997 1516 4054 qua:
1548 3982 1662 4054 (80)
1699 3984 1884 4037 carnis
1915 3983 2049 4053 legis

473 4086 604 4128 sunt
647 4077 881 4145 sapiunt,
911 4077 964 4130 in
996 4093 1061 4130 co
1102 4077 1248 4147 quod
1275 4078 1573 4131 secundum
1619 4090 1838 4130 carnem
1874 4075 2048 4144 legem

473 4167 782 4236 intelligunt
817 4183 832 4221 :
864 4184 883 4218 1
917 4169 1006 4235 qui
1042 4180 1170 4222 vero
1207 4168 1508 4222 secundum
1554 4167 1802 4236 spiritum
1839 4165 1929 4236 (de
1963 4166 2046 4218 his

471 4257 661 4311 dicens
691 4273 828 4327 quos
846 4257 1067 4312 Judreos
1091 4259 1225 4310 dicit
1252 4261 1467 4326 spiritu,
1493 4273 1600 4312 non
1629 4258 1854 4326 littera),
1876 4274 1896 4308 1
1928 4271 2048 4325 quae

469 4359 598 4402 sunt
635 4350 858 4418 spiritus
891 4349 1028 4420 (87).
1069 4369 1088 4402 1
1124 4351 1187 4403 Et
1220 4352 1398 4404 adhuc
1448 4351 1612 4404 satiat
1639 4350 1886 4404 eumdem
1921 4363 2047 4403 sen-

469 4456 614 4504 sum,
640 4451 695 4494 et
733 4442 911 4510 aperit
945 4441 1289 4508 evidentius,
1331 4457 1454 4496 cum
1493 4442 1664 4495 dicit:
1694 4459 1712 4492 1
1748 4440 2042 4494 Prudentia

2168 597 2274 639 est.
2317 603 2336 635 1
2387 583 2484 637 Cui
2541 597 2688 636 tttors
2719 592 2806 636 est
2842 583 2955 650 (88)
2981 583 3232 637 ?Attitum
3281 585 3406 638 sine
3447 583 3729 651 dubio.0ai

2167 675 2312 727 enim
2340 673 2510 743 legem
2539 674 2836 727 secundum
2863 687 3104 738 carnem,
3134 675 3186 728 id
3230 684 3317 729 est
3343 677 3646 730 secundum
3665 676 3728 730 lito

2171 775 2369 827 teram,
2409 765 2739 818 intellexerit
2762 802 2778 827 ,
2811 779 2916 818 nou
2956 767 3104 820 venit
3128 767 3194 820 ad
3226 766 3518 822 Christum
3556 767 3642 836 qui
3665 775 3726 826 est

2169 857 2302 921 vita,
2329 867 2385 912 et
2405 859 2526 912 ideo
2547 875 2566 908 1
2607 858 2888 922 prudentia
2911 860 3114 921 carnis,
3144 874 3296 914 mors
3330 870 3420 914 est
3459 879 3475 915 :
3515 866 3725 928 pruden-

2169 949 2240 1002 tia
2270 963 2400 1003 vero
2430 951 2687 1018 spiritus,
2719 951 2828 1002 vita
2877 962 2930 1004 et
2965 966 3090 1018 pax.
3129 971 3150 1002 1
3201 952 3385 1006 Vitam
3434 967 3664 1023 namque
3683 965 3726 1010 et

2166 1054 2380 1107 pacem,
2423 1057 2543 1110 qua:
2571 1051 2654 1095 est
2688 1041 2940 1096 Christus
2971 1045 3106 1113 (89),
3141 1045 3311 1100 habet
3345 1047 3446 1115 qui
3489 1047 3721 1116 spiritali-

2167 1139 2252 1184 ter
2285 1131 2750 1200 intelligitlegem.
2791 1150 2811 1183 1
2846 1135 3110 1199 Quoniam
3135 1136 3413 1204 sapientia
3433 1140 3623 1192 carnis
3649 1141 3726 1195 iui-

2167 1221 2308 1274 tnica
2330 1232 2414 1276 est
2441 1223 2550 1277 Deo
2584 1241 2598 1277 :
2629 1225 2732 1294 legi
2762 1226 2906 1278 enim
2937 1225 3027 1280 Dei
3064 1242 3170 1281 non
3205 1241 3292 1282 est
3326 1229 3589 1298 subjecta
3615 1249 3628 1286 :
3651 1247 3725 1288 nec

2163 1313 2309 1366 enim
2337 1323 2532 1380 potest.
2554 1333 2573 1366 1
2599 1314 2821 1370 Videtur
2841 1319 3017 1373 adhuc
3037 1319 3177 1373 idem
3203 1319 3526 1376 intellectus
3557 1325 3725 1379 evolvi.

2165 1406 2445 1471 Quomodo
2480 1408 2624 1461 enim
2671 1410 2932 1475 sapientia
2970 1413 3179 1474 carnis,
3228 1413 3332 1466 hoc
3358 1424 3449 1468 est
3517 1415 3724 1470 carnalis

2165 1497 2544 1565 intelligentia,
2583 1514 2688 1551 uott
2725 1497 2799 1553 sit
2835 1499 3052 1552 inimica
3087 1501 3214 1564 Deo,
3261 1519 3389 1572 quae
3429 1505 3726 1559 adversatur

2163 1591 2418 1657 Christo;
2447 1608 2570 1661 quae
2609 1608 2725 1647 non
2770 1593 2965 1662 recipit
3004 1609 3128 1648 eum
3170 1610 3336 1665 quem
3387 1598 3545 1652 misit
3576 1599 3722 1664 Deus;

2163 1697 2284 1752 qua:
2312 1685 2480 1738 dicit:
2519 1703 2538 1735 1
2578 1685 2684 1741 Nos
2713 1687 2883 1758 legem
2920 1691 3204 1753 habemus,
3239 1702 3297 1744 et
3323 1693 3633 1748 secundum
3662 1694 3724 1748 le-

2163 1791 2283 1844 gem
2311 1775 2474 1830 debet
2501 1777 2660 1842 mori,
2689 1781 2815 1846 quia
2834 1779 3027 1835 Filium
3052 1781 3145 1836 Dei
3178 1798 3239 1837 se
3265 1782 3402 1838 fecit
3435 1783 3484 1815 “
3510 1783 3535 1838 7
3566 1803 3586 1836 1
3609 1783 3723 1850 Quo-

2161 1868 2320 1921 modo
2349 1883 2479 1938 ergo
2508 1872 2624 1923 haec
2663 1871 2787 1925 talis
2827 1874 3115 1942 sapientia,
3145 1883 3203 1928 et
3233 1873 3364 1928 talis
3396 1874 3723 1943 intelligentia

2161 1959 2212 2013 in
2251 1959 2366 2029 lege
2406 1960 2517 2015 Deo
2560 1977 2666 2014 non
2708 1963 2927 2038 dicatur
2971 1965 3216 2030 inimica,
3257 1975 3317 2021 et
3362 1968 3472 2036 legi
3500 1965 3722 2034 ejusiﬁi

2165 2050 2374 2105 scilicet
2393 2067 2516 2120 qua:
2536 2055 2831 2108 secundum
2850 2054 3102 2124 spiritum
3115 2067 3220 2119 est,
3241 2073 3351 2112 non
3381 2069 3466 2113 est
3483 2058 3723 2127 subjecta,

2159 2155 2262 2195 nec
2310 2151 2492 2211 potest
2542 2142 2782 2212 subjici:
2815 2145 2942 2213 quia
2985 2143 3128 2199 sicut
3167 2145 3283 2214 (90)
3324 2148 3611 2199 contraria
3640 2145 3719 2199 sibi

2159 2241 2287 2290 sunt
2319 2248 2468 2289 mors
2493 2245 2550 2290 et
2592 2236 2724 2298 vita,
2764 2235 2834 2288 ita
2861 2235 3140 2291 contraria
3175 2248 3304 2290 sunt
3324 2237 3432 2291 sibi
3466 2237 3640 2291 littera
3662 2237 3724 2291 le-

2158 2325 2247 2396 gis
2281 2327 2540 2382 occidens
2578 2327 2690 2399 (9i)
2745 2343 2868 2396 quae
2908 2339 2964 2382 et
3003 2329 3271 2397 sapientia
3314 2329 3508 2383 carnis
3548 2338 3654 2393 est,
3681 2339 3724 2384 et

2158 2418 2381 2487 spiritus
2414 2419 2697 2474 viviﬁcaris
2724 2421 2818 2488 qui
2851 2434 2978 2474 vere
3003 2419 3090 2474 lex
3120 2420 3212 2474 Dei
3240 2430 3349 2474 est.
3390 2439 3409 2472 1
3439 2420 3545 2487 Qui
3568 2433 3721 2474 autem

2159 2508 2214 2562 in
2239 2523 2402 2564 carne
2424 2521 2574 2574 sunt,
2595 2510 2704 2565 Deo
2737 2509 2954 2578 placere
2988 2525 3093 2564 non
3127 2521 3384 2578 possunt.
3417 2511 3531 2566 Vos
3562 2523 3719 2566 autem

2157 2601 2214 2656 in
2235 2615 2402 2656 carne
2428 2616 2534 2656 non
2561 2603 2725 2668 estis,
2769 2602 2865 2657 sed
2903 2603 2956 2656 111
2991 2601 3156 2672 590
3199 2581 3408 2671 spiritti
3443 2604 3536 2658 :si
3562 2613 3718 2656 tamen

2161 2697 2397 2766 Spiritus
2436 2696 2529 2752 Dei
2560 2697 2766 2751 habitat
2786 2697 2839 2752 in
2869 2698 3041 2752 vobis.
3072 2716 3094 2750 1
3120 2697 3323 2752 Eadem
3355 2698 3619 2767 perdurat
3652 2701 3721 2750 in-

2161 2790 2476 2859 telligentia.
2508 2807 2527 2840 1
2567 2789 2668 2855 Qui
2701 2791 2754 2843 in
2786 2804 2956 2844 carne
2985 2799 3137 2854 sunt,
3173 2806 3193 2840 1
3244 2790 3431 2859 inquit
3453 2831 3471 2856 ,
3501 2791 3605 2845 hoc
3633 2801 3721 2851 est,

2157 2882 2252 2951 qui
2302 2883 2599 2936 secundum
2654 2880 2889 2936 litteram
2938 2892 3246 2950 sequuntur
3292 2883 3474 2954 legem
3503 2924 3521 2949 ,
3574 2902 3592 2936 1
3627 2884 3723 2938 Deo

2159 2973 2376 3042 placere
2395 2989 2501 3027 non
2523 2982 2770 3042 possunt.
2809 2992 2830 3025 1
2858 2972 2971 3028 Hoc
2999 2974 3151 3029 enim
3181 2985 3238 3030 et
3263 2974 3400 3030 olim
3430 2991 3534 3047 per
3550 2976 3718 3030 lsaiain

2159 3066 2566 3136 pronuntiatum
2593 3078 2678 3124 est
2695 3086 2726 3122 a
2743 3068 3007 3132 Deo,cutu
3038 3067 3174 3122 dicit
3197 3085 3212 3122 :
3244 3086 3264 3119 1
3310 3067 3556 3136 Jejunia,
3578 3081 3631 3124 et
3654 3069 3721 3122 ie-

2161 3155 2511 3221 rias,etdiem
2542 3172 2796 3224 magnum
2824 3168 3068 3213 vestrum
3092 3174 3202 3214 non
3222 3163 3506 3216 sustineo:
3532 3175 3722 3216 nemne-

2159 3247 2280 3301 nias
2299 3257 2355 3301 et
2381 3247 2616 3302 Sabbata
2645 3258 2827 3303 vestra
2860 3249 2979 3304 odit
3017 3251 3202 3304 anima
3230 3265 3353 3307 mea
3393 3253 3461 3306 ³³.
3502 3273 3522 3306 1
3554 3253 3653 3309 Sed
3677 3261 3722 3307 et

2169 3357 2186 3391 t
2200 3355 2312 3407 vos,
2336 3357 2356 3392 1
2378 3339 2578 3406 inquit,
2597 3340 2649 3394 in
2666 3341 2864 3409 quib-ts
2885 3341 3123 3410 Spiritus
3138 3341 3230 3396 Dei
3246 3342 3484 3406 habitat,
3498 3344 3545 3398 si
3559 3353 3718 3398 tamen

2157 3431 2369 3486 habitat
2401 3433 2537 3503 (92),
2577 3450 2597 3483 1
2631 3433 2684 3485 in
2708 3447 2876 3487 carne
2903 3448 3010 3488 non
3035 3435 3192 3500 estis,
3219 3434 3314 3490 sed
3346 3435 3402 3490 in
3437 3438 3627 3506 spiritu
3648 3477 3664 3499 ,
3700 3453 3717 3487 1

2157 3523 2259 3577 hoc
2295 3532 2419 3588 est,
2447 3538 2552 3576 non
2600 3522 3016 3592 intelligentiam
3057 3526 3336 3580 carnalem
3376 3526 3516 3595 legis
3555 3527 3720 3594 sequi-

2155 3613 2311 3678 mini,
2335 3616 2428 3669 sed
2447 3614 2772 3684 spiritalem,
2798 3630 2896 3684 per
2921 3631 3085 3686 quam
3109 3617 3346 3673 venistis
3377 3620 3446 3673 ad
3473 3618 3715 3687 Spiritum

2153 3707 2538 3770 viviﬁcantem,
2567 3708 2611 3761 si
2643 3716 2823 3762 tamen
2843 3717 3000 3763 actus
3026 3709 3193 3763 vestri
3222 3709 3363 3765 tales
3395 3711 3506 3766 sint
3531 3721 3587 3766 et
3604 3726 3717 3765 conv

2151 3797 2413 3862 versatio,
2460 3807 2518 3853 ut
2561 3796 2826 3866 Spiritum
2865 3799 2959 3852 Dei
2997 3799 3050 3854 iu
3089 3800 3250 3854 vobis
3281 3801 3487 3857 habere
3518 3817 3710 3857 merea—

2151 3888 2313 3943 mini.
2347 3887 2403 3942 In
2435 3888 2568 3944 duas
2590 3905 2745 3959 ergo,
2777 3898 2836 3945 ut
2867 3889 3132 3957 diximus,
3156 3900 3345 3960 partes
3371 3893 3627 3948 dividens
3648 3892 3714 3944 le-

2150 3997 2271 4051 gem
2295 3979 2491 4052 Moysi,
2514 3981 2566 4035 id
2595 3990 2704 4048 est,
2729 3982 2782 4036 in
2808 3982 3084 4054 spiritum,
3115 3993 3172 4039 et
3194 4000 3441 4049 carnem,
3463 4001 3589 4055 quae
3605 3993 3716 4038 sunt

2149 4071 2394 4140 spiritus,
2424 4086 2585 4140 quam
2603 4081 2658 4126 et
2687 4071 2988 4140 spiritalem
3019 4073 3194 4144 legem
3233 4073 3550 4145 appellavit,
3577 4075 3716 4128 nobis

2150 4164 2373 4217 tradidit
2406 4182 2420 4218 :
2448 4181 2570 4232 qua:
2600 4179 2731 4217 vero
2766 4167 2950 4220 carnis
2983 4177 3144 4231 sunt,
3176 4167 3488 4222 carnalibus
3527 4167 3716 4222 Judais

2148 4257 2386 4325 reliquit.
2431 4256 2528 4311 Sic
2571 4258 2803 4323 denique
2844 4269 2899 4310 et
2941 4259 3069 4312 illud
3110 4259 3499 4327 interpretatus
3537 4270 3620 4313 est
3658 4260 3717 4309 de

2145 4348 2420 4422 Abraham
2469 4365 2592 4403 cum
2633 4350 2770 4403 dixit
2802 4369 2816 4404 :
2858 4368 2878 4402 1
2931 4351 3039 4404 Sed
3080 4350 3129 4404 is
3160 4351 3382 4418 quidem
3412 4351 3507 4420 qui
3534 4352 3602 4404 de
3628 4366 3716 4403 au-

2145 4440 2291 4506 cilla,
2327 4441 2626 4494 secundum
2671 4457 2894 4496 carnem
2938 4450 3098 4496 natus
3138 4451 3268 4496 est:
3304 4443 3399 4511 qui
3439 4453 3622 4495 autem
3656 4456 3712 4492 ex

467 4531 615 4586 enim
645 4531 863 4595 carnis,
897 4546 1042 4586 mors
1064 4542 1150 4587 est
1185 4546 1200 4586 :
1236 4532 1522 4600 prudentia
1554 4542 1733 4586 autem
1778 4531 2002 4601 spiritus
2023 4571 2039 4595 ,
2072 4519 2116 4574 ο
2153 4531 2348 4595 libera,
2374 4546 2471 4600 per
2496 4531 2996 4600 repromissiouetu.
3027 4533 3094 4586 Et
3129 4534 3272 4586 sicut
3300 4543 3424 4586 tunc
3448 4534 3497 4586 is
3527 4534 3618 4602 qui
3647 4549 3716 4584 se-

467 4622 578 4675 vita
612 4629 668 4674 et
704 4636 828 4691 pax.
868 4639 888 4674 1
927 4619 1183 4690 Nunquid
1226 4638 1335 4677 non
1371 4638 1535 4675 unum
1582 4629 1748 4690 atque
1786 4622 1927 4675 idem
1957 4630 2044 4675 est

467 4713 610 4784 quod
639 4714 796 4778 dicit,
833 4731 851 4764 t
898 4713 1196 4768 Prudentia
1222 4713 1406 4768 carnis
1432 4728 1579 4768 mors
1601 4723 1705 4778 est,
1739 4731 1758 4766 1
1797 4722 1852 4767 et
1873 4712 2038 4767 illud:

533 4875 557 4910 ⁸
596 4877 735 4931 Psal.
771 4892 824 4938 1.,
861 4877 910 4932 7.

465 4945 514 4979 “
535 4947 694 5003 Joau.
733 4965 846 5014 xtx,
877 4947 930 5003 7.

1015 4877 1036 4908 ⁸
1064 4874 1227 4930 Hebr.
1264 4891 1361 4937 vtt,
1390 4875 1480 4931 27.

563 5088 652 5158 8‘2)
688 5089 784 5143 Ms.
830 5104 990 5154 unus,
1028 5105 1048 5140 1
1083 5103 1244 5157 super
1283 5088 1547 5156 virginem
1575 5085 1964 5141 descendente.
2014 5103 2034 5136 1

562 5162 650 5230 85)
683 5161 844 5226 Editi,
876 5178 896 5212 1
933 5173 1087 5230 teque
1117 5161 1336 5225 dicitur,
1373 5172 1470 5228 pro
1491 5169 1738 5227 peccato,
1772 5174 1794 5209 1
1822 5165 1934 5211 etc.

565 5226 653 5300 84)
691 5231 853 5292 Editi,
897 5247 917 5281 1
958 5226 1271 5283 Posthanc.
1314 5247 1332 5279 1

565 5299 654 5368 85)
685 5300 737 5352 111
769 5301 930 5354 editis
962 5302 1114 5354 deest
1150 5317 1170 5349 1
1207 5299 1384 5369 quasi.
1426 5315 1446 5349 1

565 5306 654 5368 85)
685 5306 737 5352 111
769 5306 930 5354 editis
962 5306 1114 5354 deest
1150 5317 1170 5349 1
1207 5306 1384 5369 quasi.
1426 5315 1446 5349 1

539 5306 648 5441 186)
677 5370 848 5437 Alias,
886 5390 903 5420 1
933 5372 1058 5440 quia
1089 5387 1229 5438 qum,
1261 5389 1280 5422 1
1308 5380 1418 5422 etc.
1448 5367 1544 5441 111,
1575 5384 1594 5418 1
1624 5366 1714 5441 qui
1738 5379 1803 5420 ea
1830 5377 1977 5441 qua,
2021 5379 2042 5414 1

468 5434 575 5494 etc.
609 5442 714 5495 Sed
742 5434 969 5510 utraque
1008 5434 1120 5494 vox'
1150 5441 1300 5494 deest
1327 5441 1379 5492 in
1405 5435 1570 5492 editis
1595 5434 1655 5490 et
1681 5439 1732 5490 in
1769 5434 1902 5488 mss.
1928 5434 2043 5503 ple-

468 5526 671 5564 rtsttue.

540 5527 865 5648 iisuﬁmlias,
911 5598 930 5630 1
971 5595 1094 5649 qua:
1147 5588 1275 5634 sunt
1312 5576 1538 5646 spiritus
1586 5579 1854 5649 sapiunt;_
1883 5591 1906 5626 1
1942 5570 2038 5636 al.,

472 5665 493 5699 1
535 5646 796 5703 Sentiuut.
841 5669 858 5699 1
891 5651 953 5702 Et
981 5646 1140 5718 paulo
1171 5662 1296 5719 post
1329 5665 1431 5703 ms.
1465 5663 1605 5702 unus
1647 5659 1699 5702 et
1725 5646 1892 5714 editi,
1920 5655 2041 5719 181

466 5721 608 5788 sapit
639 5719 962 5773 evidentius.
997 5738 1017 5770 1

545 5788 652 5859 {83)
680 5789 848 5854 Alias,
879 5808 898 5841 1
937 5789 1100 5859 Cujus
1128 5804 1270 5845 mors
1303 5789 1420 5844 eSt?
1460 5807 1479 5838 1

2147 4623 2381 4678 cundum
2402 4637 2624 4678 carnem
2661 4635 2823 4680 natus
2850 4634 2969 4691 est,
3002 4627 3435 4694 persequebatur
3459 4639 3589 4678 eum
3628 4623 3708 4688 qui

2149 4718 2444 4772 secundum
2490 4717 2772 4786 spiritum;
2819 4717 2891 4771 ita
2924 4727 2980 4771 et
3019 4732 3164 4772 nunc
3203 4717 3271 4770 ¹⁶.
3319 4735 3339 4768 1
3386 4715 3613 4771 Certum
3643 4725 3714 4767 est

1574 4876 1618 4907 ¹⁰
1645 4875 1802 4930 llom.
1843 4887 1964 4936 vnt,
1995 4874 2038 4925 δε

2164 4871 2205 4903 ¹²
2233 4872 2396 4927 llebr.
2433 4886 2509 4934 ιι,
2539 4869 2632 4924 26.
2710 4870 2754 4903 ¹²
2794 4869 2918 4926 lsai.
2949 4886 3065 4938 LIII,
3091 4869 3144 4925 4.
3221 4871 3267 4902 ¹³
3295 4871 3334 4925 ll
3367 4869 3502 4925 Cor.
3543 4884 3629 4930 111,
3665 4865 3714 4920 6.

1013 4947 1054 4978 “
1083 4949 1205 5001 lsai.
1237 4964 1276 5013 t,
1311 4947 1398 5008 l3,
1437 4946 1522 5000 14.
1602 4946 1645 4978 ¹⁶
1671 4947 1848 5000 Galat.
1879 4960 1953 5010 tv,
1985 4943 2075 4996 23.

2212 5081 2326 5158 (δὲ)
2361 5079 2534 5158 Alias,
2576 5097 2596 5132 1
2633 5081 2777 5150 quod
2805 5089 2891 5135 est
2916 5079 3192 5158 Christus.
3231 5097 3288 5158 lu
3312 5148 3346 5158 __
3378 5148 3389 5158 _
3669 5145 3680 5158 '

2212 5148 2326 5224 (90)
2379 5155 2472 5208 Sic
2519 5148 2796 5224 msiuttus
2837 5150 3201 5224 etgltabanus.
3252 5148 3389 5224 Editi
3419 5161 3579 5224 vere,
3609 5148 3716 5224 {in

2142 5215 2262 5294 lege
2307 5215 2396 5278 Dei
2444 5236 2552 5294 non
2587 5221 2800 5294 dicatur
2833 5222 3048 5294 inimica
3092 5215 3204 5274 Deo
3245 5230 3298 5272 ct
3334 5219 3430 5294 legi
3485 5215 3712 5284 ejus'H-li

2143 5289 2264 5364 quae
2289 5292 2590 5364 secundum
2623 5293 2874 5364 spiritum
2914 5290 3032 5359 ejus
3069 5305 3174 5344 nou
3203 5301 3286 5364 est
3309 5289 3580 5364 subjecta,
3609 5301 3710 5364 nec

2149 5357 2334 5434 posset
2369 5361 2582 5434 subiici,
2628 5357 2756 5434 quia
2791 5357 2956 5434 sicut,
3007 5379 3026 5412 1
3069 5369 3178 5434 etc.
3205 5359 3329 5434 Mss.
3357 5357 3718 5434 duo,cin__l_ege

2151 5425 2245 5488 Dei
2275 5449 2382 5488 non
2417 5433 2625 5508 dicatur
2647 5425 2871 5508 inimica
2902 5431 3008 5486 Deo
3047 5441 3101 5484 et
3134 5430 3236 5499 legi
3261 5425 3714 5508 ejus,.ei_scilicet

2149 5517 2272 5572 qua:
2293 5502 2590 5557 secundum
2616 5504 2868 5571 spiritqu
2892 5513 2974 5557 est
3008 5517 3112 5555 non
3144 5517 3265 5556 eSse
3297 5499 3547 5567 subjecta
3571 5534 3589 5560 ,
3623 5505 3731 5554 nec.

2147 5588 2319 5643 posse
2337 5574 2680 5641 subjici,qui:t
2709 5575 2874 5643 sicut,
2908 5591 2926 5623 1
2965 5581 3068 5625 etc.

2221 5641 2332 5716 (9i)
2363 5635 2520 5713 Le'gis
2539 5635 2813 5716 occidens.
2840 5642 2964 5697 Haec
2993 5639 3265 5716 desuntin
3292 5635 3497 5716 editis._

2146 5783 2180 5838 h
2220 5711 2534 5838 SimtAli-as,
2565 5732 2583 5766 1
2621 5715 2674 5768 in
2708 5715 2902 5784 quibus
2932 5713 3138 5768 habitat
3169 5711 3416 5782 Spiritus,
3446 5711 3499 5764 si
3533 5714 3712 5764 tamet.

2187 5799 2215 5838 a
2255 5795 2328 5838 ita
2359 5825 2373 5838 .
2411 5803 2436 5838 1

2187 5784 2373 5840 abitat.
2411 5803 2436 5840 1
