3768 6544
60 388 184 445 109⁸1

1008 394 1364 452 COMMENT.
1398 395 1464 450 IN
1500 395 1718 453 EPIST.
1761 397 1850 452 AD
1887 397 2058 458 ROM.
2099 402 2232 459 LIB.
2274 403 2360 461 Vl.

3183 414 3324 471 1098

58 507 186 561 enim
215 506 359 576 quia
388 509 468 562 illi
499 509 613 582 (95)
655 511 744 580 qui
782 512 1078 566 secundum
1119 527 1340 570 carnem
1386 525 1515 569 stmt
1537 513 1635 569 Ju-
1668 521 1714 577 Α
1745 515 1832 569 hic
1875 531 1983 574 non
2019 527 2106 575 est
2147 520 2285 588 ejus.
2329 520 2386 576 Si
2425 529 2607 578 autem
2657 523 2909 582 Christus
2932 528 2987 583 in
3019 530 3173 586 vobis
3210 543 3318 598 est,

58 599 164 661 dari,
194 613 624 671 persequuntur
647 619 746 658 nos
776 605 867 673 qui
899 619 1089 659 sumus
1117 621 1227 660 non
1251 607 1304 660 in
1325 606 1635 670 manifesto.

57 692 138 747 sed
165 692 215 746 in
257 694 497 747 occulto
525 694 720 759 Judaei,
746 706 801 750 et
834 696 1005 768 legem
1036 698 1336 752 secundum
1361 696 1634 766 spiritum,

57 799 147 838 non
177 787 501 841 secundum
525 803 742 842 carnem
773 787 1131 843 custodimus.
1166 788 1244 842 llli
1270 804 1401 860 ergo
1430 789 1522 859 qui
1550 805 1638 845 se-

55 879 274 932 cundum
307 895 542 935 carnem
573 881 812 951 sapiunt,
843 889 1242 951 consequenter
1261 883 1423 936 etiam
1451 897 1636 952 repro-

56 974 336 1028 missiones
388 975 532 1045 legis
569 976 866 1030 carnaliter
923 987 1168 1045 sperant.
1222 975 1332 1030 Nos
1365 991 1494 1030 vero
1541 991 1634 1031 eas

52 1066 370 1135 spiritaliter
403 1079 788 1136 exspectamus
813 1068 1114 1123 secundum
1147 1081 1456 1123 sermonem
1477 1067 1630 1122 Pauli

53 1160 268 1213 dicentis
325 1178 400 1212 τι
455 1161 525 1218 Ut
577 1159 1033 1230 repromissiones
1089 1159 1328 1228 Spiritus
1389 1161 1629 1232 accipia-

51 1268 154 1307 mus
185 1254 268 1316 ";
319 1273 340 1305 ι
398 1265 454 1309 et
495 1255 691 1308 iterum
724 1273 738 1308 :
775 1271 794 1305 ι
834 1253 1160 1307 Benedictus
1203 1253 1348 1308 Deus
1379 1263 1436 1309 et
1470 1253 1631 1309 Pater

51 1345 250 1399 Domini
311 1347 494 1399 nostri
545 1344 670 1400 Jesu
701 1345 942 1407 Christi,
977 1344 1070 1413 qui
1116 1344 1396 1400 benedixit
1437 1360 1538 1400 nos
1574 1344 1626 1398 in

48 1438 174 1490 omni
206 1437 610 1492 benedictione
660 1436 888 1505 spiritali
921 1435 973 1489 in
1018 1434 1338 1491 coelestibus
1375 1437 1428 1490 in
1465 1435 1626 1491 Chri—

46 1541 117 1583 sto
144 1530 214 1580 ¹⁶.
243 1548 264 1580 ι
301 1530 387 1583 Ex
418 1530 620 1599 quibus
653 1529 905 1583 omnibus
943 1538 999 1581 et
1023 1543 1146 1596 qua:
1178 1528 1253 1582 sit
1300 1527 1384 1582 lex
1424 1543 1625 1583 secun-

45 1623 152 1673 dum
186 1637 452 1684 carnem,
495 1629 547 1674 et
585 1635 705 1688 quae
735 1619 1034 1674 secundum
1064 1619 1346 1689 spiritum,
1376 1621 1459 1676 vel
1505 1615 1652 1691 qure“

45 1725 148 1778 spes
179 1709 642 1780 repromissionis
670 1708 929 1772 carnalis,
946 1709 1031 1761 vel
1064 1723 1186 1776 qua;
1212 1709 1481 1779 spiritalis
1508 1710 1620 1780 (9i)

44 1801 363 1856 ostenditur.
389 1801 579 1856 Potest
609 1811 664 1856 et
694 1801 994 1856 secundum
1020 1800 1179 1854 aliam
1199 1801 1618 1870 expositionem,

1743 623 1940 680 corpus
1979 613 2198 682 quidem
2259 625 2536 671 mortuum
2584 630 2670 674 est
2726 633 2946 690 propter
2997 634 3319 690 peccatum,

1741 698 1968 763 spiritus
1996 717 2127 758 vero
2158 703 2267 757 vita
2298 704 2376 774 (2)
2409 717 2634 776 propter
2661 708 3135 778 justillcationem.
3163 711 3318 778 Quod

1739 788 1782 842 si
1817 787 2058 859 Spiritus
2089 793 2208 861 ejus
2233 795 2324 864 qui
2361 795 2646 850 suscitavit
2680 796 2871 855 Jesutn
2908 815 2936 852 a
2971 802 3199 856 mortuis
3221 801 3320 856 ha-

1739 880 1878 936 bitat
1921 883 1974 938 in
2023 885 2208 948 vobis;
2257 886 2349 956 qui
2396 887 2689 946 suscitavit
2727 889 2910 946 Jesum
2964 891 3242 949 Christum
3285 910 3317 948 a

1739 977 1971 1033 mortuis
1987 977 2288 1034 vivilicabit
2303 982 2624 1035 etmortalia
2646 993 2828 1038 vestra
2848 999 3078 1054 corpora
3097 995 3317 1056 propter

1737 1069 2130 1126 inhabitantem
2180 1071 2448 1142 Spiritum
2499 1075 2614 1145 ejus
2657 1075 2710 1129 in
2760 1077 2916 1132 vobis
2961 1077 3025 1132 ".
3083 1096 3103 1129 ι
3157 1078 3313 1146 Quod

1733 1161 2115 1217 constantibus
2140 1163 2524 1218 et-dialectica
2557 1177 2675 1222 arte
2706 1167 2950 1223 collectis
2985 1179 3167 1224 utatur
3199 1172 3306 1242 syl—

1733 1247 1976 1320 logismis
2009 1253 2292 1322 apostolus
2323 1254 2527 1312 Paulus
2571 1257 2650 1311 vel
2689 1259 2742 1313 in
2785 1259 2888 1314 hoc
2935 1260 3092 1325 loco,
3130 1264 3214 1316 vel
3254 1263 3310 1317 itt

1731 1341 1854 1397 aliis
1881 1342 2138 1412 Epistolis
2166 1347 2301 1411 suis,
2341 1363 2446 1401 non
2479 1349 2608 1403 mihi
2637 1367 2780 1405 nunc
2813 1351 2892 1425 (3)
2923 1355 3307 1423 exponendum

1730 1434 1967 1498 videtur,
1995 1452 2062 1490 ne
2103 1438 2242 1492 forte
2273 1455 2380 1494 non
2423 1450 2532 1497 tam
2569 1443 2810 1498 scientia:
2841 1445 2918 1517 (4)
2948 1451 3067 1516 ejus
3087 1485 3104 1511 ,
3137 1463 3305 1518 quam

1728 1527 1996 1583 sermonis
2023 1528 2076 1582 in
2106 1543 2214 1598 quo
2246 1547 2351 1586 non
2383 1533 2494 1588 vult
2523 1549 2582 1588 se
2609 1535 2842 1603 peritum
2879 1538 2985 1592 dici
3010 1539 3080 1604 '°,
3119 1555 3304 1595 asser-

1730 1623 1876 1669 tores
1903 1617 2188 1672 videamur
2215 1634 2338 1675 esse
2361 1638 2377 1673 :
2403 1631 2460 1676 et
2506 1622 2626 1676 ideo
2657 1625 2919 1694 propositi
2946 1629 3120 1699 magis
3150 1631 3302 1700 capi-

1734 1705 1828 1759 tuli
1855 1721 2071 1761 sensum
2097 1709 2370 1767 discutere
2383 1716 2822 1783 properabimus.
2843 1716 2900 1774 ln
2922 1720 3305 1786 superioribus

1726 1797 1816 1850 ubi
1834 1797 2007 1853 dixit:
2033 1817 2052 1851 ι
2077 1799 2182 1856 Vos
2197 1811 2382 1859 autem
2397 1805 2449 1859 in
2467 1820 2632 1860 carne
2657 1822 2763 1862 non
2781 1809 2938 1876 estis,
2955 1811 3050 1866 sed
3069 1810 3124 1866 in
3143 1814 3303 1881 spiri-

42 1893 77 1944 si
108 1905 434 1960 repetamus
461 1894 533 1948 ab
563 1893 737 1956 initio,
772 1911 792 1944 ι
817 1893 970 1960 Quod
1006 1893 1340 1960 impossibile
1353 1905 1470 1947 erat
1492 1894 1614 1964 legi,
1651 1873 1694 1928 Β
1725 1891 1809 1946 lui
1834 1885 1882 1939 εί
1900 1893 2079 1941 tamen
2096 1888 2336 1957 δβίτίιυε
2355 1891 2448 1947 θεῖ
2473 1893 2756 1951 Ιιθδίιίιιίη
2774 1873 2932 1952 νοιιῖέ
2947 1900 2990 1932 ⁸⁸
3013 1918 3029 1958 ε
3057 1919 3076 1952 ³
3101 1873 3300 1970 duillici

42 1983 85 2035 in
103 2000 204 2053 quo
229 1985 631 2040 inﬁrtoabatur
652 2001 750 2054 per
767 2000 1019 2051 carnem,
1049 2002 1070 2034 ι
1103 1994 1159 2040 et
1183 1987 1250 2039 de
1273 1986 1392 2056 lege
1422 1987 1617 2040 mentis

42 2075 280 2144 intelligi,
321 2091 493 2146 quam
528 2092 690 2146 supra
717 2078 856 2132 dixit
879 2077 989 2143 (95)
1021 2079 1158 2131 velle
1187 2077 1366 2132 facere
1391 2077 1612 2141 bonum,

42 2168 115 2220 sed
138 2183 238 2237 per
264 2168 652 2224 iulirmitatem
687 2178 744 2224 et
794 2167 1141 2238 fragilitatem
1170 2169 1354 2224 carnis
1391 2167 1617 2238 implere

42 2274 128 2312 non
157 2275 352 2330 posse,
379 2269 440 2316 et
469 2271 756 2331 propterea
788 2260 1002 2314 misisse
1036 2259 1204 2314 Demn
1231 2259 1426 2314 Filium
1453 2275 1613 2315 suum

43 2350 83 2403 in
111 2352 538 2406 similitudinem
564 2352 743 2408 carnis
765 2353 1006 2421 peccati,
1045 2363 1100 2407 et
1136 2353 1202 2407 de
1232 2362 1483 2422 peccato,
1513 2353 1614 2408 hoc

40 2453 107 2497 est
145 2459 248 2514 per
314 2445 558 2500 hostiam
609 2461 708 2514 pro
751 2456 976 2515 peccato
1025 2444 1289 2512 oblatam,
1327 2445 1613 2500 damnasse

39 2545 340 2602 peccatum.
389 2539 522 2590 Data
555 2540 700 2592 enim
735 2539 889 2593 nobis
925 2537 1249 2592 remissione
1277 2535 1392 2608 (96)
1420 2551 1610 2607 pecca-

37 2637 194 2682 torum
228 2628 485 2699 l‘ugatum
517 2641 594 2684 est
620 2641 676 2684 et
699 2630 1118 2684 exterminatum
1144 2630 1210 2684 de
1230 2644 1398 2684 carne
1424 2639 1608 2684 nostra

35 2730 329 2786 peccatum,
356 2731 409 2774 et
438 2721 604 2789 erepit
623 2722 674 2774 in
691 2721 850 2776 nobis
874 2719 1344 2792 justiﬁeatiolegis
1371 2718 1609 2790 implerl,

34 2811 162 2865 illius
183 2812 466 2866 duntaxat
492 2813 622 2884 legis
647 2827 770 2882 quas
798 2812 1210 2868 condelectatur
1233 2811 1339 2881 legi
1355 2811 1468 2882 (97)
1491 2811 1604 2874 Dei,

34 2919 136 2969 qua:
164 2904 436 2973 impletur
462 2905 574 2958 cito
613 2920 736 2958 cum
765 2905 878 2974 jam
914 2920 1023 2958 non
1054 2903 1261 2960 resistit
1285 2903 1336 2957 ei
1364 2902 1447 2957 lex
1477 2917 1604 2972 pec--

32 2996 122 3047 cati
150 3011 276 3065 qua:
302 3007 430 3050 erat
459 2996 513 3050 in
540 2998 802 3053 membris
823 2997 1048 3061 nostris,
1081 2995 1124 3052 si
1161 3006 1342 3050 tamen
1376 3010 1482 3050 non
1515 3009 1602 3049 sc-

29 3088 254 3142 cundum
288 3101 519 3143 carnem
562 3089 926 3152 ambulemus,
964 3089 1060 3142 sed
1098 3087 1396 3142 secundum
1441 3087 1604 3157 spiri-

1724 1974 1884 2028 modo
1903 1976 2032 2045 quid
2077 1988 2160 2033 est
2191 1979 2246 2032 iu
2276 1982 2481 2050 Spiritu
2521 1983 2601 2054 (5)
2631 2001 2756 2043 esse
2780 1989 3220 2060 explanavimus,
3248 1994 3300 2048 id

1719 2076 1824 2134 est,
1849 2069 1933 2124 vel
1951 2070 2123 2140 legem
2147 2088 2251 2127 non
2279 2077 2577 2131 secundum
2601 2078 2863 2148 litteram,
2880 2085 2974 2138 sed
2997 2085 3297 2141 secundum

1718 2158 2015 2228 spiritalem
2044 2177 2264 2218 sensum
2298 2166 2631 2236 intelligere;
2663 2169 2746 2226 vel
2776 2172 2942 2227 etiam
2966 2174 3298 2231 mortillcazo

1717 2263 1968 2318 corpore,
2005 2254 2251 2323 spiritus,
2279 2265 2335 2309 et
2377 2271 2484 2311 non
2516 2259 2701 2315 carnis
2737 2259 2952 2330 legibus
2991 2264 3198 2324 vivere.
3227 2270 3328 2320 ιειυ

1719 2356 1858 2396 nunc
1875 2357 2005 2414 ergo
2027 2346 2170 2414 quod
2189 2347 2342 2413 dicit,
2367 2365 2386 2400 ι
2408 2349 2462 2404 Si
2477 2350 2598 2418 quis
2611 2362 2788 2408 autem
2808 2353 3069 2422 Spiritum
3089 2357 3292 2416 Christ:

1715 2431 1875 2503 591
1907 2450 2011 2489 non
2050 2436 2233 2505 habet,
2269 2438 2359 2492 hic
2390 2455 2495 2494 non
2523 2452 2610 2497 est
2637 2442 2795 2513 ejus;
2837 2464 2857 2498 ι
2889 2455 2945 2501 et
2975 2448 3285 2521 subjungit,

1719 2541 1740 2574 ι
1780 2526 1839 2580 Si
1873 2537 2056 2583 autem
2100 2527 2352 2586 Christus
2394 2532 2450 2587 in
2482 2533 2638 2591 vobis
2687 2547 2795 2604 est,
2838 2557 2860 2592 ι
2899 2542 3287 2611 requirendum

1711 2625 1797 2670 est
1822 2627 2005 2673 utrum
2039 2619 2313 2676 diversum
2343 2622 2416 2678 sit
2436 2623 2698 2695 Spiritum
2723 2627 2821 2684 Dei
2850 2645 2972 2685 esse
2999 2631 3053 2686 in
3080 2632 3285 2703 aliquo,

1709 2723 1777 2761 an
1813 2707 2076 2776 Spiritum
2103 2711 2179 2784 (6)
2199 2711 2406 2770 Christi
2442 2718 2560 2772 :vel
2584 2720 2750 2774 etiam
2779 2722 2956 2790 ipsum
2981 2723 3286 2794 Christum,

1710 2809 1804 2856 aut
1838 2800 2104 2872 Spiritum
2133 2804 2252 2872 ejus
2279 2814 2370 2878 qui
2413 2810 2704 2866 suscitavit
2743 2811 2929 2868 .Iesum
2961 2830 2988 2866 a
3029 2817 3282 2874 mortuis.

1710 2890 1816 2946 Sed
1841 2901 2104 2960 quantum
2143 2894 2227 2949 vel
2266 2901 2710 2968 consequentiam
2740 2902 2819 2973 (7)
2864 2902 2966 2958 loci
2998 2907 3284 2973 prarseniis

1709 2983 1944 3050 intueor,
1993 2984 2078 3040 vel
2111 2985 2242 3040 illud
2277 2991 2419 3058 quod
2466 2991 2720 3048 Salvator
2767 2995 2822 3049 in
2875 2995 3171 3064 Evangelio
3211 2997 3283 3052 d.

1708 3073 1910 3142 Spiritu
1943 3085 2137 3132 sancto
2166 3079 2316 3144 dicit,
2345 3081 2472 3151 quia
2514 3102 2534 3136 ι
2575 3100 2604 3138 a
2633 3083 2798 3143 Patre
2829 3087 3095 3157 procedit,
3141 3105 3162 3140 ι
3204 3099 3282 3155 et,

34 3187 151 3231 tum.
186 3177 329 3232 Nam
362 3180 541 3232 donec
591 3178 644 3232 in
684 3193 848 3232 carne
887 3188 973 3232 est
1000 3177 1164 3246 quis,
1208 3185 1266 3231 et
1303 3175 1558 3232 secundm

1763 3165 1840 3220 De
1867 3183 1988 3224 meo
2013 3173 2240 3243 accipiet
2267 3178 2334 3242 “,
2374 3196 2394 3230 ι
2433 3187 2488 3232 et
2533 3177 2692 3246 hujus
2728 3179 2880 3234 verbi
2931 3180 3280 3250 explanatio-

28 3285 233 3325 carnem
251 3271 418 3334 vivit,
451 3286 574 3341 quae
594 3275 774 3328 carnis
807 3280 934 3327 sunt
950 3271 1092 3338 sapit
1124 3285 1140 3336 ;
1173 3283 1296 3323 cum
1314 3283 1445 3323 vero
1467 3284 1598 3323 con—

29 3366 239 3419 verterit
267 3381 334 3420 se
354 3366 424 3418 ad
459 3365 708 3434 spiritum
734 3407 752 3431 ,
790 3373 843 3418 et
875 3374 1126 3418 mortuus
1152 3359 1317 3416 fuerit
1335 3360 1439 3431 legi
1475 3374 1602 3430 pec-

27 3458 122 3509 uui
155 3466 211 3512 et
240 3455 460 3519 carnis,
492 3470 614 3525 qua:
643 3465 770 3510 sunt
798 3455 1025 3526 spiritus
1052 3453 1216 3523 sapit.
1248 3451 1385 3506 Nam
1408 3465 1602 3507 secun-

27 3547 138 3600 dum
175 3563 405 3603 carnem
441 3562 664 3618 sapere.
705 3563 851 3603 mors
897 3557 982 3602 est
1014 3547 1210 3602 animae
1247 3561 1265 3611 ;
1296 3545 1598 3602 secundum

25 3639 265 3707 spiritum
315 3654 474 3702 vero,
524 3641 629 3694 vita
677 3649 733 3694 et
767 3654 871 3709 pax
909 3649 998 3694 est
1046 3639 1221 3710 :quia
1255 3656 1275 3692 ι
1326 3637 1596 3708 sapientia

25 3733 191 3786 carnis
223 3733 449 3786 inimica
477 3740 561 3787 est
593 3732 735 3795 Deo,
778 3751 797 3782 ι
835 3733 936 3785 hoc
963 3739 1070 3794 est,
1117 3731 1246 3784 dum
1291 3742 1422 3784 caro
1461 3727 1598 3782 resi-

24 3823 104 3876 stit
132 3824 374 3890 spiritui,
394 3831 450 3879 et
476 3838 581 3878 non
605 3835 688 3878 est
721 3821 966 3892 subjecta
1003 3822 1107 3892 legi
1131 3820 1330 3877 mentis
1353 3834 1477 3890 quae
1509 3820 1596 3874 lex

25 3911 103 3966 Dei
130 3925 240 3978 est,
269 3915 496 3970 inimica
522 3925 606 3969 est
636 3915 747 3969 Deo
771 3933 786 3968 :
819 3925 876 3970 et
907 3914 1031 3968 ideo
1059 3913 1154 3983 qui
1189 3912 1486 3967 carnaliter
1511 3911 1592 3964 vi—

20 4014 164 4070 vunt,
197 4004 310 4059 Deo
340 4006 558 4075 placere
588 4021 691 4062 non
723 4015 970 4076 possunt.
992 4003 1098 4059 Sed
1132 4025 1151 4056 ε
1180 4019 1307 4071 vos,
1343 4023 1363 4056 9
1394 4003 1591 4074 inquit,

25 4110 161 4150 inoo
180 4097 317 4151 estis
341 4095 394 4150 in
413 4111 602 4162 carne,
627 4115 646 4150 ι
670 4097 772 4152 hoc
792 4105 877 4152 est
899 4110 1005 4151 non
1036 4096 1340 4151 secundum
1371 4107 1592 4149 carnem

20 4184 192 4241 vivitis
227 4185 363 4256 (98),
414 4185 513 4242 sed
562 4183 864 4241 secundum
905 4184 1197 4250 spiritum,
1262 4199 1283 4233 ι
1319 4181 1366 4235 si
1408 4190 1591 4234 tamen

21 4276 252 4344 Spiritus
285 4279 381 4335 Dei
403 4279 620 4334 habitat
641 4279 696 4334 in
712 4278 886 4334 vobis.
898 4275 1050 4332 illaec
1064 4285 1293 4346 possunt
1320 4285 1376 4330 et
1397 4287 1592 4328 secun-

21 4369 134 4421 dum
161 4370 357 4436 aliam,
390 4383 452 4426 ut
479 4371 752 4434 dixintus,
788 4369 1191 4439 expositionem
1240 4367 1297 4420 in
1333 4367 1437 4420 hoc
1474 4361 1590 4433 (99)

21 4459 126 4515 loco
156 4466 420 4532 coaptari.
445 4464 623 4533 Eligat
657 4475 834 4518 tamen
852 4463 944 4533 qui
975 4461 1136 4534 legit,
1156 4471 1212 4515 et
1241 4458 1384 4530 quod
1411 4457 1590 4527 aptius

1707 3274 1830 3314 nem
1887 3261 1943 3315 in
1997 3269 2458 3336 consequentibus
2478 3269 2682 3342 jungit,
2711 3271 2902 3328 dicens
2945 3289 2960 3327 :
3006 3289 3028 3324 ι
3090 3273 3279 3340 Pater,

1702 3350 1884 3405 omnia
1914 3367 2034 3409 mea
2077 3363 2170 3411 tua
2213 3370 2362 3423 sunt,
2401 3370 2456 3414 et
2498 3371 2589 3416 tua
2632 3376 2791 3418 mea:
2823 3373 3112 3433 propterea
3161 3365 3276 3420 dixi

1701 3442 1829 3511 quia
1856 3447 1927 3500 de
1967 3461 2088 3503 meo
2128 3452 2359 3521 accipiet
2381 3453 2427 3486 “
2455 3454 2533 3524 (8)
2566 3469 2580 3506 :
2615 3472 2636 3507 ι
2668 3467 2812 3518 cum,
2859 3455 3100 3525 inquam,
3159 3467 3282 3513 tan-

1705 3545 1814 3590 tam
1845 3535 1990 3594 hanc
2041 3541 2267 3599 unitatis
2314 3545 2462 3600 inter
2507 3543 2723 3600 Patrem
2753 3555 2812 3602 et
2841 3546 3036 3602 Filium
3067 3550 3280 3619 aspicio

1704 3627 1970 3684 rationem
2005 3631 2106 3702 (9),
2145 3633 2382 3703 Spiritus
2415 3637 2510 3692 Dei
2539 3648 2594 3692 et
2626 3635 2862 3708 Spiritus
2897 3637 3100 3696 Christi
3136 3656 3280 3698 unus

1699 3728 1862 3786 atque
1893 3719 2037 3775 idem
2082 3723 2217 3779 mihi
2253 3725 2492 3795 Spiritus
2536 3727 2642 3782 dici
2686 3729 2923 3785 videtur.
2980 3729 3280 3790 Possumus

1701 3818 1876 3864 tamen
1911 3823 1965 3867 et
2005 3815 2108 3870 hoc
2139 3818 2298 3874 modo
2321 3819 2624 3892 intelligere
2654 3822 2798 3892 quod
2823 3822 2982 3889 dixit,
3013 3839 3034 3874 ι
3068 3823 3125 3876 Si
3152 3825 3278 3892 quis

1697 3913 1875 3956 autem
1897 3905 2158 3974 Spiritum
2183 3909 2388 3967 Christi
2411 3929 2517 3970 non
2541 3915 2726 3979 habet,
2753 3913 2841 3970 hic
2864 3931 2970 3970 non
2997 3924 3080 3969 est
3098 3913 3217 3982 ejus
3247 3933 3268 3968 ι

1696 3995 1846 4062 (quia
1875 4007 1931 4050 et
1961 4013 2152 4054 revera
2180 4002 2415 4072 abrupte
2443 4004 3130 4077 pronuntiatumvidetur),
3186 4015 3272 4070 ut,

1693 4085 1740 4140 si
1766 4087 1890 4154 quis
1918 4104 2024 4144 non
2055 4101 2242 4150 tantus
2286 4105 2342 4151 et
2374 4096 2498 4153 talis
2526 4111 2649 4156 esse
2689 4100 2949 4156 meruerit
2973 4100 3062 4168 qui
3095 4097 3274 4169 Spirio

1694 4187 1806 4233 tum
1837 4182 2038 4238 Christi
2062 4185 2269 4244 habere
2295 4189 2490 4260 dignus
2511 4191 2610 4256 sit,
2631 4191 2891 4248 continuo
2915 4191 3120 4247 Christi
3149 4205 3274 4248 esse

1693 4271 2015 4343 denegetur,
2067 4291 2195 4332 cum
2256 4279 2312 4334 in
2376 4279 2606 4338 Psalmis
2660 4283 2852 4338 dicat:
2895 4301 2914 4335 ι
2962 4281 3094 4337 Mea:
3141 4291 3273 4337 sunt

1693 4374 1885 4416 omnes
1905 4366 2034 4419 ferae
2058 4366 2344 4434 silvarum,
2374 4369 2625 4438 jumenta
2657 4373 2712 4428 in
2754 4371 3052 4433 montibus.
3082 4381 3140 4427 et
3169 4373 3271 4426 ho-

1694 4466 1792 4507 ves
1811 4453 1881 4505 “.
1918 4473 1938 4507 ι
1966 4455 2032 4510 Et
2052 4459 2096 4513 si
2125 4457 2253 4516 ferae
2277 4471 2336 4516 et
2369 4463 2613 4531 jumenta
2640 4465 2760 4535 ejus
2799 4478 2951 4530 sunt,
2996 4466 3273 4535 quomodo

21 4553 336 4617 probaverit.
368 4555 414 4610 si
452 4567 632 4610 tamen
669 4552 987 4624 probaverit
1019 4551 1120 4622 (l),
1159 4551 1265 4604 hoc
1294 4556 1580 4618 sequatur.
1615 4547 1662 4602 ι)
1691 4543 1940 4606 homines
1963 4564 2069 4604 non
2093 4561 2222 4608 sunt
2249 4551 2401 4623 ejus?
2428 4555 2535 4612 Sed
2571 4566 2770 4627 potest,
2805 4568 2863 4612 ut
2889 4557 3028 4622 dixi,
3065 4557 3167 4612 hoc
3192 4558 3272 4611 sic

79 4646 168 4702 15.
223 4664 240 4698 ι
276 4646 330 4702 Si
359 4650 485 4717 quis
514 4657 694 4701 autem
714 4645 980 4716 Spiritutn
1011 4643 1214 4699 Christi
1249 4657 1357 4696 non
1395 4639 1583 4702 habet,

1693 4637 1942 4710 intelligi,
1986 4653 2046 4697 ut
2092 4645 2223 4702 illud
2271 4650 2322 4703 in
2368 4649 2671 4723 Evangelio
2705 4669 2718 4705 :
2757 4671 2777 4706 ι
2827 4652 2930 4721 Qui
2980 4667 3086 4708 non
3131 4652 3270 4708 tollit

75 4810 116 4840 "
163 4808 339 4864 Galat.
370 4826 457 4875 ιιι,
513 4809 603 4862 is.
681 4808 726 4839 ¹⁸
756 4807 953 4877 Ephes.
987 4824 1034 4864 ι,
1071 4807 1126 4860 '5.
1202 4805 1246 4836 "
1292 4798 1682 4878 ἣρω-,ινξειηθ
1719 4815 1836 4868 δι’σιι
1873 4805 1958 4878 -ξθ
1995 4805 2037 4860 Il
2070 4807 2197 4865 Cor.
2227 4825 2280 4878 I,
2328 4811 2384 4866 6.
2459 4813 2502 4844 “
2539 4813 2700 4868 llom.
2729 4827 2859 4877 vut,
2899 4811 2956 4870 9.
3029 4811 3076 4841 “
3103 4808 3264 4867 Joan.

23 4894 94 4941 tv,
122 4878 230 4945 ‘26;
264 4896 374 4946 xvi,
407 4866 497 4935 η.
575 4879 620 4912 ⁸³
651 4866 817 4934 ,Ιοειιιῖ
840 4893 976 4944 xvn,
1003 4878 1100 4943 10;
1131 4889 1242 4938 ιιι,
1285 4871 1372 4924 15.
1445 4868 1492 4900 ⁸⁸
1519 4867 1557 4921 P

1764 4866 1836 4934 ιιι,
1864 4873 1950 4927 10.

74 5043 189 5106 (95)
221 5043 354 5108 Quia
381 5043 483 5096 illi.
531 5043 655 5097 Haec
697 5041 857 5095 verba
896 5042 1090 5095 desunt
1127 5040 1178 5093 in
1208 5038 1360 5094 libris
1398 5037 1577 5093 editis.

77 5113 194 5181 1.96)
225 5111 308 5167 Vel
334 5130 453 5183 qua:
475 5113 758 5182 spiritalis.
790 5110 916 5166 llzec
932 5111 1314 5166 desiderantur
1334 5110 1388 5163 in
1418 5116 1576 5163 antea

24 5183 338 5258 ειιξείξνςιῑη
372 5183 939 5258 pluribustnss.
1031 5248 1044 5258 _
1119 5249 1129 5258 ,
1207 5249 1220 5258 ,
1426 5246 1438 5258 .

75 5252 191 5320 (95)
221 5251 314 5309 Ms.
345 5243 514 5314 u'nus.
546 5271 565 5305 ‹
603 5248 1184 5322 impossibilitaslegis,
1207 5249 1260 5301 in
1293 5261 1401 5322 quo
1426 5243 1578 5322 inﬁr-

29 5316 250 5377 nabatur
274 5339 369 5390 per
400 5337 630 5377 carnem
653 5316 766 5386 {de
793 5321 907 5390 lege
933 5316 1300 5374 membrorum
1325 5316 1573 5386 intelligi,

25 5408 172 5458 luam
195 5409 350 5462 supra
383 5393 652 5462 diximus,
685 5411 704 5444 ι
739 5402 849 5447 etc.

75 5462 188 5528 (96)
221 5456 319 5518 Lis.
346 5480 512 5525 unus,
544 5482 562 5514 ι
607 5461 780 5517 Tanta
809 5461 953 5512 enim
975 5459 1130 5515 nobis
1163 5456 1513 5523 remissione;
1547 5476 1566 5509 ι

25 5523 210 5587 diog.
239 5535 410 5588 Tanta
433 5523 582 5587 enim
616 5532 1066 5600 repromissione.
1106 5549 1124 5600 ι

74 5602 360 5672 t97)Editi,
393 5622 411 5654 σ
441 5596 747 5659 delectatur
775 5602 912 5672 legi;
948 5596 1250 5663 ial.,cleg.i

73 5671 189 5736 (98)
217 5673 326 5727 Hoc
357 5684 461 5736 est,
495 5689 604 5726 non
642 5671 932 5727 secundum
972 5685 1186 5727 carnem
1215 5671 1407 5727 vivitis.
1445 5671 1574 5730 llaec

26 5759 56 5791 ιι
93 5743 247 5796 editis
266 5746 618 5797 omittuntur.

75 5813 184 5884 (99)
208 5816 364 5873 Deest
394 5839 413 5868 ι
452 5816 558 5870 hoc
593 5834 610 5865 ι
644 5815 698 5869 in
728 5814 906 5870 editis.

277 5959 550 6019 Panos.
590 5954 710 6017 Gtt.
750 5955 918 6016 XIV.

1760 5032 1839 5097 (1)
1861 5031 1924 5088 Si
1947 5044 2120 5088 tamen
2135 5035 2447 5102 probaverit.
2465 5033 2591 5090 Haec
2601 5031 2982 5090 desiderantur
2993 5031 3050 5087 in
3073 5033 3259 5092 editis.

1759 5103 1837 5171 (‘2)
1891 5102 2247 5163 Vita.A|ias.c
2277 5103 2429 5158 vivit.
2458 5124 2476 5155 ι

1755 5175 1835 5244 (5)
1876 5174 2038 5229 Deest
2079 5193 2099 5227 ς
2139 5191 2279 5231 nunc
2313 5194 2332 5226 ι
2361 5191 2412 5229 ιιι
2440 5173 2620 5228 editis.

1756 5239 1833 5317 (4)
1868 5245 2031 5317 Editi,
2072 5257 2092 5292 ι
2123 5247 2426 5317 sententiae,
2465 5262 2486 5296 ι
2519 5243 2736 5317 deinde,
2767 5261 2786 5294 σ
2823 5251 2876 5297 et
2903 5239 3028 5295 ideo
3054 5257 3260 5317 propo-

1682 5314 1773 5385 siti
1797 5313 1969 5385 magis
1998 5314 2242 5382 Apostoli
2266 5328 2485 5369 sensum
2514 5315 2788 5368 discutere
2815 5313 3257 5384 praperabimus.

1681 5382 1741 5438 In
1770 5382 2166 5454 postérioribus
2199 5385 2288 5438 ubi
2321 5385 2477 5448 dixit,
2515 5401 2534 5434 ι
2570 5395 2676 5438 etc.

1754 5453 1832 5526 ('5)
1855 5455 2028 5526 Alias,
2057 5471 2076 5504 ι
2107 5453 2326 5526 quidem
2352 5456 2409 5526 in
2435 5455 2668 5524 Spiritu.
2697 5469 2722 5504 δ

1752 5525 1832 5593 (6)
1861 5525 2024 5588 Editi,
2065 5543 2085 5574 ι
2125 5539 2190 5578 ac
2220 5525 2501 5593 Spiritum.
2539 5543 2558 5576 ι

1753 5597 1832 5669 (7)
1858 5595 2023 5669 [Editi,
2059 5611 2079 5645 ι
2120 5594 2530 5669 cgnsequentia.
2566 5613 2585 5644 ι

1757 5662 1836 5740 (8)
1875 5665 2040 5740 Editi,
2077 5682 2097 5715 ι
2143 5662 2318 5717 Ριιιθι·’
2345 5665 2528 5740 quinia
2576 5675 2665 5740 tua
2711 5681 2828 5740 mea
2878 5674 3111 5740 sunt._et_
3139 5682 3260 5722 men

1683 5735 1776 5794 tua
1801 5735 2008 5798 omnia,
2035 5743 2322 5804 proiiterea
2352 5735 2493 5788 dixit
2512 5737 2656 5802 quod
2689 5738 2758 5790 de
2786 5753 2908 5792 meo
2938 5736 3190 5803 accipiet.
3235 5756 3253 5788 ι

1759 5816 1836 5884 (9)
1867 5813 2030 5875 Editi,
2063 5831 2081 5863 ς
2118 5813 2266 5884 hanc
2307 5811 2470 5867 audio
2511 5813 2737 5869 unitatis
2765 5811 2907 5867 inter
2944 5810 3162 5867 Patrem
3199 5819 3258 5865 et

1687 5883 1880 5939 Filium
1910 5883 2314 5953 aspirationem.
2357 5902 2374 5933 ι
2844 5953 2915 6012 3”

2885 5977 2915 6012 ξ]

2885 5977 2921 6015 ἆ)
