3766 6548
43 427 180 484 HM

1001 424 1361 485 COMMENT.
1403 426 1471 482 IN
1506 425 1727 484 EPIST.
1773 431 1866 486 AD
1900 431 2070 489 ROM.
2105 434 2235 494 LIB.
2273 438 2362 496 Vl.

3156 450 3298 510 “02

39 544 171 599 lium
211 544 453 617 repletur
476 543 680 615 Spiritu
708 554 899 602 sancto
938 545 1053 618 ipse
1089 546 1399 610 Cornelius,
1443 556 1500 603 et
1528 549 1618 618 qui
1649 555 1691 609 Α
1723 553 1912 608 carnis
1943 554 2228 616 desideriis
2277 559 2579 631 indulgere.
2614 560 2673 617 ln
2724 564 2829 621 hoc
2856 581 2987 635 ergo
3014 579 3174 640 negat
3200 589 3300 631 nos

38 654 157 693 cum
195 655 263 696 eo
284 650 439 697 erant
467 642 533 696 ³⁸.
560 641 716 698 Unde
744 651 797 697 et
830 651 885 696 tu
910 641 954 697 si
984 640 1227 712 loquaris
1256 642 1370 714 (22)
1395 645 1619 701 verbum

1727 658 1849 700 esse
1876 647 2055 702 carnis
2080 648 2373 716 debitores,
2400 652 2539 706 sicut
2566 662 2621 707 et
2645 653 2770 709 alibi
2799 654 2930 710 dicit
2962 674 2975 710 :
3017 676 3036 709 α
3077 658 3144 713 Ει
3172 675 3297 716 car-

41 732 151 797 Dei,
193 744 249 788 et
284 734 525 805 loquaris
569 735 802 793 fideliter
830 751 897 792 ex
927 739 1259 794 conscientia
1307 754 1469 810 pura,
1517 752 1623 797 nec
1726 734 1814 789 nis
1845 751 2028 791 curam
2059 753 2129 792 ne
2162 738 2400 794 feceritis
2438 741 2490 795 in
2523 744 2976 813 concupiscentiis
3010 747 3054 779 "
3086 750 3240 822 (28):
3275 769 3295 804 ι

38 825 149 892 ipse
185 828 543 897 redarguaris
572 844 639 883 ex
670 828 985 886 verbis‘tuis
1012 833 1167 901 quasi
1198 830 1290 903 qui
1336 832 1495 888 aliter
1521 835 1619 889 do-

34 932 161 973 ceas
188 927 247 974 et
278 919 439 975 aliter
467 936 618 991 agas,
652 929 832 991 potest
866 922 983 978 ﬁeri
1016 932 1073 978 ut
1100 924 1357 995 loquente
1385 935 1437 983 te
1462 928 1616 981 audi-

36 1020 207 1068 torum
234 1014 403 1069 corda
431 1015 608 1070 sancti
633 1015 870 1084 Spiritus
902 1015 1041 1087 ignis
1066 1016 1383 1086 inﬂammet,
1414 1030 1471 1076 et
1494 1036 1621 1078 con-

38 1106 180 1160 tinuo
208 1107 600 1164 concalescant
644 1109 758 1177 (23)
810 1117 865 1163 et
892 1110 1121 1165 ardeant
1170 1112 1239 1167 ad
1291 1113 1611 1183 complenda

34 1200 286 1255 universa
320 1216 440 1270 quas
468 1204 657 1267 doces,
686 1212 746 1257 ut
776 1204 939 1259 rebus
966 1205 1227 1273 impleant
1251 1219 1373 1275 quae
1399 1222 1615 1262 sermo-

34 1291 183 1346 nibus
215 1292 527 1357 didicerint,
559 1303 615 1349 et
649 1314 668 1347 ε
705 1309 826 1363 quae
856 1311 1072 1351 sursum
1114 1306 1245 1353 sunt
1284 1316 1303 1350 ι
1336 1307 1611 1367 quaerant,

37 1404 53 1433 ι
82 1383 168 1437 nhi
198 1384 456 1441 Christus
477 1394 561 1441 est
588 1387 639 1440 in
667 1386 890 1442 dextera
922 1385 1016 1441 Dei
1061 1388 1259 1446 sedens
1286 1404 1302 1443 :
1344 1405 1467 1462 quae
1489 1406 1613 1446 sur-

34 1490 138 1528 sum
192 1486 331 1531 sunt
368 1496 388 1531 ι
434 1477 670 1547 sapiant,
700 1498 718 1531 ι
754 1494 859 1534 non
887 1494 1008 1549 qua:
1043 1494 1206 1551 super
1246 1490 1448 1537 terram
1478 1483 1545 1536 ³⁸.
1587 1502 1607 1536 s

34 1569 128 1625 Sed
152 1581 208 1626 et
241 1574 327 1627 sic
363 1576 733 1647 unusquisque
762 1574 967 1633 habere
995 1579 1047 1634 in
1078 1593 1139 1635 se
1191 1579 1458 1650 probatur
1486 1580 1612 1652 Spi-

34 1664 181 1718 ritum
212 1666 442 1723 Christi.
490 1667 741 1725 Christus
784 1671 1053 1741 sapientia
1094 1681 1179 1727 est
1222 1689 1239 1727 :
1272 1673 1319 1729 si
1374 1675 1445 1729 sit
1485 1675 1611 1744 quis

33 1755 244 1824 sapiens
272 1760 568 1814 secundum
615 1758 927 1827 Christum,
967 1768 1023 1817 et
1067 1777 1187 1832 quae
1234 1764 1439 1820 Christi
1479 1774 1609 1821 sunt

33 1849 217 1917 sapiat,
252 1849 419 1905 habet
446 1852 499 1906 in
532 1868 708 1924 seper
727 1855 1050 1925 sapientiam
1082 1856 1348 1927 Spiritum
1376 1857 1602 1914 Christi.

33 1939 504 2008 Christusjustitia
540 1953 622 1998 est
653 1962 667 1999 :
715 1945 760 2000 si
796 1946 920 2015 quis
947 1946 1143 2001 haheat
1175 1948 1227 2002 in
1254 1964 1312 2003 se
1336 1948 1604 2019 justitiam

33 2031 241 2095 Christi,
301 2051 397 2104 per
440 2036 703 2106 justitiam
741 2040 906 2093 habet
939 2040 1054 2109 (Ἡ)
1106 2042 1159 2096 in
1217 2059 1279 2098 se
1336 2042 1604 2115 Spiritum

33 2125 245 2181 Christi.
280 2126 529 2183 Christus
563 2145 661 2197 pax
690 2140 775 2184 est
804 2148 819 2185 :
856 2132 900 2186 si
931 2132 1055 2203 quis
1097 2134 1297 2189 haheat
1342 2136 1395 2191 in
1424 2151 1485 2192 se
1512 2153 1605 2207 pa-

33 2234 133 2271 cem
164 2219 401 2283 Christi,
434 2237 532 2291 per
578 2222 837 2291 Spiritum
872 2226 1021 2293 pacis
1048 2226 1213 2282 habet
1254 2229 1306 2282 in
1340 2243 1400 2284 se
1428 2229 1606 2300 Spiri-

35 2321 132 2362 tum
171 2308 411 2366 Christi.
440 2311 530 2367 Sic
561 2324 613 2367 et
646 2315 996 2382 charitatem,
1024 2317 1104 2371 sic
1128 2329 1183 2372 et
1209 2318 1606 2376 sanctiﬁcatio-

34 2413 161 2464 nem,
192 2400 283 2455 sic
315 2410 365 2455 et
394 2402 608 2472 singula
644 2418 891 2473 quaeque,
930 2422 1053 2475 qua:
1085 2406 1338 2464 Christus
1367 2424 1486 2466 esse
1523 2413 1604 2466 di-

33 2493 159 2547 titur
183 2494 286 2564 qui
318 2495 496 2555 habet.
543 2497 633 2552 hic
662 2497 925 2568 Spiritum
952 2498 1157 2555 Christi
1190 2502 1304 2574 (25)
1332 2503 1386 2558 in
1420 2520 1479 2561 se
1507 2506 1606 2561 ha-

34 2582 142 2636 here
168 2584 486 2639 credendus
512 2595 613 2647 est,
639 2595 695 2639 et
723 2600 947 2656 sperare
979 2589 1122 2656 quod
1155 2592 1381 2647 mortale
1404 2609 1605 2664 corpus

33 2688 169 2729 suum
203 2675 583 2731 Viviﬁcabitur
607 2687 829 2747 propter
877 2677 1268 2736 inhabitantetn
1300 2681 1353 2737 in
1391 2697 1451 2739 se
1477 2684 1603 2753 Spi-

33 2768 180 2822 ritum
208 2768 441 2823 Christi.

89 2860 172 2914 ll.
211 2879 233 2911 ‹
274 2861 437 2929 Ergo,
491 2860 711 2926 fratres,
763 2860 1038 2918 debitores
1086 2878 1295 2933 sumus,
1325 2882 1431 2922 non
1479 2883 1601 2922 car-

33 2954 118 3018 nis,
152 2963 215 3008 ut
239 2956 545 3009 secundum
580 2969 800 3010 carnem
828 2957 1096 3011 vivnmus.
1133 2958 1191 3013 Si
1228 2960 1373 3014 enim
1400 2976 1600 3016 secun-

33 3047 136 3097 dum
167 3060 400 3100 carnem
431 3046 702 3109 vixeritis,
737 3048 1045 3103 moriemini
1075 3064 1090 3113 ;
1125 3049 1171 3105 si
1200 3059 1381 3106 autem
1408 3050 1599 3121 spiritu

33 3147 162 3193 nctus
191 3138 384 3193 carnis
408 3137 521 3209 (36)
562 3138 921 3206 mortiﬁcctis,
950 3140 1147 3194 vivetis
1183 3141 1248 3194 ".
1288 3162 1307 3194 ι
1336 3142 1597 3212 Spiritum

33 3229 211 3283 Christi
249 3229 503 3283 habitare
550 3229 601 3282 in
650 3230 826 3295 nobis,
877 3239 934 3284 et
967 3231 1108 3285 dona
1144 3230 1387 3301 Spiritus
1441 3233 1598 3289 nobis

33 3321 231 3388 collata,
270 3320 529 3391 superius
571 3321 773 3376 docuit.
818 3320 1235 3393 Consequenter
1285 3338 1416 3392 ergo
1451 3339 1596 3379 nunc

33 3414 154 3468 addit
180 3413 317 3485 quia
349 3431 368 3465 t
410 3413 684 3469 debitores
727 3428 938 3479 sumus,
978 3431 998 3465 ι
1035 3428 1224 3469 eorum
1276 3414 1399 3471 sine
1432 3414 1596 3471 dubio

34 3519 129 3573 rpite
153 3521 184 3560 a
207 3503 425 3575 Spiritu
474 3504 678 3561 Christi
729 3508 1006 3561 consecuti
1037 3520 1248 3562 sumus.
1279 3525 1300 3559 ε
1334 3504 1532 3562 Carnis
1569 3526 1589 3559 ι

33 3604 213 3662 autem,
251 3596 453 3665 inquit,
489 3614 509 3647 ε
545 3595 823 3652 debitores
849 3611 953 3652 non
990 3612 1201 3653 sumus.
1251 3616 1271 3650 ι
1301 3597 1420 3654 Νοη
1447 3599 1593 3654 enim

33 3695 303 3757 propterea
359 3703 457 3743 nos
503 3688 633 3743 fecit
682 3688 823 3745 Deus
862 3690 929 3744 ad
984 3689 1276 3759 imaginem
1315 3704 1494 3759 suam,
1535 3698 1594 3744 ut

33 3780 190 3835 carnis
217 3779 451 3835 servitio
482 3796 728 3836 essemus
750 3781 991 3845 obnoxii,
1030 3783 1124 3836 sed
1155 3782 1335 3852 potius
1359 3791 1417 3837 ut
1439 3798 1595 3839 crea-

33 3874 115 3926 tori
150 3888 254 3927 suo
279 3874 463 3929 anima
497 3872 830 3938 deserviens,
853 3875 964 3940 ipsa
979 3874 1204 3930 servitio
1232 3889 1298 3930 ac
1337 3875 1592 3934 ministe-

33 3965 97 4020 rio
134 3967 325 4020 carnis
377 3976 639 4020 uteretur.
698 3964 805 4022 Sed
862 3968 1093 4022 fortasse
1140 3967 1290 4023 dicat
1336 3970 1589 4041 aliquis:

33 4055 296 4120 Quomodo
325 4058 509 4112 carnis
558 4074 665 4114 non
718 4074 906 4112 sumus
932 4058 1224 4127 debitores,
1250 4076 1376 4116 cum
1405 4074 1461 4119 et
1511 4065 1593 4120 vi-

33 4158 153 4204 ctum
195 4150 249 4205 ei
298 4158 355 4206 et
388 4150 764 4207 indumentum
791 4151 1077 4222 providere
1108 4163 1315 4209 natura:
1345 4157 1591 4211 necessi-

33 4251 123 4296 tate
147 4242 453 4311 cogantur?
503 4242 609 4299 Sed
664 4252 722 4298 ut
769 4244 1154 4299 ostendatnou
1198 4246 1347 4298 carni
1378 4245 1585 4315 aliquid

33 4334 283 4400 ronierre,
335 4335 427 4389 sed
464 4334 636 4404 ipsam
669 4334 833 4388 vitam
862 4334 1016 4389 carni
1064 4335 1378 4405 mancipare
1403 4336 1590 4407 culpa—

34 4428 117 4482 hile
137 4428 354 4495 haberi,
377 4429 499 4484 ideo
520 4428 668 4483 addit
694 4444 707 4480 :
741 4445 762 4479 ι
793 4426 849 4481 Si
872 4427 1019 4482 ettim
1041 4427 1339 4482 secundum
1366 4443 1587 4485 carnem

33 4522 280 4588 vixeritis,
316 4520 644 4576 moriemini.
677 4539 697 4573 ι
732 4518 874 4586 Quid
918 4528 1103 4573 autem
1149 4519 1223 4575 sit
1247 4519 1362 4589 (27)
1391 4536 1588 4578 secun-

1724 844 1828 883 non
1861 830 2047 899 utique
2075 846 2280 902 negans
2314 847 2504 889 curam
2553 836 2738 892 carnis
2784 836 3087 896 habendam
3117 845 3171 898 iu
3204 862 3300 901 ne-

1720 922 2004 986 cessariis,
2054 922 2148 977 sed
2201 923 2256 977 in
2303 926 2782 995 concupiscentiis.
2811 927 2888 985 Ita
2930 945 3061 1003 ergo
3097 944 3153 991 et
3184 935 3296 1004 hic,

1726 1035 1746 1068 t
1809 1013 1867 1070 Si
1913 1014 2083 1081 enim,
2144 1016 2341 1087 inquit,
2403 1021 2701 1076 secundum
2756 1038 2977 1080 carnem
3025 1027 3298 1097 vixeritis,

1718 1106 2050 1164 moriemini.
2092 1127 2111 1163 ι
2143 1108 2211 1165 Et
2256 1109 2447 1167 addit:
2486 1131 2506 1163 ι
2548 1112 2604 1168 Si
2653 1124 2833 1171 autem
2889 1119 3087 1188 spiritu
3138 1131 3295 1178 actus

1717 1203 1900 1259 carnis
1933 1201 2418 1269 mortiﬁcaveritis,
2477 1206 2673 1261 vivetis
2715 1206 2853 1281 (29).
2897 1229 2918 1262 ι
2960 1212 3025 1267 Ει
3074 1214 3141 1273 de
3191 1214 3298 1271 hoc

1711 1295 1823 1363 iam
1855 1311 2018 1367 supra
2051 1297 2256 1351 dictum
2305 1306 2391 1351 est
2419 1297 2486 1363 ",
2518 1300 2791 1368 quomodo
2823 1317 3024 1372 corpus
3073 1306 3293 1376 quidem

1716 1395 1992 1442 mortuum
2030 1402 2153 1443 esse
2177 1388 2370 1442 debeat
2397 1400 2620 1459 propter
2651 1403 2895 1460 peccata,
2917 1395 3144 1466 spiritus
3164 1413 3295 1455 vero

1714 1479 1825 1533 vita
1852 1488 2079 1549 propter
2119 1479 2590 1550 justiﬁcationem.
2653 1481 2758 1550 Qui
2809 1500 2943 1556 ergo
2986 1489 3292 1544 secundum

1714 1570 1966 1641 spiritum
1996 1586 2162 1640 agens
2184 1572 2479 1628 mortiﬁcat
2502 1586 2658 1629 actus
2679 1579 2882 1644 carnis,
2907 1579 3052 1634 vivet
3073 1593 3296 1652 propter

1714 1662 2114 1718 inltabitantem
2142 1664 2197 1720 in
2225 1680 2287 1720 se
2311 1666 2565 1734 spiritum
2590 1669 2738 1723 vitae.
2784 1667 3075 1726 Mortificat
3108 1682 3291 1729 autem

1712 1755 1834 1825 quis
1867 1766 2019 1811 actus
2052 1756 2233 1813 carnis
2260 1757 2365 1813 hoc
2416 1759 2601 1815 modo.
2636 1760 2867 1818 Fructus
2925 1772 3009 1819 est
3055 1764 3295 1836 Spiritus

1714 1847 1954 1902 charitas
1976 1847 2045 1914 δ’,
2078 1850 2262 1905 odium
2316 1850 2501 1905 carnis
2552 1862 2639 1907 cst
2683 1861 2885 1907 actus:
2922 1857 3108 1913 odium
3161 1874 3295 1930 ergo

1639 1916 1683 1972 Β
1715 1953 1810 2007 per
1839 1937 2165 1993 charitatem
2217 1942 2578 1999 mortiﬁcatur
2608 1953 2677 1999 et'
2719 1948 3104 2019 exstinguitur.
3145 1916 3292 2007 Gau-

1714 2030 1864 2084 dium
1895 2031 2149 2084 similiter
2200 2030 2407 2087 fructus
2452 2045 2540 2090 est
2590 2037 2851 2106 spiritus,
2908 2041 3131 2097 tristitia
3160 2059 3292 2100 vero

1713 2120 1875 2191 hujus
1898 2123 2110 2188 saeculi,
2156 2138 2277 2193 quae
2327 2134 2558 2182 mortem
2607 2139 2869 2199 operatur
2891 2130 2962 2197 ⁸⁸,
2989 2136 3176 2190 carnis
3207 2149 3292 2191 est

1710 2225 1912 2268 actus:
1940 2213 2056 2269 haec
2102 2229 2231 2284 ergo
2257 2217 2640 2285 exstinguitur,
2688 2220 2734 2274 si
2768 2221 2843 2277 sit
2878 2222 2931 2276 in
2963 2225 3121 2280 nobis
3157 2242 3293 2294 gau-

1708 2304 1855 2360 dium
1890 2308 2136 2376 Spiritus.
2178 2307 2291 2364 Pax
2337 2309 2545 2365 fructus
2605 2318 2691 2365 est
2719 2311 2978 2381 spiritus;
3018 2315 3289 2373 dissensio

1707 2406 1763 2450 et
1784 2395 2060 2453 discordia
2091 2400 2279 2454 carnis
2326 2410 2409 2455 est
2457 2410 2608 2456 actus
2638 2422 2650 2458 ;
2689 2404 2782 2457 sed
2818 2416 3025 2460 certum
3058 2418 3142 2463 est
3188 2410 3293 2464 dis-

1708 2488 1950 2542 cordiam
1980 2489 2301 2545 mortiﬁcari
2326 2504 2487 2559 posse
2512 2506 2608 2561 per
2630 2508 2841 2561 pacem.
2867 2494 2961 2553 Sic
2989 2507 3043 2552 et
3074 2500 3289 2569 patien-

1715 2579 1788 2632 tia
1825 2579 2076 2649 spiritus,
2112 2581 2506 2649 impatientiam
2570 2585 2753 2640 caruis
2802 2585 2916 2658 (30)
2967 2592 3286 2663 exstinguit,

1705 2680 1763 2723 et
1793 2670 2015 2726 bonitas
2072 2662 2339 2727 malitiam
2394 2675 2631 2743 perimit,
2685 2686 2740 2731 et
2790 2662 3169 2738 mansuetudo
3209 2684 3287 2739 fe-

1710 2762 1960 2826 rociam,
2026 2772 2079 2818 et
2143 2766 2484 2821 continentia
2543 2767 3018 2838 intemperantiam
3071 2773 3283 2846 (3|),

1704 2854 1865 2926 593
1892 2864 1946 2909 et
1975 2856 2198 2911 castitas
2219 2858 2612 2926 impudicitiam
2638 2867 2819 2925 necat,
2854 2862 3056 2931 talique
3077 2865 3271 2921 ordine

1703 2951 1794 3016 qui
1826 2962 1926 3018 per
1957 2948 2213 3020 spiritum
2258 2956 2414 3005 actus
2448 2950 2631 3005 carnis
2676 2953 3088 3010 mortiﬁcaverit
3139 2956 3280 3030 (52).

1704 3041 1872 3096 vivet.
1905 3039 2229 3095 Intuendum
2260 3054 2393 3097 sane
2424 3050 2528 3107 est,
2555 3042 2700 3113 quod
2740 3044 2882 3100 sicut
2909 3059 3141 3103 mortem
3175 3066 3280 3104 non

1705 3135 1862 3187 istam
1888 3148 2256 3201 communem,
2282 3134 2377 3190 sed
2413 3135 2559 3189 illam
2583 3137 2785 3204 peccati
2817 3136 2973 3205 dicit,
3002 3158 3023 3194 ι
3049 3140 3107 3197 Si
3135 3143 3282 3198 enim

1627 3262 1670 3321 ο
1706 3223 2005 3278 secundum
2052 3238 2275 3280 carnem
2339 3224 2613 3292 vixeritis,
2665 3227 2994 3293 moriemini,
3022 3248 3043 3283 ι
3104 3232 3179 3286 ita
3226 3241 3286 3288 et

1706 3316 1871 3371 vitam
1905 3330 2012 3371 non
2052 3317 2192 3371 hanc
2233 3331 2605 3382 communem,
2636 3318 2732 3372 sed
2763 3318 2911 3375 illam
2954 3321 3087 3376 dicit
3120 3332 3283 3377 aeter-

1706 3422 1828 3461 nam
1850 3446 1869 3474 ,
1896 3408 1963 3463 ad
1994 3423 2159 3478 quam
2208 3411 2493 3478 perveniet
2535 3414 2717 3467 omnis
2746 3412 2840 3482 qui
2867 3415 3164 3469 secundum
3212 3429 3282 3472 ea

1704 3516 1825 3572 quae
1846 3516 2011 3572 supra
2039 3503 2416 3572 esposuimus,
2452 3502 2727 3574 perlectus
2748 3505 2943 3575 spiritu
2977 3508 3281 3563 mortiﬁca-

1704 3594 1844 3649 verit
1879 3592 1992 3665 (33)
2024 3606 2179 3649 actus
2208 3595 2414 3650 carnis.
2442 3580 2548 3651 Sed
2570 3605 2625 3651 et
2652 3596 2956 3654 illud‘scire
2994 3598 3281 3667 debemus,

1700 3684 1845 3755 quod
1897 3686 1999 3740 ista
2054 3685 2404 3742 mortiﬁcatio
2459 3698 2676 3742 actuum
2704 3689 2889 3745 carnis
2924 3705 3020 3759 per
3066 3692 3282 3761 patien-

1703 3777 1832 3830 tiam
1867 3775 1986 3840 llat,
2014 3784 2071 3831 et
2099 3790 2208 3831 non
2234 3776 2302 3832 ad
2330 3777 2597 3845 subitum,
2640 3780 2733 3833 sed
2771 3780 3054 3849 paulatim.
3098 3780 3280 3837 Primo

1700 3866 2055 3936 languescere
2074 3880 2167 3922 eos
2189 3882 2414 3924 necesse
2445 3878 2531 3925 est
2557 3869 2610 3924 in
2630 3869 2715 3925 his
2735 3870 2832 3941 qui
2852 3870 3118 3941 incipiunt
3136 3872 3273 3942 ('54);

1704 3968 1817 4013 tum
1852 3959 2045 4013 deinde
2086 3974 2211 4015 cum
2271 3961 2556 4017 ardentius
2590 3960 2859 4029 prolicere
2895 3963 3190 4032 cmperint,
3221 3974 3278 4019 et

1700 4050 2096 4105 ahundantiore
2125 4052 2322 4120 spiritu
2359 4052 2598 4121 repleri,
2632 4063 2789 4110 actus
2822 4055 3007 4109 carnis
3035 4069 3141 4110 non
3178 4071 3275 4111 so-

1699 4141 1813 4197 lum
1847 4143 2220 4213 languescere,
2272 4145 2368 4201 sed
2410 4155 2464 4200 et
2493 4146 2774 4202 tabescere
2836 4146 3099 4216 incipient
3134 4161 3152 4202 :
3182 4150 3273 4205 ubi

1698 4248 1832 4291 vero
1859 4234 1926 4289 ad
1950 4236 2258 4305 perrectum
2287 4235 2399 4305 jam
2436 4238 2710 4305 venerint,
2740 4238 2815 4293 ita
2840 4247 2898 4292 ut
2927 4238 3072 4294 nulla
3110 4241 3162 4295 in
3194 4244 3275 4298 eis

1697 4340 1921 4397 prorsus
1950 4326 2034 4381 vel
2064 4328 2117 4382 in
2157 4329 2328 4393 facto,
2367 4328 2454 4384 vel
2510 4331 2561 4385 in
2594 4331 2759 4396 dicto,
2796 4331 2880 4388 vel
2929 4332 2984 4387 in
3034 4336 3272 4404 cogitatu

1697 4418 1909 4486 peccati
1949 4419 2199 4474 oriantur
2243 4419 2465 4487 indicia,
2521 4429 2654 4475 tunc
2682 4422 2843 4491 plane
2878 4432 3034 4481 actus
3086 4427 3273 4481 carnis

1698 4505 1811 4579 (55)
1850 4510 2228 4578 mortiﬁcasse,
2268 4519 2325 4568 et
2360 4513 2430 4566 ad
2466 4514 2736 4584 integrum
2771 4518 2934 4573 morti
2975 4519 3272 4574 tradidisse

33 4612 132 4666 dum
163 4627 390 4668 carnem
440 4610 629 4667 vivere
657 4624 800 4680 saepe
822 4609 933 4681 jam
961 4610 1169 4666 dictum
1217 4619 1323 4669 est.
1366 4612 1479 4670 Hoc
1502 4627 1588 4672 est
1618 4622 1664 4677 D
1696 4604 1950 4660 credendi
1978 4614 2128 4659 ευιιιο

86 4778 124 4809 ³⁸
150 4779 275 4833 Act.
308 4792 360 4841 κ,
394 4776 487 4831 44.
564 4776 609 4808 ³⁸
637 4775 843 4831 Coloss.
876 4791 961 4842 tu,
993 4776 1044 4842 Ι,
1072 4774 1130 4830 2.
1202 4777 1245 4809 ³⁷
1271 4775 1431 4835 Rom.
1454 4794 1574 4847 vni,

1742 4778 1809 4832 ὤ.
1887 4776 1932 4808 ³⁸
1948 4773 2108 4829 Rom.
2131 4787 2253 4838 xm,
2287 4772 2376 4829 M.
2454 4772 2499 4804 ³⁸
2525 4773 2683 4829 Rom.
2708 4788 2830 4839 vtu,
2858 4774 2941 4828 l0.
3018 4773 3065 4805 “
3087 4773 3266 4830 Calat.

33 4850 174 4913 ἢῆ.
250 4849 299 4880 δ’
323 4849 363 4902 ll
394 4848 520 4903 Cor.
541 4862 637 4901 vn.
670 4847 756 4900 10.

34 4988 230 5042 Actibus
294 4985 663 5054 apostolorum
698 4984 953 5040 habetur.
985 5003 1005 5038 ι
1060 4984 1183 5043 Sed
1211 4986 1417 5043 rectius
1449 5002 1581 5044 mss.

33 5060 177 5110 uestri
202 5066 264 5110 ut
298 5058 350 5110 in
380 5066 567 5111 nostro
598 5063 770 5109 textu.

84 5128 188 5195 (ἦ)
218 5126 392 5189 Editi,
418 5144 437 5178 ι
481 5125 742 5193 loqueris.
776 5143 795 5176 ι

83 5192 189 5269 (23)
248 5195 415 5269 Editi,
451 5214 481 5269 ⁸ι
544 5192 959 5262 convalescant;
996 5214 1016 5250 ι
1069 5205 1183 5252 tum
1221 5194 1383 5267 paulo
1438 5204 1580 5265 post,

34 5285 46 5314 ι
76 5265 123 5322 et
148 5265 319 5322 rebus
343 5265 623 5335 impleant.
659 5283 678 5316 ι

90 5338 195 5410 (24)
228 5334 445 5410 Εάῇείίσ
486 5335 548 5410 _Si_
591 5336 713 5410 quis
739 5334 903 5390 habet
945 5336 1000 5391 in
1051 5350 1111 5391 se
1161 5335 1449 5406 justitiam,
1484 5352 1580 5405 per

33 5405 271 5472 iustitiam
307 5406 501 5460 Christi
536 5405 718 5467 habet,
760 5423 781 5456 ι
812 5415 920 5461 etc.

85 5480 188 5551 (25)
220 5477 399 5551 Editi,
434 5484 545 5551 t_et
569 5475 781 5551 singula
817 5476 1427 5551 qttazcunqtte_Christus
1458 5489 1579 5530 esse

34 5545 232 5615 dicitur,
265 5547 362 5616 qui
390 5547 551 5601 habet
578 5545 715 5611 hinc,
748 5545 1012 5616 Spiritum
1041 5548 1267 5611 Christi,
1305 5565 1325 5599 ι
1362 5557 1471 5600 etc.

86 5620 190 5689 (26)
285 5614 445 5673 Actus
492 5620 686 5672 carnis.
754 5614 849 5671 Sic
880 5631 1009 5672 mss.
1047 5616 1185 5671 Editi
1218 5631 1366 5684 vero,
1394 5634 1412 5669 ι
1440 5616 1580 5671 facta

34 5690 207 5747 carnis.
252 5709 275 5742 s

1781 4984 1873 5061 ΫἹ)
1897 4983 2065 5061 ὲιὲἒξν
2104 5001 2123 5033 ί
2156 4980 2297 5061 Ωιιίέ
2330 4981 2475 5061 enim.
2500 4980 2589 5061 εἷεν
2628 4998 2648 5061 '.
2681 4990 2789 5061 °!°.-
2837 5049 2869 5061 ..
2981 5055 2993 5061 -
3048 5048 3059 5060 .

1781 4986 1873 5039 Ἦ)
1897 4986 2065 5046 Alias,
2104 5001 2123 5033 t
2156 4986 2297 5048 Quid
2330 4986 2475 5035 enim
2500 4986 2589 5045 sit,
2628 4998 2647 5032 ι
2681 4990 2789 5035 etc.

1760 4986 1870 5125 (28)
1905 5053 2067 5125 Editi,
2105 5070 2122 5103 ι
2165 5066 2231 5107 ne
2268 5051 2505 5105 feceritis
2535 5052 2586 5105 in
2618 5049 2900 5105 desideriis
2944 5055 3000 5103 et
3046 5048 3097 5101 in
3130 5063 3261 5102 con-

1692 5124 2067 5190 cupisCentiis.
2108 5141 2125 5173 ι

1758 5187 1870 5264 (‘29)
1898 5192 2059 5264 Editi,
2086 5208 2108 5243 ι
2132 5190 2721 5264 tnort_ilicetis,vivetis.
2742 5187 2851 5244 Sed
2872 5189 2940 5245 de
2957 5189 3083 5256 hoc,
3108 5209 3127 5244 ι
3153 5198 3263 5244 etc.

1908 5263 2077 5337 Editi,
2111 5280 2129 5310 ε
2168 5261 2488 5337 violentiam
2512 5262 2720 5337 paruis.
2757 5280 2777 5313 ι

1756 5331 1872 5403 (51)
1905 5332 2076 5403 Alias,
2112 5350 2128 5382 t
2168 5331 2640 5403 incontinentiam.
2673 5349 2692 5382 ι

1758 5401 1870 5476 (52)
2098 5419 2118 5448 ι
2148 5401 2458 5476 mortificat.
2490 5418 2510 5451 ι

1760 5471 1873 5542 (55)
1904 5472 2064 5534 Ειιίιί,
2098 5488 2116 5521 t
2150 5471 2461 5542 mortiﬁcet.
2495 5488 2515 5542 ρ

1762 5539 1872 5615 (54)
1900 5542 2067 5615 Alias,
2097 5558 2117 5592 t
2150 5539 2201 5592 in
2227 5540 2312 5615 his
2349 5555 2470 5607 qua:
2500 5539 2785 5615 incipiunt.
2816 5558 2835 5592 ι

1762 5609 1874 5683 (55)
1932 5612 2094 5675 Editi,
2125 5628 2144 5661 t
2182 5611 2395 5683 tandem
2430 5622 2582 5683 actus
2630 5612 2883 5675 caruis;r
2934 5609 3029 5683 al.,
3094 5620 3260 5666 «tunc

1691 5680 2085 5749 actus'carnis;
2112 5700 2130 5732 ι
2166 5680 2261 5747 al.,
2299 5698 2318 5731 t
2356 5688 2466 5734 tum
2492 5681 2649 5749 plane
2674 5691 2832 5735 actus
2860 5682 3065 5738 carnis.
3097 5699 3118 5732 ι
