3768 6538
440 390 577 445 1107

1898 380 2222 439 ORIGENIS

3556 386 3684 443 1108

438 510 639 577 patitur
655 507 876 564 Christo
893 508 984 577 qui
1001 506 1412 563 dicitchhristo
1431 504 1825 561 concrucixus
1838 517 2008 568 sump
2043 506 2088 561 Α
2118 501 2245 565 etis.
2271 510 2329 557 et
2353 500 2439 556 his
2471 516 2594 572 que
2624 519 2644 555 ι
2676 500 2865 557 oculus
2893 516 3001 557 non
3043 502 3203 569 vidit,
3234 516 3336 559 nec
3367 502 3520 559 auris
3542 505 3683 559 audi-

436 609 493 653 et
514 618 560 653 τι
588 599 724 657 Vivo
748 610 954 665 autem,
978 600 1089 667 jam
1118 615 1224 654 non
1248 615 1347 669 ego
1366 600 1504 666 (ὅθ),
1529 599 1662 652 vivit
1689 613 1818 652 vero
1848 596 2008 651 Chri-

436 702 555 747 stus
591 694 644 749 in
683 710 770 749 me
800 695 884 761 ";
923 712 945 746 ι
974 702 1029 747 et
1055 692 1250 746 iterum
1278 692 1369 760 qui
1404 692 1575 745 dicit:
1608 709 1626 740 ι
1649 690 1705 744 Si
1742 703 2008 743 commor-

436 784 511 837 tui
538 799 747 847 sumus,
775 794 831 839 et
858 783 1217 840 convivemus
1246 802 1259 837 :
1291 783 1334 835 si
1370 783 1775 837 contoleramus
1799 780 1933 851 (60),
1952 789 2007 835 et

434 874 896 943 conregnabimus
924 875 1013 940 7';
1054 891 1073 925 ι
1130 873 1215 929 vel
1242 873 1409 928 etiam
1445 874 1534 942 qui
1585 874 1767 928 dicere
1796 880 2005 942 potest,

434 964 563 1032 quia
598 981 619 1015 ι
657 963 802 1033 quod
857 965 1047 1019 deerat
1097 963 1408 1031 passionum
1452 964 1692 1027 Christi,
1738 963 1920 1033 repleo
1952 963 2004 1016 in

433 1070 661 1125 corpore
684 1072 803 1112 meo
832 1056 902 1110 "’.
948 1074 970 1107 ›
998 1054 1150 1108 Sicut
1173 1064 1351 1110 autem
1384 1054 1697 1121 Christum,
1730 1056 1856 1124 quia
1912 1056 2006 1109 bu-

433 1149 735 1203 miliaverat
771 1167 791 1201 ι
827 1164 887 1203 se
915 1148 1091 1203 factus
1123 1150 1387 1203 obediens
1414 1161 1587 1215 usque
1610 1147 1676 1199 ad
1724 1154 1952 1201 mortem
1985 1186 2001 1209 ,

432 1250 659 1295 mortem
685 1251 865 1296 autem
893 1242 1100 1309 crucis,
1130 1241 1559 1311 superexaltavit
1614 1240 1755 1294 Deus
1783 1279 1798 1302 ,
1828 1249 1881 1293 et
1912 1240 2005 1293 do-

430 1335 581 1387 navit
608 1333 683 1389 illi
713 1349 933 1396 nomen,
959 1334 1102 1403 quod
1132 1343 1217 1387 est
1243 1349 1411 1403 super
1442 1347 1603 1388 omne
1626 1347 1824 1388 nomen
1860 1332 1906 1364 ⁷⁸
1931 1350 1946 1396 ;
1976 1351 1996 1384 ι

428 1436 502 1481 ita
534 1436 589 1483 et
613 1441 710 1483 eos
741 1428 833 1498 qui
868 1426 1088 1483 Christo
1125 1428 1535 1496 compatiuntur
1560 1466 1576 1489 ,
1610 1436 1665 1481 et
1688 1427 1999 1496 passionum

428 1520 542 1589 ejus
569 1519 851 1574 imitantur
874 1520 1208 1589 exemplum,
1241 1518 1385 1573 Deus
1431 1533 1555 1573 cum
1589 1518 1681 1573 illo
1714 1518 1918 1572 exaltat
1946 1519 2000 1572 in

426 1611 618 1681 gloria.
671 1609 796 1666 Hec
847 1627 1085 1681 namque
1129 1612 1214 1664 via
1268 1619 1372 1675 est,
1422 1625 1587 1680 quam
1626 1610 2001 1666 coheredibus

426 1703 536 1758 suis
560 1704 809 1760 Christus
835 1706 1069 1775 aperuit,
1104 1714 1163 1757 ut
1192 1720 1367 1773 neque
1406 1718 1475 1757 ex
1527 1702 1869 1768 fortitudine,
1904 1716 2001 1757 ne-

425 1807 527 1860 que
554 1808 619 1847 ex
647 1795 941 1863 sapientia,
978 1796 1071 1850 sed
1100 1809 1168 1849 ex
1221 1794 1533 1849 humilitate
1574 1793 1908 1857 exaltentur,
1939 1802 1995 1847 et

424 1896 486 1937 ex
514 1860 925 1940 tribulationum
962 1887 1223 1955 patientia
1251 1896 1473 1941 eterne
1506 1886 1845 1942 hereditatis
1869 1902 1994 1943 con-
2022 1860 2068 1921 Β

423 1984 719 2042 sequantur
739 1975 987 2047 gloriam.

487 2062 545 2117 ι.
578 2082 598 2117 ο
650 2065 919 2121 Existimo
949 2068 1093 2121 enim
1127 2067 1383 2136 quoniam
1417 2082 1525 2122 non
1558 2077 1686 2123 sunt
1710 2068 1993 2139 condigne

419 2155 699 2224 passiones
744 2158 904 2225 hujus
954 2161 1216 2229 temporis
1271 2163 1337 2216 ad
1391 2175 1843 2231 superventuram
1879 2164 1994 2233 glo-

419 2248 553 2302 riam
582 2248 696 2321 (6|)
728 2266 848 2319 que
887 2252 1216 2307 revelabitur
1249 2254 1301 2308 in
1339 2255 1515 2310 nobis.
1543 2253 1682 2308 Nam
1712 2268 1994 2326 exspecta-

418 2337 495 2390 tio
528 2348 796 2394 creature
835 2343 1219 2398 revelationem
1258 2342 1493 2399 ﬁliorum
1548 2344 1642 2398 Dei
1685 2356 1987 2413 exstiectat.

420 2428 659 2484 \‘anitati
696 2432 843 2487 enim
885 2444 1141 2489 creatura
1190 2436 1437 2504 subjecta
1464 2447 1550 2492 est
1597 2453 1704 2492 non
1762 2437 1988 2502 volens,

413 2520 508 2575 sed
530 2532 752 2593 propter
783 2539 906 2580 eum
941 2528 1033 2595 qui
1056 2526 1286 2596 subjecit
1316 2542 1436 2582 eam
1480 2529 1533 2583 in
1571 2544 1664 2598 spe
1699 2552 1709 2585 :
1736 2529 1990 2598 quoniam

413 2625 471 2669 et
496 2614 613 2683 ipsa
647 2627 896 2672 creatura
932 2618 1257 2675 liberabitur
1277 2637 1304 2675 a
1330 2622 1594 2678 servitute
1622 2623 1990 2691 corruptionis

416 2705 474 2761 in
513 2707 819 2763 libertatem
848 2710 1037 2780 gloria:
1051 2712 1282 2767 ﬁliorum
1308 2714 1425 2769 Dei.
1453 2712 1671 2769 Scimus
1687 2715 1829 2767 enim
1858 2730 1991 2784 quo-

414 2799 562 2853 niam
595 2801 775 2856 omnis
804 2812 1056 2857 creatura
1104 2805 1460 2874 congemiscit
1504 2805 1619 2875 (6‘2)
1648 2814 1703 2861 et
1739 2806 1991 2859 condolet

412 2906 584 2960 usque
627 2893 805 2948 adhuc
836 2894 905 2948 ”.
935 2914 956 2948 ι
1013 2896 1069 2949 Si
1121 2898 1245 2966 quis
1276 2898 1554 2952 intueatur
1604 2898 1749 2966 quod
1796 2913 1892 2966 pro
1924 2913 1991 2951 eo

410 2983 553 3047 quod
586 2983 707 3051 quis
738 2981 1003 3038 eﬂiciatur
1032 2984 1176 3040 illius
1223 2986 1423 3041 excelsi
1453 2986 1571 3052 Dei,
1607 2998 1661 3043 et
1687 2988 1863 3042 heres
1894 2989 1989 3041 bo-

410 3072 598 3127 nitatis
622 3074 741 3144 ejus
766 3085 822 3131 et
850 3077 1037 3146 glorie
1063 3077 1199 3147 (63),
1230 3078 1546 3148 Christique
1568 3080 1831 3148 unigeniti
1865 3079 1986 3134 Filii

410 3160 504 3216 Dei
533 3163 797 3230 coheres,
823 3168 1036 3223 etiamsi
1090 3169 1143 3224 in
1188 3171 1431 3225 omnium
1475 3172 1850 3226 mandatorum
1885 3174 1982 3224 ob-

408 3256 685 3311 servantia
733 3265 790 3312 et
844 3257 1325 3328 justiﬁcationibus
1352 3262 1560 3316 Domini
1614 3262 1732 3317 sine
1763 3264 1980 3332 querela

408 3354 745 3411 permaneat,
786 3357 840 3401 et
873 3349 1120 3420 pervigili
1172 3351 1224 3404 in
1256 3351 1340 3405 his
1375 3363 1555 3406 mente
1584 3356 1841 3422 perduret
1868 3373 1883 3420 ;
1938 3358 1983 3410 si

407 3435 592 3488 omnia
622 3439 784 3492 etiam
813 3453 1099 3508 poenarum
1126 3457 1323 3511 genera
1360 3459 1482 3513 que
1520 3444 1708 3499 inferri
1736 3447 1986 3525 immane

411 3528 741 3586 intrinsecus
797 3544 1007 3590 nature
1062 3536 1145 3591 vel
1199 3538 1541 3595 extrinsecus
1574 3551 1839 3610 possunt;
1891 3554 1984 3597 aut

406 3619 573 3673 etiam
602 3622 645 3675 si
679 3626 802 3692 quis
830 3624 917 3678 illa
956 3626 1221 3681 sustineat
1256 3643 1375 3696 que
1405 3630 1471 3685 de
1508 3628 1611 3685 Job
1639 3633 1838 3701 scripta
1864 3650 1985 3690 esse

406 3714 852 3765 memorantur“
887 3715 1026 3787 (66),
1080 3717 1168 3771 ubi
1203 3734 1305 3771 non
1333 3718 1505 3774 solum
1558 3736 1619 3773 ea
1660 3738 1778 3791 que
1830 3735 1981 3778 extra

407 3797 584 3867 ipsum
615 3801 666 3855 in
690 3803 1045 3862 facultatibus
1079 3822 1143 3862 ac
1168 3809 1352 3864 liberis
1374 3825 1496 3865 esse
1529 3813 1851 3867 videbantur
1882 3818 1982 3869 Sa—

407 3898 499 3943 tan
524 3894 804 3959 exstinxit,
818 3911 1005 3950 verum
1021 3900 1185 3953 etiam
1210 3916 1329 3955 ossa
1353 3911 1408 3956 et
1428 3906 1837 3973 carnemipsius
1860 3924 1985 3959 con-

405 3981 551 4051 tigit,
582 3994 639 4039 et
666 3989 932 4054 percussit
979 4006 1103 4045 eum
1142 3991 1366 4047 vulnere
1418 3996 1653 4062 pessimo
1686 4013 1714 4049 a
1750 3998 1981 4067 pedibus

402 4089 579 4143 usque
604 4080 673 4133 ad
702 4091 885 4148 caput,
912 4082 982 4135 ita
1020 4093 1076 4137 ut
1124 4092 1316 4137 teslam
1348 4100 1571 4141 sumens
1624 4090 1843 4145 raderet
1895 4109 1981 4144 sa-

402 4168 552 4223 niem
580 4170 647 4225 de
674 4171 949 4228 ulceribus
976 4176 1091 4230 suis
1114 4177 1368 4232 liuentem
1394 4195 1409 4232 :
1466 4179 1548 4242 si,
1582 4182 1801 4249 inquam
1829 4221 1845 4245 ,
1896 4185 1982 4239 his

400 4258 582 4314 adhuc
611 4271 836 4328 possunt
857 4278 980 4319 esse
1014 4268 1269 4335 graviora
1306 4283 1427 4337 que
1461 4271 1701 4339 perferat
1730 4274 1774 4327 is
1804 4276 1893 4343 qni
1925 4276 1978 4328 in

403 4350 509 4403 hac
529 4352 640 4403 vita
670 4351 991 4408 brevissima
1018 4356 1073 4409 in
1108 4358 1362 4415 omnibus
1394 4362 1802 4417 tribulationem
1841 4368 1982 4433 pati-

402 4451 518 4507 tur,
544 4445 635 4514 qui
674 4447 858 4501 auitno
891 4458 945 4501 et
990 4464 1219 4516 corpore
1268 4454 1551 4507 cruciatur
1579 4496 1595 4521 ,
1646 4467 1702 4509 et
1733 4459 1983 4515 conferat

2114 594 2209 656 vit,
2245 594 2417 648 neciu
2445 611 2541 648 cor
2572 595 2809 649 hominis
2846 596 3180 660 ascendit",
3216 613 3239 646 ι
3265 594 3568 664 intelligere
3595 610 3682 664 po-

2114 695 2219 740 test
2240 688 2511 755 quomodo
2543 688 2742 743 Paulos
2765 688 2923 743 altius
2946 691 3059 759 (65)
3091 692 3193 744 ista
3219 690 3583 746 considerans
3604 690 3680 745 di-

2109 779 2186 832 cit
2213 796 2226 832 :
2264 797 2284 829 ι
2315 775 2579 833 Existimo
2600 780 2746 834 enim
2795 782 3052 849 quoniam
3104 798 3211 837 non
3243 794 3375 836 sunt
3406 782 3677 848 condigne

2107 872 2392 941 passiones
2414 873 2577 943 hujus
2614 877 2874 942 temporis
2901 875 2968 929 ad
3008 874 3249 929 futuram
3295 874 3533 943 gloriam
3568 891 3676 943 que

2111 963 2449 1019 revelabitur
2482 964 2537 1018 in
2590 964 2749 1019 nobis
2773 964 2840 1019 ⁸³.
2871 983 2892 1018 ι
2931 965 3080 1019 Nihil
3127 965 3273 1019 enim
3326 965 3551 1036 dignum
3573 965 3674 1035 (66)

2107 1057 2338 1113 inveniri
2362 1057 2444 1114 vel
2488 1059 2798 1129 comparari
2834 1060 2901 1113 ad
2941 1058 3182 1113 futuram
3218 1060 3457 1130 gloriam
3488 1069 3669 1129 potest.

2105 1144 2163 1200 ιιι
2202 1162 2312 1216 quo
2338 1147 2484 1201 enim
2546 1150 2775 1203 mortale
2832 1148 3236 1203 immortalibus
3264 1149 3568 1204 conferas?
3591 1160 3674 1202 aut

2106 1238 2467 1293 iuvisibilibus
2497 1239 2725 1293 visibilia
2748 1244 2773 1291 ν
2800 1249 2896 1294 aut
2922 1243 3143 1296 eternis
3192 1239 3518 1310 temporalia
3540 1240 3565 1294 2
3588 1249 3675 1295 aut

2104 1332 2311 1387 caduca
2336 1333 2651 1402 perpetuis?
2708 1332 2766 1388 Si
2810 1348 2937 1402 que
2960 1344 3138 1389 tamen
3170 1334 3224 1389 in
3269 1335 3530 1405 presenti
3570 1334 3670 1388 vita

2101 1418 2248 1473 velut
2272 1419 2518 1490 quedam
2545 1430 2773 1489 possunt
2800 1425 3005 1476 semina
3029 1422 3212 1493 glorie
3242 1422 3427 1493 colligi
3465 1423 3668 1488 future,

2102 1512 2231 1577 ista,
2259 1512 2479 1580 inquam
2512 1510 2647 1581 (67),
2674 1513 2883 1567 semina
2910 1527 2975 1566 cx
2996 1514 3445 1569 tribulationibus
3474 1524 3530 1569 et
3556 1531 3667 1582 pas-

2100 1602 2345 1657 sionibus
2394 1602 2721 1673 colliguntur
2748 1643 2766 1670 ,
2822 1604 2987 1676 596
3038 1607 3183 1661 sicut
3217 1615 3275 1661 et
3304 1607 3359 1660 in
3389 1608 3523 1662 aliis
3547 1608 3667 1662 dicit

2102 1695 2243 1750 idem
2271 1695 2603 1764 Apostolus:
2646 1713 2666 1747 ι
2700 1695 2855 1763 Quod
2880 1698 3027 1751 enim
3055 1698 3109 1751 in
3144 1698 3405 1767 presenti
3437 1698 3663 1767 (68)moo

2101 1798 2448 1843 mentaneum
2485 1800 2586 1855 est,
2615 1797 2672 1843 et
2703 1791 2821 1844 leve
2851 1791 3219 1847 tribulationis
3253 1804 3484 1862 nostre,
3517 1808 3665 1862 supra

2099 1880 2315 1933 modum
2352 1880 2409 1933 in
2435 1880 2759 1935 immensum
2790 1890 3005 1936 eterne
3028 1881 3215 1953 glorie
3240 1885 3464 1953 pondus
3488 1900 3664 1954 opera-

2097 1978 2185 2023 tur
2206 1972 2386 2037 nobis,
2414 1986 2521 2025 non
2553 1973 2969 2041 respicientibus
2992 1989 3114 2043 que
3136 1976 3417 2042 videntur,
3436 1978 3531 2031 sed
3555 1993 3663 2046 qua:

2098 2078 2211 2118 non
2236 2063 2490 2119 videntur
2512 2066 2577 2119 ⁸³.
2619 2087 2640 2119 ›
2666 2065 2915 2122 Ostendit
2945 2069 3087 2123 enim
3118 2085 3217 2138 per
3254 2071 3378 2125 hec
3408 2073 3551 2140 quod
3574 2073 3655 2141 qui

2101 2152 2191 2208 illa
2218 2155 2437 2225 respicit
2471 2173 2591 2227 que
2627 2175 2737 2213 non
2764 2160 3016 2214 videntur
3040 2158 3171 2230 (69),
3203 2172 3261 2217 et
3286 2172 3494 2217 eterna
3523 2175 3654 2225 sunt,

2092 2264 2307 2304 omnem
2373 2248 2777 2304 tribulationem
2834 2263 3174 2319 quacunque
3248 2250 3519 2306 acciderit
3571 2249 3659 2312 ei,

2092 2342 2340 2410 quamvis
2365 2356 2507 2397 seva
2545 2342 2685 2413 (70),
2716 2342 2970 2412 quamvis
3007 2342 3168 2414 longa
3202 2344 3461 2399 videatur
3489 2381 3506 2407 ,
3555 2356 3659 2396 rno-

2093 2442 2435 2488 mentaneam
2457 2433 2607 2488 ducit
2625 2443 2681 2487 et
2696 2433 2902 2488 levem:
2925 2433 3090 2489 etiam
3112 2435 3158 2488 si
3183 2433 3482 2489 tormentis
3503 2432 3659 2501 subji-

2092 2522 2294 2585 ciatur,
2322 2532 2377 2577 et
2407 2522 2635 2586 aculeis,
2670 2533 2725 2576 et
2761 2521 2997 2593 ungulis,
3029 2537 3095 2577 eo
3126 2532 3376 2592 tempore
3408 2538 3516 2593 quo
3540 2538 3657 2592 sup-

2092 2613 2267 2683 pliciis
2298 2628 2504 2681 corpus
2529 2612 2810 2684 afﬂigitur,
2852 2616 2896 2669 si
2922 2615 3156 2685 aspiciat
3188 2615 3257 2669 ad
3285 2616 3528 2672 futuram
3549 2617 3656 2685 glov

2093 2706 2228 2760 riam
2251 2721 2372 2776 qua:
2401 2707 2691 2761 revelanda
2722 2717 2827 2771 est,
2853 2716 2908 2761 et
2923 2706 3235 2764 consideret
3252 2710 3529 2777 quomodo
3550 2717 3657 2777 post

2092 2810 2241 2853 tanta
2278 2810 2550 2854 tormenta
2596 2800 2708 2869 (71)
2757 2815 2955 2868 corpus
3012 2801 3117 2856 hoc
3180 2801 3509 2856 humilitatis
3556 2816 3658 2855 sue

2090 2890 2575 2945 transformabitur
2606 2929 2623 2955 ,
2672 2900 2733 2945 ut
2780 2891 3183 2949 tiatconiorme
3211 2893 3435 2961 corpori
3484 2893 3655 2963 gloria:

2089 2982 2211 3037 Filii
2251 2984 2340 3038 Dei
2364 2984 2434 3047 “,
2460 2984 2859 3039 tribulationem
2883 2995 3204 3054 presentem
3230 2996 3655 3041 mornentaneznt

2088 3076 2208 3131 duci
2221 3085 2260 3136 t.
2288 3086 2344 3131 et
2376 3076 2586 3143 levem;
2619 3077 2829 3144 pondus
2855 3086 3033 3131 autem
3061 3077 3258 3131 future
3275 3077 3467 3149 glorie
3480 3092 3651 3147 grave.

2093 3170 2195 3223 hoc
2221 3177 2325 3234 est,
2383 3185 2638 3239 magnum
2693 3170 2961 3240 deputat,
3008 3179 3063 3223 et
3115 3179 3383 3224 eternum
3430 3168 3651 3240 (Ἰῆται

2091 3272 2296 3335 quanto
2327 3262 2499 3333 magis
2520 3261 2865 3332 multiplicari
2892 3261 2995 3317 sibi
3027 3262 3448 3316 tribulationum
3476 3259 3652 3315 viderit

2091 3371 2304 3428 poenas,
2331 3364 2483 3410 tanto
2511 3355 2745 3425 amplius
2793 3354 3043 3423 intelligit
3080 3353 3193 3426 (73)
3224 3354 3330 3408 sibi
3362 3353 3569 3424 pondus
3602 3360 3651 3405 et

2093 3449 2519 3520 magnitudinem
2552 3447 2737 3518 gloriae
2759 3446 3048 3503 cumulari.
3078 3445 3234 3514 Quod
3259 3457 3446 3501 autem
3478 3462 3542 3502 ex
3560 3446 3649 3499 tri-

2090 3541 2427 3597 bulationum
2462 3540 2769 3611 quantitate
2797 3554 3050 3593 mensura
3084 3538 3337 3608 quedam
3367 3550 3427 3593 et
3454 3538 3649 3606 magni~

2092 3635 2219 3689 tudo
2250 3633 2435 3704 glorie
2458 3634 2763 3703 colligatur,
2796 3642 2923 3702 puto
2944 3633 3111 3687 etiam
3144 3630 3313 3685 David
3341 3631 3646 3699 prophetam

2090 3726 2331 3781 iudicare
2362 3739 2483 3780 cum
2517 3724 2651 3779 dicit
2681 3725 2836 3793 (74):
2878 3740 2898 3775 ι
2932 3724 3239 3778 Secundum
3268 3722 3647 3775 multitudinem

2092 3818 2341 3873 dolorum
2380 3831 2625 3871 meorum
2658 3819 2711 3870 in
2741 3817 2906 3872 corde
2941 3830 3085 3879 meo,
3132 3816 3647 3870 consolationestue

2091 3908 2501 3963 letiﬁcaverunt
2540 3907 2777 3961 animam
2810 3920 2985 3960 meam
3019 3906 3089 3960 ⁸⁸.
3124 3924 3145 3957 ι
3180 3902 3337 3959 Unde
3366 3913 3496 3972 puto
3521 3903 3644 3971 quod

2090 4004 2145 4057 in
2180 4000 2566 4071 presentivita
2603 3998 2902 4053 consolatio
2930 4012 3053 4065 que
3082 3997 3244 4051 datur
3260 3995 3451 4065 justis,
3474 4008 3647 4049 secun-

2089 4094 2215 4148 dum
2244 4103 2550 4147 mensuram
2577 4087 2917 4141 cruciatuum
2951 4097 3006 4141 et
3030 4086 3320 4140 vulnerum
3353 4085 3510 4139 detur
3535 4101 3548 4137 :
3573 4081 3645 4133 fu-

2090 4195 2210 4237 tura
2245 4196 2373 4235 vero
2400 4179 2570 4250 gloria
2608 4177 2722 4247 (75)
2746 4220 2762 4244 ,
2815 4178 2881 4231 de
2910 4192 3016 4245 qua
3053 4175 3352 4245 Apostolus
3376 4171 3640 4241 dicitquia

2094 4296 2113 4327 ι
2155 4274 2482 4331 revelabitur
2509 4273 2564 4326 in
2595 4271 2787 4336 nobis,
2824 4288 2843 4322 ι
2882 4286 2987 4325 non
3016 4269 3318 4323 secundum
3350 4280 3640 4323 mensuram

2089 4367 2441 4438 passionum:
2489 4382 2508 4413 ι
2567 4377 2675 4417 non
2718 4360 2864 4414 enim
2896 4359 3180 4428 condigna:
3223 4366 3354 4414 sunt
3387 4358 3643 4428 passiones

2089 4461 2250 4530 hujus
2290 4456 2552 4527 temporis
2583 4454 2649 4507 ad
2679 4452 2917 4507 futuram
2952 4452 3182 4520 gloriam
3217 4467 3343 4521 que
3396 4450 3640 4506 revelabi-

400 4534 519 4589 lncc
563 4554 584 4590 α
617 4538 683 4592 ad
721 4539 953 4593 futuram
974 4541 1197 4610 gloriam
1225 4559 1348 4612 que
1376 4546 1704 4601 revelabitur
1726 4570 1745 4599 ι
1776 4551 1829 4603 in
1855 4566 1979 4605 san-
2011 4579 2057 4633 υ
2090 4564 2177 4607 tur
2201 4552 2253 4605 in
2285 4570 2304 4602 ι
2343 4549 2549 4604 sanctis
2572 4548 2621 4577 “
2650 4564 2664 4600 :
2702 4546 2797 4601 sed
2819 4544 2961 4600 sicut
2991 4544 3100 4615 (7(3)
3128 4544 3195 4597 ad
3231 4545 3537 4599 Corinthios
3570 4542 3641 4593 di-

468 4626 517 4709 τξ
545 4626 811 4709 βθιπεειι,
843 4631 1069 4709 19,20.”
1120 4636 1165 4669 ⁷⁸
1198 4634 1239 4688 ll
1281 4635 1421 4709 Tim.
1453 4654 1513 4696 ιι.
1545 4639 1633 4704 li,
1693 4642 1779 4697 12.
1853 4646 1896 4675 ⁷⁷
1940 4648 1973 4702 C

2104 4663 2150 4701 s.
2184 4643 2327 4709 1,24.
2404 4639 2451 4672 ⁷⁸
2495 4638 2693 4709 Philip.
2716 4652 2776 4709 ll,
2819 4634 2875 4700 8,
2902 4636 2956 4690 9.
3033 4634 3264 4709 filium:
3288 4636 3638 4709 ξιιμ-18,

399 4692 447 4724 ⁸⁸
479 4691 580 4749 Job
620 4713 658 4761 I,
695 4698 751 4756 2.

396 4764 487 4822 19.
561 4768 609 4803 ⁸⁸
639 4770 797 4825 Rom.
837 4785 957 4838 vni,
993 4774 1081 4828 18.

471 4840 585 4915 (5_9)
607 4841 758 4896 Alias
778 4882 795 4907 ,
824 4845 1212 4915 t__compatitur
1256 4860 1386 4914 ergo
1409 4846 1498 4915 qui
1531 4846 1664 4901 dicit
1694 4869 1706 4904 :
1752 4849 1973 4912 Christo

396 4910 814 4985 conﬁxussnm.
845 4910 1135 4985 Vivo,’ait,
1164 4914 1276 4983 jam
1310 4910 1561 4985 uou'ego,
1593 4936 1612 4968 ›
1653 4926 1764 4974 etc.

470 4980 587 5063 (βθ)
614 4981 788 5050 Alias,
826 5000 845 5033 ι
880 4984 929 5038 si
955 4980 1273 5040 toleramus.
1314 5004 1333 5036 ι
1369 4980 1648 5053 Βδιῖιιιιυς,
1688 5008 1709 5041 ο
1748 4991 1795 5046 si
1828 5007 1977 5047 com-

394 5060 657 5118 patimur.
696 5071 715 5104 ι

493 5120 584 5196 fil)
610 5122 793 5196 Alias,
833 5141 853 5175 ι
882 5124 949 5178 ad
981 5125 1217 5180 futuram
1249 5126 1500 5196 gloriam.
1538 5146 1557 5176 ι

462 5125 584 5259 (61)
619 5125 793 5204 Alias,
833 5141 853 5175 ι
882 5125 949 5178 ad
981 5125 1217 5180 futuram
1249 5126 1500 5196 gloriam.
1538 5146 1557 5176 ι

487 5190 556 5271 6:2
610 5190 752 5246 Editt
774 5202 831 5249 et
853 5209 986 5271 mss.
1013 5196 1256 5271 quidam,
1297 5214 1363 5271 Ac
1393 5198 1608 5271 Scimus
1630 5199 1776 5252 enim
1828 5203 1973 5271 quod

394 5259 575 5337 omnis
597 5272 848 5337 creatura
868 5259 1177 5334 ingeniiscit
1197 5259 1251 5320 et
1277 5268 1463 5333 dolet;
1491 5286 1509 5317 ι
1538 5259 1970 5337 θΙηιριινιυὶίι.»

466 5328 585 5411 (ᾧ)
622 5331 789 5411 A_lias_,
831 5328 1027 5411 «quod
1056 5350 1154 5411 pro
1177 5352 1244 5411 eo
1272 5348 1324 5390 nt
1351 5328 1496 5406 quis,
1531 5356 1550 5389 ι
1579 5328 1763 5407 θίείςει
1782 5352 1971 5411 postea

392 5400 569 5474 editi,
593 5400 915 5474 {bonitatis—
937 5400 1291 5474 ejus'glorie.
1327 5426 1347 5458 ι

466 5470 578 5537 (61)
608 5467 1146 5550 ηιτὲιιεεειιεξίηεὲι
1170 5478 1220 5530 in
1252 5477 1432 5531 cditis.
1452 5476 1653 5532 Deinde
1675 5495 1778 5533 ms.
1809 5489 1968 5550 unus,

400 5553 423 5590 t
453 5553 575 5611 qua:
608 5545 675 5611 de
698 5542 798 5596 .lob
829 5557 976 5611 gesta
1014 5558 1413 5601 memorantur.
1450 5568 1469 5600 ι

467 5608 582 5678 (65)
607 5610 802 5665 Allius.
832 5608 1192 5669 Desideratur
1223 5617 1276 5670 in
1316 5628 1477 5672 antea
1512 5619 1695 5677 editis.

610 5680 780 5756 alias,
818 5702 836 5734 ι
870 5685 1012 5756 Nihil
1036 5686 1252 5752 quidem
1286 5688 1527 5756 dignum,
1565 5710 1581 5739 ι
1613 5703 1719 5744 etc.

465 5748 577 5822 (67)
610 5748 775 5833 Ειξὶιῇ,
806 5765 864 5833 ει.
910 5748 1165 5810 ltabanus
1198 5797 1213 5822 ,
1273 5776 1292 5808 ι
1344 5748 1536 5829 inquit.
1571 5779 1588 5812 ι
1631 5762 1737 5816 Sed
1771 5777 1959 5819 omnes

395 5831 524 5875 mss.
574 5830 765 5885 nostri,
798 5840 817 5874 t
857 5830 1092 5886 inquam.
1129 5844 1149 5877 ι

899 4702 943 4733 ⁸¹
979 4704 1160 4779 l_Cor.
1191 4722 1255 4772 ιι,
1280 4707 1334 4762 9.
1408 4710 1453 4740 ⁸¹
1485 4702 1646 4764 Rom.
1674 4727 1790 4777 vni,
1820 4715 1907 4770 18.

2139 4702 2345 4779 Conv,
2386 4713 2471 4766 l7.
2544 4709 2590 4741 εδ
2624 4702 2819 4777 Philip.
2874 4722 2932 4762 ιιι
2965 4745 2981 4770 ,
3027 4705 3118 4759 ει.

3218 4705 3265 4736 ⁸⁸
3295 4704 3439 4759 Psal.
3492 4718 3605 4758 cxm
3622 4741 3637 4766 ,

2156 4856 2268 4925 (68)
2306 4852 2404 4925 Ms.
2440 4864 2612 4925 unus,_
2638 4845 2747 4925 t‘in
2779 4845 3211 4925 presentivita.
3252 4863 3274 4897 ι

2156 4917 2269 4995 (till)
2302 4924 2475 4985 Alias,
2512 4940 2530 4971 ι
2567 4919 2743 4982 vidit;
2780 4935 2801 4966 ι
2833 4917 2928 4981 al.,
2967 4934 2986 4967 ‹
3013 4917 3168 4971 vidit.
3207 4934 3226 4967 ι
3274 4917 3497 4983 Deinde,
3525 4928 3633 4968 tac-

2083 5000 2217 5054 citlit
2252 4996 2322 5048 ei.
2366 5012 2385 5043 ι

2155 5061 2550 5140 (70)_Quamvis
2570 5074 2730 5113 sava.
2758 5055 2883 5111 Hec
2905 5057 3287 5113 desiderantur
3309 5060 3362 5112 in
3388 5057 3537 5111 libris
3560 5069 3638 5106 an-

2082 5138 2173 5195 tca‘
2202 5138 2385 5190 editis.

2156 5201 2472 5279 (7l)‘Editi,
2510 5217 2529 5251 ι
2565 5208 2645 5255 t0t
2677 5208 2967 5255 tormenta.
3009 5218 3028 5251 ι
3064 5196 3162 5254 Ms.
3220 5213 3368 5253 unus
3395 5207 3447 5253 et
3478 5195 3635 5249 Raba-

2079 5276 2208 5344 nus,
2242 5296 2260 5326 ι
2288 5276 2389 5329 ista
2425 5280 2716 5344 tormenta.
2751 5288 2771 5321 ι

2150 5341 2263 5418 (72)
2300 5343 2461 5418 Ed‘iti.
2504 5358 2525 5392 ε
2559 5341 2784 5418 deputat
2809 5343 2861 5396 in
2888 5352 3173 5397 elernum.
3207 5358 3229 5392 ι

2149 5411 2265 5489 (75)
2294 5414 2467 5489 ﬁlias,
2507 5430 2527 5462 ι
2562 5411 2846 5489 intelliget.
2879 5430 2899 5463 ι

2149 5421 2242 5489 (75
2294 5421 2467 5479 Alias,
2507 5430 2527 5462 ι
2562 5421 2846 5481 intelliget.
2879 5430 2899 5463 ι
3304 5478 3318 5489 .

2149 5421 2461 5559 (uisam,
2511 5499 2531 5532 σ
2571 5492 2701 5552 puto
2732 5480 2961 5536 allirmet
2983 5482 3148 5536 etiam
3184 5478 3358 5534 Davrd
3392 5476 3631 5549 propheta

2074 5557 2197 5614 cum
2229 5557 2385 5620 dicit,
2424 5571 2445 5604 ι
2476 5561 2586 5608 etc.

2145 5628 2258 5697 (75)
2292 5626 2477 5687 Alias,
2518 5642 2540 5673 ι
2567 5621 2761 5697 future
2789 5637 2918 5678 vero
2946 5621 3157 5697 glorie.
3190 5641 3212 5675 ι

2141 5687 2252 5767 (τϐ)
2287 5698 2473 5767 Alias,
2512 5712 2530 5743 ι
2563 5703 2689 5746 sunt
2735 5696 2818 5748 ha:
2868 5687 3149 5765 passiones
3173 5694 3239 5765 ad
3270 5691 3503 5749 futuram
3527 5687 3629 5761 glo-

2074 5766 2239 5835 riam,
2260 5766 2355 5823 sed
2386 5767 2549 5831 sicut,
2588 5782 2606 5815 ι
2640 5774 2747 5820 etc.
