3766 6550
11 430 151 485 ηδε)

11 560 160 601 ctum
206 546 556 618 protulimus,
583 561 650 600 ex
683 554 1064 601 momentanco
1086 557 1135 601 et
1163 548 1262 602 levi
1293 547 1605 601 tribulatio-

11 654 135 693 num
173 649 491 693 nostrarum
535 639 723 692 labore
766 639 810 668 ⁸⁷
848 638 1054 691 semina
1083 641 1329 706 quzedam
1374 639 1600 694 collecta

11 745 177 798 supra
215 733 434 786 modum
480 746 532 784 1n
585 730 906 784 immensum
967 731 1124 785 nobis
1151 739 1368 786 aeterna:
1393 732 1604 801 pondus

11 821 209 890 gloria
241 820 357 889 (77)
390 819 790 890 praeparabunt.
829 819 981 886 Quod
1015 835 1144 874 vero
1175 823 1338 876 etiam
1373 822 1425 875 in
1460 837 1600 890 pra:-

11 911 145 964 senti
193 910 502 980 vitajustis
557 909 854 965 secundum
909 925 1225 963 mensuram
1283 909 1600 979 passionum

11 1015 238 1055 suarum
267 1004 434 1056 etiam
456 1001 758 1056 consolatio
782 1001 962 1054 divina
990 1001 1280 1064 tribuatur,
1311 1001 1604 1055 conﬁrmat

13 1093 156 1145 idem
227 1093 525 1163 Apostolus
575 1092 630 1146 in
689 1091 924 1145 secunda
984 1093 1047 1145 ad
1092 1091 1409 1147 Corinthios
1466 1094 1602 1145 scri-

11 1185 139 1238 bens
165 1184 221 1217 ⁸⁸
256 1204 271 1238 :
318 1205 335 1237 ε
371 1185 506 1252 Quia
532 1186 670 1239 sicut
695 1185 975 1238 abundant
1001 1187 1284 1252 passiones
1314 1185 1520 1240 Christi
1547 1187 1597 1238 in

11 1275 192 1340 nobis,
225 1277 312 1330 ita
360 1277 599 1331 abundat
631 1285 685 1331 et
716 1278 1020 1332 consolatio
1071 1287 1276 1334 nostra.
1319 1297 1336 1328 ι
1400 1277 1462 1330 Et
1492 1292 1596 1330 non

11 1367 174 1421 dixit:
197 1367 386 1432 Supra
411 1367 624 1422 modum
646 1369 902 1430 abundat,
925 1379 1017 1422 aut
1041 1368 1094 1422 in
1115 1370 1439 1422 immensum
1461 1368 1596 1436 (78);

11 1462 95 1514 sed
131 1471 416 1530 quantum
449 1462 728 1531 passiones
771 1470 916 1527 sunt,
945 1469 1152 1515 tantum
1177 1470 1232 1516 et
1263 1459 1598 1514 consolatio-

11 1562 118 1601 nes.
154 1549 328 1613 Quod
360 1559 539 1605 autem
573 1549 720 1610 dicit,
766 1567 784 1600 ι
818 1551 898 1602 Ad
926 1548 1166 1604 futuram
1203 1549 1451 1618 gloriam,
1478 1561 1598 1617 quae

11 1637 359 1693 revelabitur
390 1640 444 1692 in
489 1638 646 1694 nobis
670 1639 739 1705 ⁸⁸,
772 1658 791 1690 ι
823 1653 984 1708 supra
1011 1636 1122 1706 jam
1150 1648 1281 1708 puto
1312 1640 1453 1708 quod
1480 1638 1595 1691 suf-

11 1727 267 1783 ﬁcienter
291 1730 631 1785 ostendimus
655 1731 720 1784 de
761 1729 1069 1784 diﬂ‘erentia
1122 1730 1445 1798 gloriarum,
1479 1744 1598 1798 quae

11 1821 73 1873 sit
102 1819 296 1889 gloria
321 1836 438 1890 qua:
477 1823 588 1891 jam
624 1821 858 1876 revelata
889 1831 992 1886 est,
1019 1831 1073 1876 et
1107 1836 1228 1890 quae
1260 1822 1330 1874 sit
1359 1836 1479 1890 qua:
1507 1837 1592 1874 re-

978 427 1335 484 COMMENT.
1361 428 1431 484 IN
1469 426 1685 483 EPIST.
1730 428 1820 483 AD
1858 426 2024 484 ROM.
2057 425 2184 482 LIB.
2216 426 2333 482 VII.

3150 415 3290 484 1110

1719 548 1843 602 aliis
1877 549 2110 602 habetur
2135 543 2552 615 exemplaribus,
2590 561 2610 594 ε
2644 541 2992 611 congemiscit
3021 551 3074 597 et
3103 554 3288 613 partu-

1721 640 1789 693 rit
1826 653 1997 707 usque
2047 638 2246 692 adhuc.
2295 655 2312 687 ι
2350 635 2764 704 Congemiseere
2795 643 2972 688 autem
3005 642 3058 689 et
3085 636 3288 688 condo-

1704 731 1818 786 lere
1841 741 1922 787 est
1944 747 2063 786 cum
2092 731 2197 785 alio
2221 730 2437 784 dolente
2462 729 2543 783 vel
2571 739 2819 797 gemente
2842 743 3056 799 gemere
3081 728 3162 781 vel
3186 729 3284 780 do-
3312 752 3321 763 -

1703 822 1836 891 lere,
1891 825 1995 878 hoc
2029 833 2150 888 est,
2182 837 2302 876 cum
2340 824 2456 891 ipse
2495 823 2711 891 quidem
2765 835 2982 874 causam
3033 820 3281 889 gemendi

1706 911 2036 966 nonbabeat
2091 910 2175 964 vel
2237 911 2475 975 dolendi,
2537 911 2705 978 gemit
2737 918 2914 962 tamen
2944 924 3044 979 pro
3093 923 3158 963 eo
3186 909 3281 977 qui

1704 1017 1927 1056 causam
1961 1002 2127 1056 habet
2165 1003 2413 1070 gemendi
2447 1001 2533 1056 vel
2567 1000 2808 1055 dolendi.
2842 999 2958 1054 Hoc
2984 1009 3164 1054 autem
3194 999 3281 1053 di-

1705 1096 1780 1148 cit
1811 1094 1994 1148 l‘acere
2021 1105 2330 1149 creaturam
2363 1109 2460 1163 pro
2488 1109 2551 1147 eo
2585 1092 2727 1161 quod
2762 1091 2994 1145 vanitati
3033 1091 3280 1158 subjecta

1701 1194 1803 1250 est,
1837 1194 1891 1238 ct
1929 1185 1983 1237 in
2048 1187 2310 1238 servitute
2360 1185 2730 1253 corruptionis
2758 1185 2931 1253 posita
2967 1192 3070 1240 est.
3111 1181 3234 1236 Ηωο
3263 1220 3280 1243 ,

1701 1286 1964 1344 quantum
1986 1275 2050 1329 ad
2073 1277 2240 1345 ipsius
2261 1277 2543 1345 apostolici
2567 1277 2835 1330 sermonis
2850 1277 3094 1331 ordinem
3115 1276 3282 1344 perti-

1701 1375 1814 1430 net,
1843 1366 2126 1434 explanata
2154 1367 2282 1421 sint.
2313 1357 2466 1421 tvunc
2491 1379 2798 1436 repetentes
2819 1369 3182 1422 discutiamus
3203 1366 3286 1419 in-

1703 1457 1900 1512 lentius
1926 1473 2046 1526 quas
2071 1469 2154 1513 est
2184 1461 2282 1514 ista
2310 1461 2527 1515 vanitas
2557 1461 2645 1515 cui
2675 1471 2924 1516 creatura
2944 1460 3295 1513 dicituresse-

1701 1548 1965 1618 subjecta,
1997 1558 2182 1620 etquae
2211 1561 2293 1605 est
2326 1552 2428 1606 ista
2448 1553 2725 1622 corruptio
2753 1553 2819 1605 de
2841 1551 2996 1620 cujus
3011 1550 3294 1604 servitute-

1701 1639 2033 1695 liberandam
2058 1656 2116 1696 se
2137 1641 2297 1713 597
2316 1653 2520 1715 sperat.
2536 1644 2663 1699 Mihi
2688 1644 2898 1699 videtur
2921 1644 3064 1713 quod
3085 1642 3153 1697 de
3177 1643 3286 1696 hac

1699 1735 1964 1787 materiali
1991 1741 2045 1788 et
2071 1737 2408 1804 corruptibili
2439 1738 2688 1806 corporis
2731 1735 3038 1792 substantia
3065 1737 3163 1788 ista
3187 1734 3275 1787 di-

1697 1834 1915 1878 cantur.
1942 1825 2129 1895 Neque
2162 1829 2306 1881 enim
2340 1830 2615 1898 corruptio
2644 1828 2734 1883 alii
2755 1830 3007 1898 cuiquam
3035 1826 3146 1897 (82)
3172 1825 3276 1880 nisi

11 1914 233 1968 velanda
286 1916 397 1981 sit;
426 1923 480 1970 et
501 1917 770 1984 quomodo
791 1930 911 1984 qua:
945 1929 1091 1968 nunc
1123 1915 1370 1969 videmus
1394 1953 1411 1981 ,
1446 1932 1464 1964 ε
1499 1929 1594 1984 per
1624 1931 1667 1986 Β
1697 1915 1909 1984 corpori
1927 1915 2258 1971 dominatur.
2281 1916 2412 1970 Nam
2433 1918 2522 1973 ille
2545 1919 2775 1974 interior
2794 1919 2953 1973 honto
2972 1918 3061 1987 qui
3082 1933 3296 1972 secuu--

11 2007 295 2076 speculum
315 2006 568 2062 videmus
583 2016 636 2062 et
662 2007 713 2062 in
739 2007 1047 2075 mnigmate,
1067 2016 1193 2061 tunc
1211 2017 1415 2073 autem,
1430 2026 1448 2058 ι
1471 2021 1597 2060 cum

11 2099 219 2153 venerit
248 2098 429 2154 Filius
454 2098 690 2152 hominis
720 2097 772 2150 in
807 2097 976 2167 gloria
997 2096 1174 2150 Patris
1199 2107 1252 2151 et
1282 2108 1597 2151 sanctorum

12 2185 702 2256 :tngelorum,videbim::51
727 2187 868 2244 faeie
895 2187 961 2242 ad
991 2187 1186 2242 faciem
1210 2188 1277 2250 ”,
1315 2208 1334 2241 ι
1378 2189 1516 2243 sicut
1547 2197 1600 2240 et

11 2276 249 2332 Ioannes
277 2278 423 2332 dixit
453 2295 467 2332 :
509 2296 528 2329 ι
562 2277 698 2344 Quia
728 2276 1174 2331 videbimuseum
1199 2277 1356 2331 sicuti
1392 2279 1588 2331 est“.r

11 2370 99 2420 Sed
122 2378 180 2421 et
199 2367 303 2420 illa
325 2377 503 2436 petest
520 2368 692 2422 videri
714 2365 828 2438 (79)
843 2366 1015 2436 gloria
1032 2380 1152 2432 qua:
1173 2365 1458 2420 revelanda
1489 2374 1596 2428 est,

12 2475 114 2511 :um
140 2459 215 2511 de
245 2457 491 2526 singulis
509 2456 814 2526 quibusque
835 2457 1134 2510 rationibus
1150 2458 1358 2520 mundi,
1390 2456 1472 2510 vel
1501 2472 1596 2511 eo-

11 2565 112 2602 rum
129 2565 261 2618 qua:
282 2564 450 2619 supra
469 2549 724 2602 mundum
743 2558 892 2612 sunt,
906 2549 1387 2618 coeperitdoctrina
1404 2563 1599 2618 cogno-

11 2642 86 2704 sci,
111 2649 170 2694 et
196 2641 454 2695 thesauri
485 2639 759 2706 sapientiae
776 2638 890 2706 ejus
911 2656 974 2693 ac
1005 2639 1248 2694 scientia:
1274 2637 1504 2692 revelari
1527 2638 1594 2690 “.

12 2731 116 2785 ?ost
141 2732 270 2786 hac
300 2731 472 2786 dicit:
507 2749 526 2781 ι
563 2731 694 2784 Nam
729 2731 1069 2800 exspectatio
1102 2737 1370 2785 creatura:
1390 2729 1598 2783 revela-

12 2825 198 2878 ,ionem
221 2823 466 2879 ﬁliorum
491 2824 578 2877 Dei
601 2832 903 2892 exspectat.
917 2841 934 2873 ι
948 2822 1142 2876 Volens
1155 2821 1440 2876 ostendere
1459 2822 1597 2892 Apo-

11 2917 167 2969 stolus
184 2925 403 2986 quanta
434 2916 720 2986 qualisque
741 2916 812 2969 sit
840 2916 1008 2984 gloria
1045 2931 1164 2984 qua:
1193 2913 1483 2969 revelanda
1511 2923 1596 2968 est

12 3025 42 3060 ιι
67 3010 208 3077 ipso,
240 3007 339 3062 vel
363 3008 416 3062 in
448 3008 532 3062 bis
557 3008 648 3078 qui
667 3020 870 3078 agones
898 3007 1099 3060 Christi
1119 3007 1332 3074 integre
1357 3006 1592 3061 desudaa

11 3103 202 3166 εει-ἱηι,
237 3101 327 3154 ait
349 3101 513 3158 etiam
553 3111 886 3163 creaturam,
929 3109 1117 3168 utpote
1154 3099 1538 3153 rationabilem
1571 3135 1587 3161 ,

11 3189 199 3247 rabere
229 3194 706 3262 exspectationem
760 3193 1095 3262 quamdam,
1127 3202 1182 3245 et
1216 3205 1366 3260 Spem
1402 3205 1592 3259 gerere

1704 2009 1830 2062 dum
1865 2009 2033 2063 Deum
2069 2020 2288 2063 creatus
2313 2019 2417 2074 est,
2445 2021 2503 2065 et
2525 2011 2591 2064 ad
2624 2011 2912 2080 imaginem
2948 2010 3037 2063 Dei
3077 2008 3277 2072 factus,

1703 2100 2133 2169 incorruptibilis
2180 2109 2264 2156 est
2293 2111 2346 2156 et
2379 2101 2668 2157 invisibilis
2695 2141 2710 2167 ,
2738 2112 2792 2157 et
2818 2101 3116 2157 secundum
3152 2116 3278 2171 pro-

1701 2193 1874 2256 priam
1900 2192 1981 2247 sui
2011 2193 2277 2248 rationem
2309 2192 2420 2264 (83)
2450 2193 2611 2247 etiam
2649 2194 3005 2264 incorporeus
3039 2191 3146 2247 diei
3176 2206 3274 2260 po-

1704 2295 1828 2340 test.
1857 2286 2110 2341 Exterior
2134 2302 2268 2342 vero
2298 2288 2460 2341 homo
2495 2297 2550 2344 et
2591 2302 2885 2358 corporeus
2917 2296 2973 2342 et
2999 2286 3272 2355 corrupti-

1701 2378 1823 2433 bilis
1874 2378 1985 2452 (84)
2035 2379 2272 2445 dicitur;
2327 2391 2547 2450 propter
2580 2381 2724 2450 quod
2771 2390 2826 2435 et
2873 2380 3074 2435 Paulus
3124 2380 3273 2435 dice-

1702 2470 1859 2522 bat”
1891 2487 1904 2523 :
1939 2487 1957 2520 r
1989 2467 2124 2523 Nam
2154 2481 2208 2524 et
2247 2471 2290 2525 si
2326 2472 2370 2524 is
2401 2473 2490 2540 qui
2523 2471 2731 2527 deforis
2780 2482 2862 2526 est
2889 2471 3054 2526 homo
3088 2479 3275 2525 noster

1701 2563 2067 2632 corrumpitur
2094 2604 2109 2629 ,
2141 2566 2235 2619 sed
2265 2567 2356 2634 qui
2387 2567 2534 2622 intus
2570 2576 2653 2621 est
2701 2575 3026 2620 renovatur.
3069 2583 3088 2616 ι
3128 2565 3273 2617 Inte-

1704 2657 1861 2710 rioris
1916 2668 2098 2711 autem
2147 2657 2385 2713 hominis
2429 2659 2710 2715 renovatio
2741 2659 2852 2731 (85)
2879 2699 2894 2724 ,
2931 2665 3123 2724 utpote
3177 2656 3274 2727 qui

1698 2759 1778 2801 est
1813 2747 2148 2803 rationabilis
2197 2759 2249 2802 et
2283 2749 2395 2818 (86)
2440 2764 2594 2805 mens
2618 2791 2634 2818 ,
2687 2750 2741 2805 in
2783 2751 3064 2820 agnitione
3091 2751 3184 2804 Dei
3216 2755 3280 2802 et

1697 2839 1998 2907 eapacitate
2029 2841 2204 2894 sancti
2234 2840 2470 2910 Spiritus
2500 2851 2734 2896 constat.
2759 2840 2960 2897 Verum
2998 2852 3058 2895 ut
3088 2841 3273 2910 aliqua

1699 2929 1767 2983 de
1819 2937 1930 2982 tam
1987 2930 2274 2999 profundis
2309 2931 2470 2985 rebus
2514 2930 2757 2985 breviter
2783 2945 2847 2983 ac
2886 2931 3117 2985 strictim
3155 2929 3270 3002 (87)

1695 3021 1859 3075 etiam
1905 3022 2170 3076 chartulis
2214 3024 2624 3077 committamus
2651 3061 2668 3087 ,
2701 3038 2772 3078 ex
2819 3025 2935 3094 ipsa
2990 3024 3272 3079 interioris

1697 3112 1954 3179 hominis,
1983 3112 2086 3166 hoc
2122 3122 2228 3176 est,
2265 3113 2460 3168 anima:
2489 3113 2802 3184 mentisque
2832 3115 3134 3170 substantia
3155 3115 3274 3170 col-

1697 3205 1928 3274 ligamus
1980 3205 2269 3276 imaginem
2303 3244 2319 3269 ,
2371 3206 2644 3274 quomodo
2678 3223 2697 3256 1
2735 3207 2962 3261 vanitati
3011 3217 3266 3262 creatura

14 3284 259 3353 stuporis
279 3283 428 3338 illius
450 3297 558 3351 quo
581 3281 870 3337 revelanda
895 3292 977 3336 est
1006 3283 1175 3352 gloria
1206 3282 1440 3336 ﬁliorum
1462 3281 1577 3348 Dei,
1609 3291 1652 3349 α
1692 3295 1931 3362 subjecta
1965 3305 2048 3350 est
2083 3312 2187 3349 ιιοη
2212 3296 2422 3363 volens,
2448 3298 2540 3351 sed
2570 3305 2788 3367 propter
2820 3311 2942 3352 eum
2974 3298 3068 3367 qui
3091 3298 3274 3365 subje-

15 3391 92 3431 aoc
127 3388 241 3439 est,
274 3393 402 3431 cum
457 3377 846 3433 revelabuntur
878 3393 938 3434 ea
969 3392 1089 3446 quae
1117 3386 1420 3448 praeparata
1457 3387 1584 3432 sunt

15 3471 71 3523 iis
94 3471 192 3539 qui
234 3469 338 3524 lilii
364 3472 457 3525 Dei
488 3485 608 3526 esse
643 3472 997 3526 merebuntur
1024 3470 1161 3541 (80),
1182 3481 1273 3524 aut
1293 3481 1442 3526 certe
1461 3487 1582 3526 cum

12 3561 174 3616 ablato
208 3563 291 3615 aly
318 3562 403 3616 bis
426 3562 698 3617 velamine
732 3579 840 3631 quo
861 3563 1214 3634 obteguntur,
1241 3563 1580 3617 manifestati

12 3654 196 3708 herint
230 3654 340 3722 ipsi
374 3655 499 3723 quia
531 3654 624 3708 lilii
657 3655 746 3709 Dei
771 3666 915 3710 sunt.
942 3653 1072 3721 Quae
1098 3665 1280 3707 autem
1310 3664 1393 3708 est
1431 3669 1584 3708 crea-

20 3757 105 3792 ura
135 3757 269 3810 quae
310 3759 330 3791 ι
362 3742 746 3796 revelationem
805 3744 1037 3796 ﬁliorum
1071 3743 1161 3796 Dei
1188 3745 1520 3812 exspectat?
1559 3764 1578 3796 ι

12 3831 132 3897 iace,
173 3832 404 3902 inquit,
461 3847 582 3903 quae
618 3850 760 3889 nunc
790 3852 809 3886 ι
846 3835 1074 3890 vanitati
1109 3833 1350 3901 subjecta
1379 3845 1507 3890 est:
1559 3853 1581 3886 ι

11 3921 244 3990 subjecta
277 3930 461 3978 autem
497 3942 515 3974 ι
553 3939 656 3978 non
682 3923 888 3989 volens,
923 3943 943 3976 ι
975 3939 1077 3980 nec
1113 3933 1312 3994 sponte
1340 3925 1580 3994 propria,

11 4017 80 4066 ιειί
113 4015 418 4070 voluntate
444 4016 563 4086 ejus
603 4018 695 4086 qui
725 4017 1003 4087 dispensat
1043 4017 1325 4071 universa.
1353 4016 1583 4087 Propter

12 4122 162 4174 psum
202 4122 345 4176 ergo
377 4108 490 4178 (81)
531 4108 774 4176 subjecta
805 4118 922 4172 est;
976 4107 1216 4177 subjecta
1266 4117 1444 4162 autem
1476 4124 1579 4163 non

12 4211 53 4248 ea
79 4197 411 4252 conditione
447 4206 505 4252 ut
539 4207 758 4252 maneat
793 4214 1011 4269 semper
1035 4199 1276 4269 subjecta
1312 4200 1580 4266 vanitati,

11 4288 80 4340 sed
130 4303 268 4343 cum
319 4289 558 4356 quadam
609 4303 724 4356 spe.
767 4288 896 4355 Quae
929 4299 1112 4342 autem
1161 4288 1233 4341 sit
1271 4304 1401 4358 spes
1433 4291 1532 4343 ista
1566 4328 1581 4354 ,

12 4388 417 4444 :ommemorat,
448 4379 678 4434 dicens:
716 4399 734 4431 ι
773 4380 1036 4446 Quoniam
1069 4392 1122 4437 et
1153 4385 1295 4451 ipsa,
1329 4400 1348 4432 ›
1383 4382 1579 4450 inquit,

11 4491 18 4521 ι
55 4483 322 4529 creatura
351 4473 672 4527 liberabitur
714 4489 741 4525 a
778 4473 1043 4527 servitute
1095 4473 1495 4544 corruptionis,
1527 4474 1580 4526 in

17 4569 310 4622 :bertatem
339 4566 525 4636 gloriae
567 4567 804 4621 ﬁliorum
840 4566 954 4620 Dei.
985 4585 1004 4617 ι
1041 4567 1131 4621 Ait
1164 4578 1346 4622 autem
1380 4565 1583 4621 Paulus

1693 3388 1772 3440 cit
1797 3403 1915 3441 eam
1961 3388 2014 3440 in
2046 3403 2141 3458 spe
2164 3389 2246 3454 “;
2286 3408 2306 3441 ι
2347 3399 2400 3444 et
2444 3391 2641 3457 ipsum,
2690 3390 2737 3444 si
2772 3392 3005 3458 videtur,
3035 3391 3263 3446 Paulmn

1693 3493 1958 3548 ponamus
1999 3479 2049 3533 in
2084 3481 2286 3547 medio,
2331 3481 2488 3552 cujus
2531 3485 2723 3553 utique
2760 3484 2942 3537 anima
2969 3483 3055 3538 vel
3090 3499 3268 3549 mens,

1691 3574 1785 3641 qui
1816 3582 1900 3627 est
1935 3571 2159 3628 interior
2199 3574 2316 3643 ejus
2347 3576 2528 3642 homo,
2563 3577 2974 3647 supergreditur
2994 3587 3048 3631 et
3075 3590 3271 3631 ascen-

1693 3663 1770 3715 dit
1805 3678 1965 3718 omne
1991 3665 2134 3732 quod
2164 3680 2486 3734 corporeum
2525 3675 2606 3720 est
2629 3706 2644 3732 ,
2677 3665 2820 3735 quod
2855 3667 3095 3732 visibile,
3124 3667 3268 3736 quod

1692 3757 1878 3811 sensui
1910 3757 2156 3826 subjacet
2182 3767 2235 3810 et
2269 3759 2534 3827 aspectui,
2561 3768 2616 3810 et
2644 3759 2818 3827 ipsius
2841 3758 3036 3813 divina:
3059 3769 3272 3813 natura:

1691 3847 1924 3902 eﬂicitur
1964 3863 2162 3917 capax.
2192 3847 2299 3902 Sed
2337 3850 2449 3902 haec
2487 3858 2635 3903 tanta
2666 3857 2720 3902 et
2751 3847 2873 3902 talis
2907 3848 3022 3920 (88)
3070 3850 3269 3903 anima:

1691 3939 1813 4008 ejus
1836 3940 2144 3994 substantia
2179 3954 2300 4009 qua:
2333 3941 2575 3993 rationes
2610 3949 2666 3993 et
2695 3939 3112 4010 intelligentiam
3143 3954 3267 3994 cce—

1692 4032 1911 4087 lestium
1975 4032 2391 4102 divinorumque
2432 4046 2688 4086 sensuum
2743 4041 2886 4086 tenet
2935 4030 3152 4105 (quibus
3199 4046 3269 4086 ex

1691 4126 1892 4190 causis,
1928 4126 2067 4180 Deus
2096 4123 2338 4195 viderit),
2360 4123 2600 4192 subjecta
2633 4133 2715 4180 est
2747 4125 2994 4179 servituti
3020 4128 3270 4197 corporis

1692 4217 2098 4286 corruptibilis,
2149 4227 2205 4272 et
2233 4217 2459 4271 vanitati
2501 4214 2618 4286 ejus
2646 4216 2893 4271 devincta
2934 4225 3040 4272 est.
3073 4217 3269 4272 Consi-

1695 4311 1826 4365 dera
1855 4311 2000 4364 euim
2053 4310 2408 4366 necessitates
2436 4310 2702 4379 corporis,
2742 4310 3102 4379 appetentiam
3133 4312 3263 4378 cibi,

1690 4403 2056 4472 digestionum
2083 4403 2346 4472 pudorem
2375 4400 2487 4472 (89)
2519 4441 2535 4466 ,
2573 4401 2907 4470 posteritatis
2950 4403 3276 4470 reparandze

1693 4497 2102 4561 verecundiam,
2154 4505 2212 4549 ut
2252 4495 2457 4550 seritur
2488 4493 2723 4560 soboles,
2757 4504 2816 4547 ut
2842 4494 3042 4558 editur,
3071 4504 3132 4549 ut
3165 4510 3267 4548 nu—

1692 4589 1856 4641 tritur
1896 4604 1911 4653 ;
1963 4598 2017 4642 et
2067 4588 2193 4641 vide
2231 4587 2286 4640 in
2333 4587 2418 4639 his
2462 4593 2668 4655 quanta
2719 4586 2931 4640 vanitas
2979 4586 3280 4650 habeatur,

11 4660 216 4715 icirese
248 4668 306 4714 et
333 4659 542 4714 similes
576 4659 700 4723 sibi,
753 4679 771 4712 ι
812 4659 1069 4730 quoniam
1104 4660 1286 4714 omnis
1326 4670 1578 4714 creatura

1751 4693 1891 4734 tanta
1946 4681 2266 4748 corruptio,
2309 4681 2393 4733 cui
2443 4684 2700 4733 creatura’
2741 4679 2937 4732 anima)
2984 4677 3178 4732 nobilis
3209 4686 3265 4729 et

12 4752 360 4820 :ongemiscit
386 4760 442 4805 et
469 4752 717 4806 condolet
750 4767 922 4822 usque
953 4751 1153 4818 adhuc,
1195 4772 1214 4803 ›
1247 4750 1369 4815 vel,
1418 4762 1478 4805 ut
1522 4754 1574 4807 in

51 4869 92 4899 ⁸⁷
126 4867 171 4921 Il
193 4868 326 4922 Cor.
357 4883 430 4932 tv,
463 4868 547 4921 1'1.
625 4869 670 4900 ⁸⁸
705 4867 741 4920 ιι
773 4868 897 4923 Cor.
931 4869 1043 4932 1,5.
1084 4869 1128 4898 ”
1194 4867 1352 4920 Rom.
1384 4881 1502 4932 v111,
1535 4866 1626 4922 18.

12 4939 34 4968 "
56 4939 92 4993 ll
123 4939 267 4994 Cor.
304 4954 376 5004 1v,
404 4939 492 4992 16.
593 4939 640 4970 ’⁵
669 4939 821 4993 Rom.
860 4955 990 5002 vut,
1017 4938 1108 4992 20.

60 5033 179 5152 (7'7)
212 5030 389 5097 Alias,
424 5049 444 5084 ι
473 5032 527 5088 in
557 5033 882 5087 immensum
916 5031 1077 5086 nobis
1109 5038 1370 5085 aeternum
1398 5029 1584 5096 gloriae

63 5125 110 5152 nt
139 5117 233 5152 IIS.
274 5120 293 5152 ι
329 5111 436 5152 etc.

12 5111 128 5156 )01111
139 5117 233 5156 us.
274 5120 293 5153 ι
329 5111 436 5156 etc.

529 5189 634 5227 ms.
669 5187 813 5226 unus
842 5171 1044 5241 Regius
1077 5185 1224 5225 num.
1264 5168 1427 5225 1639.
1459 5169 1576 5224 (1a:-

11 5257 91 5295 len
119 5257 265 5295 vero
291 5257 422 5295 mss.
450 5251 505 5297 et
531 5243 684 5306 editi,
728 5259 747 5292 ι
782 5250 875 5294 aut
905 5241 958 5295 in
988 5255 1263 5295 mensura.
1306 5259 1326 5290 ι

63 5313 178 5382 (79)
213 5309 390 5382 Alias,
428 5330 447 5363 ι
488 5313 592 5368 Sed
627 5314 794 5367 etiam
825 5311 912 5365 illa
951 5321 1151 5381 potest,
1185 5330 1205 5362 ι
1247 5318 1354 5364 etc.
1382 5350 1398 5374 ,
1455 5309 1528 5363 al.
1560 5350 1575 5375 ,

11 5401 22 5432 ι
50 5389 127 5436 sic
157 5381 345 5452 etgilla
374 5393 576 5452 potest,
617 5401 636 5433 ι
669 5391 774 5437 etc.

63 5452 176 5521 (81))
211 5449 430 5521 Ῑῂιὶιίζσ
465 5453 648 5507 vocari
672 5450 1045 5506 merebuntur.
1087 5469 1105 5502 ι

67 5509 188 5590 (81)
227 5509 390 5590 Ergo.
416 5521 581 5587 Editi,
617 5541 636 5573 ι
670 5531 872 5574 autem.
912 5539 930 5572 ι

63 5589 180 5662 (82)
217 5589 385 5662 ΕΞῆὶιῇ
427 5610 445 5643 1
480 5593 638 5645 alicui
670 5591 986 5660 quidquam,
1030 5608 1048 5641 ι
1088 5589 1245 5644 male.

64 5659 185 5730 (85)
224 5659 393 5730 Editi,
431 5680 449 5714 ε
485 5662 588 5717 sibi
625 5659 910 5716 rationem.
951 5679 972 5712 ει

64 5664 161 5724 (85
224 5664 393 5726 Editi,
431 5680 449 5714 ε
485 5664 588 5717 sibi
625 5664 910 5716 rationem.
951 5679 972 5712 ει

11 5664 185 5858 Et?)
232 5729 419 5802 Editi,
462 5747 791 5804 perperam,
838 5747 858 5781 ο
909 5741 962 5786 et
1000 5744 1227 5799 corpore
1255 5732 1581 5802 corruptibi-

71 5873 190 5943 (85)
223 5869 320 5928 Sic
344 5868 599 5929 Rabanus
632 5881 688 5929 et
716 5885 818 5928 ms.
847 5887 985 5928 unus
1018 5870 1235 5942 Regius.
1267 5871 1408 5928 Editi
1433 5887 1582 5938 vero,

1688 4771 2028 4825 rationabilis
2065 4769 2190 4823 licet
2215 4784 2320 4822 non
2355 4770 2543 4823 volens
2591 4770 2831 4839 subjecta
2863 4773 2946 4822 est
2971 4806 2986 4830 ,
3016 4765 3266 4835 subjecta
3299 4820 3306 4825 ,

1698 4867 1782 4921 ⁹⁰Ι
1810 4866 1936 4920 Cor.
1980 4881 2098 4933 x111,
2127 4864 2214 4918 12.
2288 4866 2331 4896 ⁹¹
2367 4863 2731 4928 lJoan.111,2.
2807 4860 3079 4918 "Coloss.
3110 4875 3171 4927 ιι,
3205 4860 3259 4916 5.

1698 5046 1717 5079 ι
1762 5023 2042 5080 Interioris
2076 5031 2255 5077 autem
2281 5022 2518 5076 hominis
2546 5021 2598 5075 in
2633 5019 2718 5073 bis
2748 5017 3045 5072 renovatio.
3085 5036 3104 5068 ›
3131 5015 3261 5073 Mss.

1669 5097 1931 5166 (quidam,
1969 5114 1992 5217 lc
2032 5093 2314 5149 lnterioris
2353 5102 2531 5146 autem
2562 5091 2799 5146 hominis
2829 5087 2981 5155 cujus
3025 5103 3260 5144 renova-

1692 5173 1788 5217 tio.
1823 5186 1840 5217 ι
1878 5181 1962 5217 ma
1989 5179 2039 5217 e.

1692 5173 1788 5229 tio,
1823 5186 1840 5218 ι
1878 5173 2039 5218 male.

1781 5238 1870 5302 86)
1907 5233 1998 5288 Ει.
2032 5234 2191 5288 Deest
2221 5232 2274 5285 in
2301 5232 2478 5285 editis.

1781 5241 1870 5302 86)
1907 5241 1998 5288 Ει.
2032 5241 2191 5288 Deest
2221 5241 2274 5285 in
2301 5241 2478 5285 editis.

1758 5241 1874 5432 (87)
1903 5305 2066 5370 Editi,
2097 5322 2116 5353 ε
2156 5305 2364 5364 statim,
2396 5301 2603 5382 {male}
2640 5299 2998 5381 Deindemss.
3035 5298 3256 5367 quidam

1789 5381 2047 5432 tabanus,
2080 5393 2098 5425 ι
2132 5382 2187 5426 et
2217 5373 2388 5432 ipsum
2426 5381 2701 5424 Intertorts
2726 5371 2995 5432 ltomtnts,
3025 5370 3128 5423 hoc
3150 5381 3256 5432 est,

1685 5389 1740 5432 et

1789 5370 2047 5436 tabanus,
2080 5393 2098 5425 ι
2132 5382 2187 5426 et
2217 5373 2388 5440 ipsam
2425 5371 2701 5424 interioris
2726 5370 2995 5433 hominis,
3025 5370 3128 5423 hoc
3150 5381 3256 5436 est,

1686 5451 1881 5502 animm
1909 5446 2214 5512 mentisque
2241 5439 2591 5501 ’substantize,
2629 5459 2648 5490 ι
2683 5451 2786 5512 etc.
2812 5440 2922 5512 (Sed
2959 5439 3149 5512 melior
3175 5442 3256 5494 vi-

1689 5521 1850 5573 detur
1883 5517 2040 5568 lectio
2069 5510 2276 5568 codicis
2308 5511 2456 5579 Regii
2511 5527 2662 5565 num.
2695 5510 2833 5566 1659
2860 5521 2914 5564 et
2940 5511 3209 5564 editorum
3238 5551 3252 5576 ,

1687 5604 1859 5658 quam
1879 5586 1939 5658 i117
1967 5594 2186 5658 testun‘t
2205 5581 2547 5658 retinuimus.

1761 5656 1870 5720 (88)
1903 5655 2069 5718 Editi,
2107 5670 2125 5704 ε
2155 5653 2260 5707 Sed
2290 5660 2515 5705 ettanta
2547 5661 2603 5706 et
2637 5651 2777 5716 talis,
2821 5669 2838 5702 ι
2869 5659 2975 5707 etc.

1761 5659 1850 5720 (88
1903 5656 2069 5718 Editi,
2107 5670 2125 5704 ε
2155 5656 2260 5707 Sed
2290 5660 2515 5705 ettanta
2547 5661 2603 5706 et
2637 5656 2777 5716 talis,
2821 5669 2838 5702 ι
2869 5659 2975 5707 etc.

1759 5656 2006 5852 (892ASic
2041 5739 2142 5777 ms.
2177 5738 2314 5776 unus
2366 5721 2567 5803 Regius
2605 5739 2751 5778 num.
2790 5722 2928 5804 1.659
2953 5728 3030 5803 .et
3078 5720 3254 5774 Raba-

1759 5816 1814 5852 l5.
1875 5798 1886 5814 ‘
1931 5797 1992 5852 iti
2023 5808 2152 5850 vero
2178 5799 2232 5851 et
2259 5807 2395 5850 mss.
2417 5793 2685 5852 ulcrtqne.
2721 5811 2738 5845 ι
2773 5793 3134 5852 digesttonum
3158 5804 3254 5852 pu-

1690 5792 1814 5855 nus.
1845 5792 1992 5852 Editi
2023 5808 2152 5850 vero
2178 5799 2232 5851 et
2259 5807 2395 5850 mss.
2417 5793 2685 5866 plerique,
2721 5811 2738 5845 ι
2773 5792 3134 5862 digestionum
3158 5804 3258 5859 pu-

1694 5881 1881 5925 torem.
1917 5884 1939 5921 ι
