3766 6538
472 380 604 430 1111

1963 377 2289 438 ORIGENIS

3598 378 3714 433 11ιέ

471 500 653 549 tamen
695 494 749 551 in
798 512 931 567 spe;
983 508 1194 570 tempus
1234 503 1485 559 videlicet
1514 517 1740 573 sperans
1772 514 1881 570 quo
1913 497 2050 553 lihe—
2082 501 2124 555 Α
2159 494 2268 561 Ego
2301 496 2466 548 etiam
2519 495 2587 548 de
2633 494 2977 565 archangelis
3023 493 3128 550 tale
3171 495 3377 566 aliquid
3426 496 3714 566 intelligere

471 598 646 659 retur,
680 608 803 647 cum
841 593 1076 648 ﬁliorum
1128 595 1221 650 Dei
1255 595 1368 667 (90)
1403 606 1618 667 tempus
1649 594 1922 649 libertatis
1957 593 2049 646 ad-

471 688 705 742 venerit.
741 687 854 741 Hoc
890 697 974 742 est
1004 703 1134 758 ergo
1164 690 1306 757 quod
1339 700 1395 745 et
1426 691 1476 743 in
1508 689 1628 743 aliis
1660 691 1904 759 apertius
1935 687 2048 758 jam

470 779 538 832 de
562 795 621 834 se
653 780 767 849 ipse
792 782 1004 836 dicebat
1027 782 1337 851 Apostolus,
1357 786 1482 852 quia
1503 783 1638 853 (91),
1664 803 1682 835 ι
1712 786 1836 837 dum
1862 797 2050 838 sumus

474 869 525 922 itt
563 870 872 926 habitacqu
918 874 1042 939 hoc,
1071 875 1480 945 ingemiscintus
1512 878 1580 930 ".
1629 897 1650 932 ι
1699 877 1811 934 lloc
1852 887 1909 933 et
1951 877 2052 932 Sa-

470 963 672 1031 pientia
706 981 801 1036 per
834 965 1180 1024 Salomoncm
1205 971 1439 1034 dicebat,
1481 971 1604 1041 quia
1639 989 1658 1023 ι
1697 969 2049 1040 corruptibile

473 1067 670 1122 corpus
723 1067 982 1126 aggravat
1029 1060 1291 1122 animant,
1320 1070 1375 1115 et
1411 1062 1664 1130 deprimit
1701 1075 1918 1116 terrena
1953 1062 2049 1116 Ita-

471 1145 663 1200 ltitatio
715 1161 933 1202 sensum
991 1150 1156 1204 multa
1192 1152 1526 1222 cogitantem
1571 1153 1653 1216 9';
1715 1173 1734 1204 ι
1790 1165 1843 1206 ct
1905 1153 2046 1206 idem

471 1235 671 1292 Paulus
705 1257 718 1294 :
763 1257 783 1290 ε
839 1239 972 1294 Dum
1036 1244 1182 1298 enim
1212 1259 1400 1298 sumus
1429 1262 1479 1298 tn
1513 1261 1764 1312 corpore,
1803 1244 2047 1313 peregri-

473 1347 670 1387 nantur
698 1350 726 1386 a
759 1333 988 1390 Domino
1013 1337 1083 1401 θ’,
1119 1355 1139 1390 ι
1174 1347 1229 1392 et
1259 1339 1410 1408 cupit
1436 1340 1611 1409 magis
1642 1341 1976 1409 peregrinari
2016 1356 2046 1393 a

468 1438 698 1492 corpore
730 1435 784 1481 et
834 1427 1029 1482 adesse
1075 1429 1141 1483 ad
1195 1431 1501 1484 Dominum.
1536 1430 1650 1485 Huc
1694 1433 1896 1486 iudicat
1926 1472 1942 1494 ,
1993 1442 2050 1487 et

440 1518 641 1588 .tnnlto
673 1519 914 1588 apertius
942 1523 1164 1590 exponit
1200 1525 1363 1579 etiam
1395 1525 1449 1578 in
1492 1539 1559 1580 eo
1589 1524 1706 1580 loco
1740 1525 1828 1579 ubi
1863 1526 1997 1580 dicit
2029 1543 2045 1580 :

438 1629 494 1706 it
535 1611 801 1668 Coarctor
830 1622 1014 1670 autetn
1059 1632 1124 1670 ex
1161 1616 1421 1683 duobus;
1473 1619 1802 1675 desiderium
1843 1621 2049 1676 habens

443 1703 694 1787 Ireverti,
727 1713 932 1759 etcum
964 1705 1183 1762 Christo
1217 1723 1371 1773 esse;
1410 1710 1581 1764 multo
1611 1711 1756 1765 enim
1793 1712 1992 1768 melius
2030 1732 2044 1767 :

469 1806 791 1861 permanere
817 1805 998 1850 autem
1025 1798 1078 1851 in
1115 1813 1284 1854 carne
1325 1801 1502 1872 magis
1534 1805 1900 1858 necessarium
1929 1821 2049 1874 pro-

2153 588 2485 656 propheticis
2521 587 2724 642 invitor
2752 587 3002 657 eloquiis.
3049 589 3186 655 Quid
3245 591 3393 642 enim
3440 598 3608 642 tanta:
3641 606 3716 643 va-

2152 682 2339 735 nitatis
2365 691 2420 735 et
2448 691 2612 735 tanta:
2645 681 3018 750 corruptionis
3063 682 3311 736 invenias
3335 723 3350 746 ,
3382 698 3555 752 quam
3598 686 3714 737 bella

2149 789 2341 844 gerere
2374 776 2426 828 in
2461 774 2563 828 hoc
2612 773 2835 838 mundo,
2865 788 3074 843 pugnas
3105 777 3397 829 adversum
3441 792 3509 830 se
3551 792 3714 843 regum

2149 877 2205 920 et
2235 866 2474 936 gentium
2506 864 3060 928 commovereiV'ide
3104 881 3238 935 ergo
3270 868 3420 935 quod
3473 877 3530 919 et
3567 868 3615 918 in
3650 869 3716 920 his

2150 959 2482 1030 praecipuum
2498 957 2863 1028 archangelici
2879 957 3062 1027 operis
3081 958 3311 1013 habetur
3333 959 3581 1014 oﬂicintn
3603 962 3716 1024 (εστι,

2148 1049 2291 1104 sicut
2317 1048 2503 1104 Daniel
2538 1049 2802 1118 propheta
2837 1058 3071 1104 testatur
3093 1049 3116 1082 ⁸
3144 1064 3270 1102 cum
3297 1050 3462 1109 dicit.
3497 1052 3622 1118 quia
3642 1068 3716 1104 ar-

2148 1140 2450 1209 cbangelus
2491 1141 2808 1209 loqueretur
2839 1141 2906 1194 ad
2943 1154 3092 1204 eum,
3126 1139 3218 1210 qui
3260 1141 3477 1194 diceret
3511 1143 3563 1194 ei
3594 1144 3718 1209 quod

2149 1235 2475 1307 pugnaverit
2505 1233 2673 1306 598
2701 1235 2990 1288 adversum
3041 1235 3343 1304 principem
3402 1232 3684 1288 Persarum
3706 1276 3718 1295 ,

2154 1347 2172 1378 ι
2209 1339 2264 1383 et
2293 1341 2474 1393 nemo,
2511 1345 2531 1378 ι
2565 1327 2760 1397 inquit,
2793 1345 2812 1378 ι
2843 1325 2945 1382 fuit
2972 1327 3104 1382 mihi
3139 1326 3442 1394 adiutorio,
3480 1327 3586 1381 nisi
3620 1328 3717 1394 (97)

2149 1419 2376 1476 Michael
2425 1421 2678 1492 princeps
2702 1427 2885 1474 vester
2914 1419 2959 1476 ⁵.
2995 1438 3015 1472 ι
3054 1418 3159 1474 Per
3196 1419 3310 1474 hmo
3353 1433 3496 1488 ergo
3526 1419 3720 1486 singula

2148 1512 2574 1582 deprehenditur
2599 1511 2945 1566 rationabilis
2980 1527 3000 1563 ι
3033 1521 3287 1565 creatura
3309 1511 3556 1564 vanitati
3582 1528 3601 1561 ι
3619 1524 3724 1563 esse

2155 1627 2175 1659 ι
2213 1606 2457 1675 subjecta
2488 1621 2596 1660 non
2641 1604 2851 1671 volens,
2887 1605 2980 1660 sed
3013 1614 3236 1674 propter
3265 1620 3402 1658 eum
3439 1605 3538 1673 qui
3565 1604 3725 1671 subje-

2149 1701 2224 1755 cit
2267 1700 2318 1754 in
2349 1715 2444 1771 spe
2475 1700 2541 1754 ⁸¹.
2582 1717 2604 1751 ι
2633 1696 2770 1767 Spes
2797 1710 3029 1766 namque
3055 1706 3139 1751 est
3172 1696 3242 1750 ab
3284 1697 3376 1753 bis
3428 1700 3594 1752 rebus
3617 1714 3725 1752 cor-

2151 1792 2333 1862 poreis
2387 1801 2444 1846 et
2505 1789 2958 1860 corruptibilibus
3015 1789 3311 1859 aliquando
3378 1793 3722 1845 cessandum.

470 1855 596 1951 βιοῖ
624 1898 720 1939 V08
746 1885 794 1918 ”
824 1885 960 1959 (92).
998 1907 1018 1941 ι
1051 1888 1108 1943 ltt
1138 1904 1247 1959 quo
1273 1855 1461 1961 apert'e
1480 1855 1737 1948 ostendit
1761 1855 1903 1964 quod
1931 1855 2045 1951 Inoo
2083 1855 2120 1908 Β
2155 1855 2304 1938 ilanc
2329 1885 2472 1938 enim
2502 1855 3164 1952 habet-exspectationem
3191 1892 3456 1936 creatura
3497 1883 3604 1936 ista
3648 1899 3722 1934 ra-

471 1973 683 2042 volens,
710 1988 970 2047 quantum
1004 1981 1070 2034 ad
1095 1995 1156 2035 ea
1182 1995 1394 2052 spectat
1423 2001 1544 2056 quae
1565 1988 1762 2043 animae
1785 2005 1897 2044 sua:
1927 2005 2051 2044 con-

467 2066 616 2123 scius
646 2079 768 2124 erat
793 2110 808 2134 ,
857 2073 1194 2143 corruptioni
1235 2075 1364 2131 huic
1402 2077 1742 2149 vanitatique
1771 2081 2003 2138 serviret
2032 2125 2048 2150 ,

469 2159 566 2214 sed
599 2169 818 2230 propter
847 2177 969 2217 eum
1001 2165 1090 2234 qui
1126 2166 1239 2221 hwc
1275 2167 1346 2221 ita
1369 2168 1558 2235 voluit,
1584 2178 1641 2224 et
1670 2181 1892 2240 propter
1923 2187 2048 2236 nos,

471 2257 532 2304 ut
561 2251 692 2306 salvi
727 2267 849 2308 esse
874 2257 1167 2324 possimus.
1186 2257 1480 2315 Permanet
1503 2275 1635 2330 ergo
1670 2262 1723 2316 in
1749 2277 1916 2319 carne
1935 2267 2047 2336 (95)

469 2352 695 2411 propter
724 2359 823 2399 nos
854 2365 866 2400 :
903 2357 960 2401 ut
991 2359 1174 2403 autem
1221 2351 1446 2406 revelati
1477 2352 1684 2410 fuerint
1713 2355 1805 2410 lilii
1841 2357 1958 2423 Dei,
1993 2369 2048 2413 et

469 2437 780 2504 congregati
833 2437 887 2490 in
941 2455 1106 2494 unum
1139 2455 1236 2510 per
1295 2443 1594 2499 Ecclesium
1646 2462 1809 2517 quam
1861 2452 2050 2505 statuit

477 2543 497 2575 ι
531 2527 623 2579 ιιιιί
653 2527 792 2593 viro,
818 2531 1084 2601 virginem
1117 2546 1324 2590 castam
1359 2539 1622 2596 exhibere
1654 2541 1877 2599 Christo
1909 2545 1981 2608 '9,
2022 2565 2042 2598 ι

474 2625 604 2672 tunc
635 2631 690 2674 et
723 2621 837 2690 ipse
881 2623 1206 2681 liberabitur
1253 2645 1280 2684 a
1317 2632 1582 2690 servitute
1631 2637 2004 2704 corruptionis
2027 2680 2046 2707 ,

471 2713 615 2768 sicut
656 2725 713 2771 et
742 2719 857 2788 ipse
885 2720 1056 2777 dicit:
1097 2741 1117 2774 ι
1154 2724 1266 2794 Ego
1297 2737 1476 2782 autem
1521 2729 1633 2800 jam
1681 2731 1960 2799 immolor,
1989 2743 2047 2789 et

472 2813 688 2877 tempus
735 2811 1085 2871 resolutionis
1132 2833 1266 2872 mea:
1296 2818 1486 2878 instat.
1528 2822 1763 2878 Cursum
1791 2839 2048 2880 consum-

471 2900 635 2965 tnavi,
669 2903 828 2960 iidem
861 2910 1074 2964 servavi
1103 2925 1121 2965 :
1147 2915 1216 2966 de
1243 2922 1439 2967 cetero
1489 2917 1726 2984 reposita
1776 2928 1860 2973 est
1911 2919 2042 2974 mihi

469 3007 676 3050 corona
701 2995 927 3066 justitia:
958 3000 1000 3056 ⁸.
1047 3020 1067 3054 ι
1101 3001 1214 3058 Hoc
1249 3011 1336 3059 est
1368 3004 1656 3060 liberatum
1700 3023 1823 3064 esse
1854 3025 1884 3064 a
1921 3024 2039 3065 ser-

470 3085 644 3141 vitute
690 3091 1059 3160 corruptionis
1111 3093 1166 3148 in
1201 3095 1514 3151 libertatem
1561 3099 1750 3168 gloriae
1803 3101 2040 3157 liliorntn

2154 1975 2455 2036 tionabilis,
2506 1983 2566 2030 ut
2609 1974 2875 2029 revelatio
2921 1973 3015 2029 liat
3073 1973 3309 2028 liliorum
3367 1974 3469 2029 Dei
3526 1984 3726 2044 propter

2151 2083 2290 2137 quos
2342 2068 2524 2136 angeli
2579 2067 2874 2129 mittuntur
2903 2066 2956 2120 in
2986 2067 3355 2121 ministerium
3389 2108 3410 2134 ,
3445 2078 3509 2120 ut
3557 2079 3610 2121 et
3644 2069 3729 2136 ipsi

2151 2175 2274 2215 cum
2296 2160 2382 2216 his
2405 2158 2607 2230 quibus
2632 2159 3088 2222 ministraverunt
3115 2159 3510 2214 hmreditatem
3529 2161 3730 2228 capiant

2152 2252 2342 2308 salutis
2375 2253 2422 2318 ",
2453 2261 2513 2306 ut
2535 2252 2876 2307 terrestrium
2907 2261 2958 2305 et
2987 2251 3293 2307 caelestium
3320 2252 3429 2307 iiat
3451 2268 3600 2307 unus
3616 2269 3728 2321 grex

2151 2354 2204 2398 et
2240 2359 2382 2400 unus
2433 2357 2618 2416 pastor
2642 2345 2684 2409 ⁸,
2725 2355 2780 2399 et
2836 2363 2856 2396 ι
2910 2346 2982 2399 sit
3036 2345 3180 2400 Deus
3221 2348 3416 2400 omnia
3471 2348 3530 2400 in
3574 2347 3732 2400 omni-

2151 2437 2253 2492 bus
2281 2440 2323 2490 “.
2358 2455 2377 2490 ι
2417 2437 2485 2492 Et
2527 2448 2586 2491 ut
2623 2437 2931 2491 evidentius
2964 2438 3032 2492 de
3061 2437 3148 2491 his
3181 2451 3303 2507 quae
3332 2438 3571 2492 dixerat
3614 2454 3729 2491 con.

2154 2531 2436 2598 firmaret,
2469 2531 2679 2586 addidit
2709 2548 2723 2586 :
2757 2548 2776 2582 t
2815 2530 3035 2586 Scimus
3067 2532 3212 2585 enim
3265 2533 3545 2600 quoniam
3575 2534 3735 2587 omnis

2151 2635 2405 2678 creatura
2435 2623 2824 2694 congetniscit,
2855 2633 2910 2677 ct
2935 2623 3188 2678 condolet
3215 2639 3398 2694 usque
3427 2625 3619 2680 adhuc
3647 2626 3731 2676 ³⁸.»

2151 2715 2416 2785 Superius
2459 2717 2671 2771 dixerat
2703 2733 2718 2770 :
2749 2733 2770 2768 ι
2828 2717 3097 2771 Existimo
3142 2717 3289 2771 enim
3335 2719 3613 2786 quoniam
3646 2734 3732 2770 non

2148 2819 2276 2866 sunt
2305 2810 2588 2880 condigna:
2611 2811 2894 2881 passiones
2925 2809 3087 2878 hujus
3113 2810 3379 2879 temporis
3405 2811 3478 2863 ad
3506 2810 3734 2864 htturam

2151 2903 2382 2972 gloriam
2421 2904 2504 2969 “;
2551 2922 2568 2955 ι
2609 2913 2667 2959 et
2696 2917 2819 2959 cunt
2866 2903 2938 2957 ibi
2974 2917 3033 2958 se
3063 2902 3392 2958 existimare
3423 2903 3656 2964 dixerit,
3691 2906 3736 2956 in

2160 3000 2243 3053 his
2274 2999 2419 3053 scire
2452 3012 2512 3052 se
2539 2998 2669 3051 dicit
2695 2996 2835 3064 quod
2865 2998 3045 3050 omnis
3075 3005 3332 3050 creatura
3370 2997 3737 3064 congemiscat

2147 3099 2203 3144 et
2249 3089 2537 3145 condoleat
2567 3086 2723 3160 (98),
2757 3104 2864 3154 quo
2899 3086 3106 3141 scilicet
3140 3085 3276 3139 nihil
3325 3086 3382 3140 in
3424 3089 3540 3142 hoc
3592 3102 3737 3140 sensu

466 3177 590 3234 Dei.
621 3180 728 3236 Sed
760 3182 830 3238 ab
863 3184 969 3248 his,
1001 3184 1048 3240 si
1082 3186 1316 3252 videtur,
1359 3191 1628 3260 exemplis
1655 3193 1822 3248 etiam
1855 3196 1921 3250 ad
1955 3212 2043 3249 su,
2070 3197 2113 3256 ρ
2151 3183 2516 3237 dubitationis
2567 3180 2855 3236 habeatur.
2907 3180 3176 3235 Creatura
3225 3179 3375 3233 enim
3399 3221 3418 3246 ,
3467 3180 3601 3235 licet
3645 3196 3736 3233 non

461 3270 678 3339 periora
701 3275 1028 3341 conscende,
1055 3286 1110 3331 et
1138 3277 1262 3333 vide
1297 3279 1467 3348 ipsius
1505 3281 1658 3350 solis,
1687 3293 1743 3338 et
1780 3283 1946 3351 lunas,
1973 3302 2041 3341 ac

459 3360 743 3418 stellarum
771 3365 919 3432 caeli,
940 3375 995 3420 et
1025 3368 1192 3424 totius
1213 3371 1399 3425 mundi
1427 3373 1725 3430 ministeria
1766 3379 2040 3446 quomodo

462 3451 707 3520 subjecta
745 3466 872 3511 sunt
906 3459 1170 3523 vanitati,
1203 3464 1656 3536 corruptionique
1695 3467 2033 3525 deserviunt.

461 3544 546 3597 Ad
572 3560 706 3602 usus
731 3562 966 3617 namque
999 3553 1279 3608 hominum
1315 3555 1468 3612 alunt
1494 3567 1708 3629 segetes
1731 3597 1747 3626 ,
1777 3561 2036 3616 arborum

465 3635 679 3693 fructus
710 3640 825 3712 (94)
877 3644 1223 3712 producunt,
1281 3648 1620 3720 herbamque
1669 3666 2036 3721 camporum:

463 3738 630 3800 atque
673 3735 890 3789 eosdem
941 3736 994 3790 in
1022 3753 1082 3793 se
1115 3752 1454 3798 revertentes
1496 3746 1622 3799 anni
1655 3746 1893 3802 circulo
1924 3747 2040 3800 vol-

459 3831 615 3877 vunt.
652 3823 1091 3894 Reparantenitu
1117 3847 1239 3901 quae
1275 3845 1629 3904 praetereunt,
1662 3849 1725 3894 et
1749 3841 2038 3908 praeterire

460 3927 676 3971 rursum
725 3933 844 3987 quae
877 3934 1125 3990 reparata
1173 3937 1324 3992 sunt,
1371 3929 1580 3985 sinunt.
1627 3931 1776 4001 Ipsos
1824 3947 2040 4001 quoque

460 4008 718 4076 angelos,
751 4011 798 4064 si
829 4014 900 4068 ad
941 4017 1268 4073 sententiam
1314 4019 1462 4076 Pauli
1493 4023 1759 4091 respicias
1789 4038 1911 4093 qua:
1958 4024 2041 4077 di-

458 4100 557 4164 cit,
587 4101 716 4169 quia
747 4119 769 4155 t
792 4118 981 4161 omnes
1010 4107 1399 4167 ministeriales
1427 4124 1556 4168 sunt
1587 4115 1812 4183 spiritus
1838 4115 1907 4169 ad
1939 4117 2037 4168 tui-

458 4193 743 4250 ttisterium
782 4197 929 4252 missi
969 4209 1192 4269 propter
1240 4218 1335 4260 eos
1380 4205 1473 4275 qui
1521 4207 1893 4261 luereditatem
1944 4222 2037 4262 ca—

457 4285 616 4354 piunt
647 4287 842 4345 salutis
868 4291 911 4355 ',
948 4310 968 4343 ι
1005 4293 1278 4364 intelliges
1308 4296 1416 4352 tale
1457 4298 1662 4366 aliquid
1715 4315 1906 4369 gerere
1929 4339 1945 4364 ,
1982 4309 2038 4354 et

464 4375 595 4430 huic
631 4383 970 4451 corruptioni
1026 4399 1148 4440 esse
1183 4385 1460 4457 subjectos
1488 4388 1603 4459 (95)
1634 4406 1650 4443 :
1679 4391 1844 4444 credo
1872 4390 2035 4444 etiam

456 4464 608 4537 ipsos
647 4485 756 4525 non
801 4475 1064 4541 volentes,
1105 4479 1199 4532 sed
1247 4489 1466 4548 propter
1507 4494 1630 4534 eum
1673 4481 1765 4551 qui
1804 4481 2039 4551 subjecit

2154 3273 2342 3329 volens
2369 3272 2613 3344 subjecta
2644 3273 2736 3336 sit,
2765 3283 2947 3326 tamen
2995 3271 3249 3340 quoniam
3297 3272 3584 3326 vnlttnlali
3611 3273 3737 3327 cedit

2148 3365 2268 3433 ejus
2302 3367 2393 3436 qui
2428 3364 2684 3434 subjecit,
2712 3362 2882 3418 etiam
2918 3359 3177 3416 aﬂectum
3211 3361 3329 3430 (99)
3356 3364 3664 3430 quemdam
3693 3372 3738 3414 ιιι

2150 3457 2475 3512 charitatem
2509 3456 2656 3512 circa
2705 3469 2800 3510 eos
2831 3454 3057 3509 exhibet
3085 3492 3102 3518 ,
3133 3469 3231 3522 pro
3276 3455 3493 3522 quibus
3537 3456 3739 3509 videtur

2150 3563 2270 3604 esse
2293 3547 2563 3617 subjecta,
2596 3557 2654 3600 et
2683 3561 2781 3615 pro
2813 3547 3094 3601 doloribus
3119 3559 3314 3599 eorum
3341 3547 3528 3610 deiet.
3556 3555 3614 3600 et
3653 3561 3744 3613 pro

2150 3641 2445 3710 gemitibus
2471 3640 2675 3710 gemit.
2707 3641 2764 3694 Si
2795 3655 2927 3694 vero
2949 3679 2966 3704 ,
2999 3649 3061 3694 ut
3096 3641 3148 3694 itt
3174 3639 3296 3693 aliis
3331 3637 3738 3707 exemplaribus

2149 3733 2452 3798 invenitur,
2484 3733 2560 3787 ita
2589 3733 2856 3802 legamus,
2898 3751 2918 3782 α
2951 3733 3312 3804 congemiscit
3336 3743 3398 3786 et
3429 3733 3692 3802 parturit,
3719 3750 3732 3778 ι

2148 3825 2447 3882 secundum
2480 3823 2632 3879 illum
2686 3839 2907 3878 sensum
2957 3824 3295 3892 accipiemus
3327 3841 3347 3875 ι
3395 3823 3686 3892 ριιι-ιιιτίιι
3718 3839 3734 3869 ι

2147 3934 2260 3987 quo
2311 3920 2442 3974 dicit
2493 3919 2787 3988 Apostolus
2837 3917 3090 3986 genuisse
3126 3931 3188 3971 se
3218 3931 3320 3986 per
3374 3914 3736 3987 Evangelium

2145 4026 2240 4066 eos
2270 4025 2406 4080 quos
2441 4025 2536 4079 per
2567 4010 2726 4063 [idem
2771 4007 2972 4062 Christi
3005 4006 3262 4076 produxit
3307 4005 3373 4059 ad
3426 4005 3617 4061 lucem
3652 4006 3692 4034 ¹²
3725 4020 3736 4062 ;

2148 4110 2229 4164 \el
2267 4109 2412 4163 sicut
2441 4108 2506 4161 de
2535 4105 2658 4159 aliis
2683 4103 2807 4158 alibi
2842 4101 2918 4173 (1)
2949 4102 3088 4157 dixit
3120 4123 3130 4156 :
3177 4119 3198 4152 α
3232 4099 3422 4154 Filioli
3459 4100 3577 4155 mei
3617 4112 3741 4167 quos

2148 4203 2344 4256 iterum
2389 4198 2634 4268 partttrio
2660 4236 2675 4260 ,
2707 4197 2878 4250 donec
2925 4195 3194 4248 formetur
3234 4191 3509 4248 Christus
3547 4192 3603 4245 in
3654 4206 3740 4241 τοι»

2147 4293 2230 4347 his
2260 4291 2328 4345 ".
2374 4310 2393 4342 ι
2424 4289 2667 4344 Parturit
2702 4302 2833 4358 ergo
2859 4296 2914 4342 et
2944 4296 3196 4341 creatura
3227 4299 3322 4338 eos
3354 4300 3514 4353 quos
3544 4283 3626 4352 (Ξ)
3671 4299 3741 4333 τεο

2145 4395 2373 4456 generat
2400 4385 2467 4438 ad
2498 4383 2753 4438 salutem.
2789 4381 2941 4447 Quod
2978 4381 3026 4434 si
3054 4381 3221 4434 etiam
3266 4379 3369 4433 hoc
3432 4378 3738 4448 legentibus

2146 4480 2320 4532 visum
2352 4475 2523 4530 fuerit
2552 4473 2964 4542 requirendum,
2989 4488 3089 4526 cur
3126 4471 3177 4525 itt
3206 4469 3611 4538 superioribus
3639 4484 3738 4520 ter-

454 4571 553 4616 ωδ
581 4561 636 4615 in
666 4563 816 4632 81³8⁸.
850 4583 870 4615 ι
903 4564 1174 4623 Voluntati
1205 4571 1350 4624 enim
1381 4571 1528 4626 illius
1550 4573 1672 4643 quis
1703 4574 1909 4628 resistit
1929 4573 1991 4627 l*?
2013 4594 2032 4627 ι
2070 4563 2114 4618 Ι)
2148 4572 2222 4625 tio
2247 4569 2609 4624 nominaverit
2632 4575 2964 4629 creaturam,
2994 4575 3050 4619 et
3078 4579 3345 4632 nusquam
3376 4564 3607 4617 dixerit
3635 4577 3739 4615 om-

517 4723 632 4777 "-|l
661 4725 782 4781 Cur.
810 4744 860 4788 ν,
889 4730 942 4782 ὁ.
1010 4729 1054 4761 9⁸
1087 4732 1214 4801 Sap.
1249 4750 1325 4794 ιιι.
1357 4735 1439 4788 15.
1517 4736 1560 4766 ’τ
1599 4736 1636 4788 Il
1663 4735 1788 4789 Cor.
1821 4749 1873 4801 v,
1897 4735 1951 4797 6,
1982 4736 2033 4792 8.

537 4793 702 4866 Hebr.
763 4815 797 4858 ι.
857 4799 942 4854 14.
1021 4801 1041 4831 ³
1075 4802 1206 4855 lium
1266 4821 1378 4861 \‘ttl.
1406 4807 1496 4859 ‘20.
1575 4809 1594 4836 ‘
1620 4807 1775 4860 Rom.
1807 4821 1879 4866 ιι,
1900 4807 1986 4861 19.

2190 4737 2380 4804 Philip.
2417 4751 2458 4800 ι,
2488 4733 2577 4786 95.
2654 4732 2699 4764 '9
2724 4731 2762 4784 ll
2792 4729 2920 4785 Cor.
2945 4747 3000 4792 rt,
3031 4730 3087 4786 (Ξ.

2190 4828 2240 4862 ιι.
2271 4827 2324 4866 x.
2354 4806 2436 4859 15.
2510 4805 2530 4834 ⁸
2561 4805 2690 4856 Ιὶςιιι.
2722 4818 2778 4865 Χ,
2795 4801 2884 4854 21.
2962 4801 3001 4830 ⁸⁸
3032 4801 3087 4854 Ii:

2127 4821 2240 4865 )ztlt.
2271 4827 2324 4870 Χ,
2354 4821 2436 4859 1ο.

455 4792 479 4826 ³
537 4793 702 4850 Hebr.
763 4815 797 4858 ι,
857 4799 942 4854 14.
1021 4792 1206 4855 aliut-tl
1266 4792 1496 4861 νιιι.⁴20.

1575 4809 1594 4836 ⁸
1620 4807 1775 4860 Rom.
1807 4821 1879 4871 ιι,
1900 4807 1986 4861 19.

454 4876 500 4929 ι,
529 4865 613 4920 14.
679 4866 702 4897 ⁸
727 4866 884 4926 .loan.
912 4888 968 4936 χ,
1006 4873 1090 4925 16.

677 5050 840 5128 Editi,
873 5073 891 5103 ι
924 5072 1030 5122 quo
1059 5057 1320 5112 liberetur
1349 5059 1403 5112 itt
1441 5059 1564 5113 iiliis
1599 5061 1714 5128 Dei,
1747 5078 1872 5117 cum
1901 5073 2037 5118 tem—

456 5128 560 5184 pus
587 5118 873 5187 lilwt‘ltttis,
910 5118 1068 5180 r'ele.

530 5187 644 5260 (91)
681 5192 840 5253 Quin.
879 5195 1224 5249 Desideratttr
1258 5198 1309 5250 in
1335 5199 1527 5252 editis.

455 5259 642 5379 vagi!)
673 5260 833 5330 Editi,
880 5284 898 5314 ι
939 5280 1263 5334 pertttanere
1307 5271 1360 5323 itt
1392 5287 1556 5326 carne
1589 5273 1762 5343 magis
1807 5285 2032 5342 propter

563 5367 573 5378 .
611 5347 630 5379 ι

525 5397 636 5477 (93)
681 5398 822 5454 Editi
849 5443 864 5467 ,
902 5404 1251 5477 «Permanet
1295 5419 1478 5465 autem
1531 5412 1585 5466 in
1633 5427 1839 5477 carne.
1872 5433 1890 5462 ι
1924 5423 2032 5466 ele-

462 5467 667 5552 Dvittde
702 5475 1088 5552 tttss._qttidatu
1115 5518 1131 5542 ,
1169 5497 1188 5531 ι
1231 5488 1290 5533 ιιι
1317 5492 1501 5536 autem
1538 5467 1966 5551 revelativsitut;
2009 5502 2029 5534 ι
2088 5537 2100 5552 ,

458 5550 512 5589 et
538 5549 748 5606 postea,
787 5558 805 5591 ι
839 5541 1123 5599 liberatur.
1162 5567 1182 5599 ι

677 5611 845 5691 iciliti,
881 5631 900 5664 ι
929 5614 1175 5691 arbores,
1219 5619 1444 5676 fructus.
1479 5641 1498 5674 ι

533 5680 647 5758 (95)
676 5681 844 5746 Alias,
876 5703 894 5733 ι
932 5685 1037 5758 tale
1058 5680 1186 5755 quid
1219 5705 1431 5758 gerere,
1455 5703 1511 5748 et
1537 5693 1664 5750 huic
1696 5695 1891 5751 rationi
1913 5710 2030 5751 esse

459 5751 768 5813 subjectos;
803 5772 819 5802 ι
859 5756 1015 5807 male.

536 5821 648 5894 (9.6)
673 5821 932 5894 Οσὶεἱιιηι.
971 5825 1127 5883 Deest
1157 5830 1208 5884 itt
1239 5831 1396 5890 libris
1425 5843 1580 5892 antea
1613 5835 1795 5893 editis.

1169 4874 1190 4900 "
1213 4875 1233 4926 Ι
1259 4874 1385 4931 Cor.
1420 4892 1508 4942 xv,
1539 4878 1610 4930 28
1706 4878 1749 4908 ¹⁰
1784 4875 1942 4932 Rom.
1975 4893 2094 4945 vnt,
2126 4883 2219 4936 ‘22.

3167 4729 3184 4760 ¹
3211 4728 3248 4782 ll
3279 4728 3431 4782 Tim.
3479 4745 3563 4790 ιν,
3619 4728 3739 4780 6—8.

2510 4805 2530 4834 ⁸
2561 4805 2690 4856 Dan.
2722 4801 2884 4865 x,9.1.
2962 4801 3001 4830 "
3032 4801 3187 4854 liam.
3216 4815 3336 4860 vut,
3359 4799 3466 4852 20.
3539 4801 3561 4830 '
3585 4799 3739 4865 Hebr.

2695 4862 2926 4927 “iCur.
2957 4889 3028 4937 tv,
3061 4871 3148 4925 15.
3227 4869 3272 4900 ’³
3310 4870 3506 4923 Galaz.
3548 4887 3625 4933 tv,
3665 4862 3738 4921 11'.

2299 4879 2338 4911 ¹¹
2374 4876 2505 4933 ibid.
2532 4877 2618 4930 18.

2213 5061 2334 5130 (97)
2357 5059 2525 5120 Editi,
2547 5076 2576 5130 _t
2610 5067 2668 5130 et
2697 5069 2879 5130 nemo.
2905 5053 3102 5130 inquit,
3127 5051 3228 5103 fuit
3259 5052 3312 5104 itt
3341 5052 3694 5119 adjutoriuan
3719 5071 3734 5099 ι

2149 5123 2267 5199 (ηιξ.
2305 5123 2324 5180 ἑ
2361 5130 2464 5182 fuit
2489 5127 2618 5181 tnilti
2652 5125 2890 5199 adjtttor)
2923 5123 3052 5199 nisi,
3091 5141 3110 5174 ι
3139 5135 3244 5199 etc.
3290 5191 3304 5199 .
3522 5195 3536 5199 _
3703 5194 3710 5198 ι

2221 5200 2334 5269 (98)
2366 5199 2529 5259 Editi,
2569 5217 2588 5248 ‹
2635 5205 2691 5250 et
2716 5191 2770 5269 in
2806 5195 2890 5247 Itis
2921 5195 3080 5269 scire
3106 5209 3164 5247 se
3195 5191 3330 5246 dixit
3372 5195 3536 5269 quod
3569 5194 3740 5246 omnis

2140 5264 2392 5325 creatura
2421 5267 2778 5337 congentiscit
2802 5275 2856 5318 et
2884 5264 3140 5337 condolet
3171 5277 3343 5337 usque
3365 5264 3586 5318 adhuc.
3630 5283 3648 5312 ι

2217 5341 2331 5410 (99)
2388 5333 2551 5392 Ειιιιΐ
2573 5337 2822 5409 plerique
2846 5374 2861 5400 ,
2903 5355 2920 5384 ι
2959 5335 3053 5404 qui
3105 5333 3340 5402 subjecit
3385 5349 3523 5386 eam
3554 5378 3574 5401 ,
3613 5334 3740 5386 aﬂu-

2142 5423 2316 5474 ctunt,
2353 5429 2371 5459 ι
2408 5417 2515 5462 etc.

2217 5481 2294 5547 (1)
2317 5480 2476 5532 Alibi.
2511 5475 2862 5531 Desidet-ator
2887 5476 2940 5529 in
2964 5475 3146 5539 editis,
3168 5475 3260 5545 qui
3286 5484 3486 5544 postea
3511 5476 3735 5535 trabe",

2150 5569 2168 5598 ι
2216 5551 2392 5604 Filioli
2426 5549 2530 5602 tnei
2577 5561 2716 5616 quos
2758 5547 2936 5602 adhuc
2964 5547 3211 5615 parturit)
3239 5588 3252 5612 ι
3293 5563 3312 5596 ›
3354 5547 3505 5599 sicut.
3535 5556 3597 5600 et
3637 5563 3730 5599 Bt).

2145 5637 2287 5676 unus
2315 5621 2533 5690 Regius.

2216 5691 2294 5760 (2)
2330 5684 2422 5744 Sic
2451 5705 2551 5742 ms.
2582 5703 2724 5742 unus
2759 5686 2958 5760 Regius
2995 5686 3337 5760 nttr_n.1639,
3373 5684 3651 5741 “abantis
3682 5697 3734 5739 σε

2139 5755 2291 5816 editi.
2316 5760 2440 5814 Mss.
2473 5775 2602 5812 vero
2629 5762 2733 5812 duo
2761 5759 2981 5819 habent.
3017 5775 3038 5810 ι
3071 5755 3311 5812 Parturit
3335 5771 3468 5828 ergo
3500 5767 3564 5813 et
3588 5764 3737 5812 creat

2139 5848 2257 5904 eos,
2297 5846 2455 5902 quos.
2498 5849 2515 5882 ι
2551 5842 2668 5887 ρων
