3768 6540
95 371 204 424 1115

99 487 162 540 nis
197 497 452 543 creatura
499 511 514 557 ;

97 579 212 631 enim
239 583 504 646 quoniam
544 586 719 639 munis
747 596 994 643 creatura
1032 594 1400 664 congemiscit,
1433 607 1487 649 et
1512 612 1643 652 con-

98 667 216 721 dolet
249 669 293 700 “
320 670 403 739 (ὅ)
442 694 453 726 :
491 693 508 724 ›
545 683 720 741 potest
766 675 845 730 sic
873 677 1140 750 intelligi,
1168 683 1294 752 quia
1326 700 1429 738 non
1467 686 1644 742 omnis

95 761 280 830 quidem
312 764 392 832 (1)
443 776 692 821 creatura
724 776 808 823 est
857 783 976 838 qua:
1027 772 1334 844 ingetniscit
1373 787 1427 830 et
1471 777 1636 846 dolet,

97 853 180 906 hoc
202 863 282 908 est
330 871 458 924 quae
507 860 818 915 necessitati
841 863 1087 932 corporis
1115 867 1484 936 corruptibilis
1511 870 1642 924 sub-

87 943 257 1012 jacet:
291 948 476 1002 omnis
525 960 706 1006 autem
743 963 993 1008 creatura
1043 965 1125 1010 est
1157 973 1279 1026 qua
1335 959 1644 1020 dolentibus

87 1037 321 1092 condolet
347 1079 364 1105 ,
415 1048 474 1093 et
513 1056 634 1110 qua:
681 1045 1020 1112 gementibus
1049 1049 1420 1116 congemiscit.
1453 1049 1643 1106 Omnis

86 1141 248 1185 autem
281 1142 541 1186 creatura
585 1135 834 1202 superior
878 1151 1078 1205 agones
1108 1147 1162 1190 et
1204 1141 1500 1194 certamina
1541 1156 1640 1196 no-

88 1228 184 1274 stra
211 1232 444 1290 spectat,
473 1234 529 1277 et
557 1225 705 1278 dolet
735 1240 855 1278 cum
887 1226 1178 1294 vincimur,
1210 1243 1332 1282 cum
1372 1245 1498 1284 vero
1527 1230 1644 1284 vin-

86 1312 244 1366 cimus
273 1313 480 1383 gaudet
507 1313 584 1384 (5)
604 1329 618 1376 ;
639 1325 694 1368 et
721 1313 893 1369 multo
925 1315 1044 1382 plus
1063 1331 1225 1385 quam
1253 1318 1428 1385 nobis,
1447 1317 1641 1389 illis(6)

87 1403 215 1457 inest
245 1405 486 1474 gaudere
514 1419 636 1460 cum
684 1404 1041 1475 gaudentibus
1081 1419 1136 1462 et
1181 1409 1359 1466 dolere
1384 1425 1506 1466 cum
1547 1414 1644 1466 do-

86 1493 313 1548 lentibus
339 1494 409 1550 ¹⁸.

144 1584 195 1639 5.
225 1601 246 1636 ι
283 1584 406 1640 Νοη
435 1586 611 1642 solum
648 1596 854 1656 autem,
887 1589 980 1645 sed
1019 1599 1076 1646 et
1106 1605 1205 1646 nos
1239 1591 1339 1662 ipsi
1376 1591 1643 1664 primitias

85 1676 312 1744 Spiritus
361 1677 672 1748 habentes,
720 1683 883 1735 etiam
917 1684 1015 1751 ipsi
1071 1684 1208 1738 intra
1255 1701 1348 1738 nos
1378 1685 1642 1756 gemimus

85 1771 422 1838 adoptionem
477 1772 705 1826 ﬁliorum
733 1773 809 1845 (7)
854 1785 1234 1842 exspectantes
1259 1818 1274 1841 ,
1308 1778 1640 1846 redemptio-

1021 381 1372 443 COMMENT.
1409 387 1477 441 IN
1515 388 1730 444 EPIST.
1753 391 1843 446 AD
1879 390 2042 446 ROM.
2081 387 2210 444 LIB.
2255 381 2362 441 VII.

571 493 638 546 ad
685 494 932 550 ultimum
974 515 1105 556 vero
1138 503 1284 557 dicat
1317 522 1330 558 :
1369 525 1386 556 ι
1423 506 1637 561 Scimus
1667 515 1713 569 Α
1747 526 1766 559 t
1823 509 1929 564 Sed
1979 519 2033 565 et
2089 526 2190 567 nos
2221 513 2324 581 ipsi
2361 507 2630 581 primitias
2658 507 2894 576 Spiritus
2941 510 3215 564 habentes.
3278 532 3297 564 ι

3168 392 3301 449 HM

1745 601 1960 656 Scimus
2010 602 2154 656 enim
2207 604 2476 672 scriptum
2535 614 2658 656 esse
2711 601 2765 654 itt
2821 600 2935 666 lege
2986 602 3026 630 ”
3083 601 3234 670 (10)
3285 620 3299 656 :

1747 708 1769 742 σ
1802 689 2079 746 Primitias
2111 707 2275 759 areaa,
2309 703 2363 747 et
2393 692 2669 758 primitias
2699 691 2986 744 toreularis
3014 706 3117 744 non
3161 693 3308 745 frau-

1742 781 1896 837 dabis
1934 801 1948 836 :
1991 801 2010 834 ι
2045 791 2104 838 et
2131 784 2215 838 ³⁸ε
2247 803 2266 836 ι
2311 783 2590 838 Primitias
2634 782 2874 837 omnium
2925 781 3136 850 l'rngum
3185 791 3305 835 tua-

1744 886 1864 925 rum
1892 870 2102 926 inferes
2134 871 2188 927 in
2218 873 2437 926 domum
2475 868 2691 924 Domini
2734 867 2827 920 Dei
2863 868 2957 920 ttti.
3008 885 3024 916 ι
3055 866 3192 931 Quid
3221 883 3309 919 er-

1741 976 1810 1029 go
1849 962 2062 1016 i’Sicut
2108 962 2363 1031 primitiae
2413 976 2556 1015 area:
2608 967 2664 1015 et
2717 958 2969 1026 primititc
3021 958 3310 1011 torcularis

1743 1053 1987 1122 ejusdem
2021 1054 2194 1123 frugis
2223 1065 2370 1119 sunt,
2399 1051 2558 1118 cujus
2601 1061 2686 1106 est
2723 1061 2778 1103 et
2816 1050 3017 1116 reliqua
3052 1064 3200 1112 area,
3227 1049 3310 1104 vel

1742 1145 1983 1214 ejusdem
2012 1146 2124 1214 (ll)
2175 1146 2401 1215 liquoris
2446 1145 2602 1212 cujus
2645 1153 2702 1198 et
2749 1141 3007 1202 torcttlar,
3051 1142 3196 1195 itane
3229 1143 3312 1192 vi-

1742 1235 1954 1290 debitur
1999 1235 2163 1306 599
2199 1245 2253 1290 et
2293 1235 2434 1304 quod
2479 1233 2612 1288 dicit
2657 1230 2907 1300 primitiae
2967 1227 3208 1297 Spiritus
3246 1243 3311 1280 ex

1743 1327 1928 1382 multis
1961 1329 2185 1396 reliquis
2209 1325 2494 1396 spiritibus
2526 1324 2732 1378 sanctis
2758 1333 2813 1375 et
2845 1321 3018 1375 beatis
3046 1334 3183 1373 unus
3214 1319 3315 1372 ali-

1742 1414 1865 1487 quis
1893 1432 2016 1472 esse
2069 1416 2414 1487 praecipuus?
2451 1416 2532 1468 An
2568 1413 2700 1468 illud
2726 1412 2906 1482 potius
2929 1409 3311 1480 intelligemus,

1743 1511 1921 1578 quod,
1947 1508 2248 1564 secundum
2275 1523 2339 1562 ea
2366 1507 2477 1577 (12)
2517 1522 2638 1576 qua:
2659 1504 2907 1574 superius
2937 1501 3312 1565 disseruimus,

1742 1598 1899 1654 multi
1948 1598 2059 1652 sint
2115 1598 2344 1667 spiritus
2394 1597 2786 1652 ministeriales
2836 1593 3208 1648 ministrantes
3258 1591 3311 1644 in

1745 1692 2054 1746 ministerio
2105 1702 2331 1761 propter
2379 1707 2475 1743 eos
2525 1691 2614 1757 qui
2671 1687 3045 1742 literetlitatem
3094 1685 3314 1752 capiunt

1743 1783 1938 1837 salutis
1966 1784 2032 1844 “,
2066 1784 2167 1837 sub
2211 1783 2408 1851 qttibtts
2454 1798 2622 1849 agens
2670 1780 3043 1850 unusquisque
3085 1778 3314 1832 creden-

86 1878 196 1916 nem
233 1864 490 1932 corporis
536 1865 730 1918 nostri.
773 1865 882 1934 Spe
909 1869 1052 1919 enim
1085 1867 1218 1920 salvi
1270 1868 1395 1922 lacti
1431 1885 1639 1924 sumus.
1673 1849 1715 1903 Β
1747 1876 1879 1928 tiunt
1925 1872 2074 1928 velut
2115 1849 2530 1926 subtutoribus
2569 1881 2623 1924 et
2672 1849 3114 1940 procuratoribus
3160 1870 3315 1939 iusti-

86 1952 210 2021 Spes
238 1964 424 2008 autem
456 1971 577 2024 qua:
604 1955 832 2019 videtur,
869 1973 974 2010 non
1015 1969 1098 2010 est
1145 1975 1286 2028 spes.
1319 1960 1469 2026 Quod
1498 1963 1640 2014 enim

87 2046 223 2101 videt
250 2047 379 2114 quis
405 2087 422 2112 ,
453 2047 582 2115 quid
615 2049 837 2115 sperat?
871 2047 977 2102 Sed
1013 2050 1058 2102 si
1085 2052 1226 2118 quod
1259 2068 1363 2104 non
1399 2053 1644 2108 videmus

85 2151 362 2204 speramus
387 2177 405 2202 ,
438 2153 534 2206 per
568 2139 884 2205 patientiam
918 2151 1300 2209 exspectamus
1347 2145 1411 2198 η.
1451 2164 1470 2196 ι
1504 2146 1646 2200 Con-

84 2228 418 2282 suetudinem
443 2231 753 2298 aposlolica:
777 2232 1104 2286 elocutionis
1132 2249 1252 2289 esse
1279 2250 1419 2305 sa-pe
1455 2237 1643 2291 docui-

86 2336 211 2384 mus,
232 2337 357 2375 cum
393 2323 546 2385 dicit,
582 2341 601 2374 ι
635 2323 750 2378 Non
782 2323 953 2380 solum
987 2337 1195 2390 antetn,
1224 2346 1243 2377 ι
1272 2338 1327 2381 et
1357 2329 1485 2382 nihil
1515 2333 1647 2383 sub-

79 2411 244 2483 jungit
286 2414 379 2468 cui
430 2415 602 2484 aptari
656 2417 889 2484 debeat,
925 2419 1299 2488 superioribus
1332 2422 1494 2474 dictis
1526 2437 1646 2477 esse

86 2505 424 2559 referendum
451 2549 466 2571 ,
505 2508 650 2562 sicut
680 2519 735 2563 et
772 2510 823 2563 in
865 2511 1119 2581 praesenti
1149 2511 1387 2581 capitulo
1418 2512 1644 2582 intelligi

85 2596 252 2649 datur.
299 2595 438 2651 Tale
468 2615 701 2670 namque
727 2609 814 2656 est
843 2603 983 2670 quod
1030 2603 1211 2656 dicere
1244 2603 1496 2657 videtur:
1529 2603 1644 2658 Non

82 2688 244 2741 solum
271 2690 458 2743 omnis
492 2700 742 2745 creatura
775 2693 1126 2762 congentiscit
1152 2703 1205 2747 et
1238 2695 1524 2762 condolet;
1552 2697 1645 2751 sed

83 2787 129 2829 et
158 2793 256 2832 nos
291 2778 394 2846 ipsi
444 2779 717 2847 primitias
766 2779 1002 2850 Spiritus
1027 2780 1288 2835 habentes
1312 2820 1329 2844 ,
1372 2782 1510 2848 intra
1549 2798 1647 2836 nos

83 2870 361 2937 gemimus.
398 2869 469 2925 Et
503 2886 601 2925 nos
636 2872 778 2926 enim
808 2884 1183 2940 exspectamus
1210 2872 1558 2942 adoptionem
1585 2872 1648 2926 ll-

83 2958 268 3013 liorum
295 2959 416 3026 Dei,
442 2969 500 3014 et
532 2962 955 3028 redemptionem
977 2960 1220 3030 corporis
1241 2961 1648 3027 nostri.Quam-

84 3053 154 3106 vis
195 3052 299 3107 hoc
335 3051 592 3122 ipsojam
630 3054 770 3122 qttod
801 3053 1020 3109 Christo
1063 3055 1336 3109 credimus
1365 3093 1382 3118 ,
1413 3054 1644 3108 salutem

83 3144 225 3198 nobis
285 3146 587 3213 przestitam
642 3148 970 3211 noverimus,
1024 3156 1198 3200 tamen
1230 3146 1282 3200 in
1326 3161 1423 3214 spe
1472 3145 1646 3199 adhuc
1671 3186 1714 3242 ϐ

79 3246 152 3289 est
171 3237 320 3291 salus
345 3238 473 3302 ista,
498 3253 604 3293 non
639 3238 692 3292 in
723 3249 944 3306 aspectu
974 3237 1265 3294 visibilium
1297 3237 1396 3310 (8).
1426 3237 1481 3292 Si
1499 3239 1643 3292 enim

79 3327 177 3394 jam
206 3330 510 3394 videretur,
548 3346 651 3383 non
685 3332 869 3398 utique
895 3342 1230 3399 speraretur.
1269 3331 1464 3399 Sperat
1495 3330 1640 3384 enim

79 3406 203 3486 quis.
223 3429 282 3475 ut
313 3421 518 3476 videat.
547 3420 604 3475 Si
628 3437 756 3476 vero
774 3423 954 3476 videat
981 3437 1102 3490 quae
1136 3425 1411 3491 sperabat,
1446 3437 1642 3490 super-

79 3511 230 3566 ﬂuum
259 3522 347 3568 est
382 3516 525 3569 ultra
557 3529 780 3584 sperare
814 3529 935 3584 qua:
979 3514 1133 3568 videt
1176 3513 1275 3586 (9).
1307 3513 1416 3570 Nos
1459 3523 1639 3569 autem

79 3618 219 3669 spem
251 3620 361 3659 non
387 3605 665 3660 habemus
694 3605 746 3659 in
786 3605 870 3660 his
898 3621 1018 3676 qua:
1047 3605 1330 3672 videntur,
1365 3624 1432 3661 ne
1466 3605 1641 3661 inanis

82 3697 148 3748 sit
177 3712 299 3766 spes
336 3707 551 3764 nostra,
582 3697 676 3752 sed
715 3697 769 3752 in
801 3699 886 3753 bis
932 3715 1054 3770 qua:
1103 3715 1206 3753 non
1255 3699 1528 3754 videntur.
1575 3698 1642 3752 Et

81 3788 192 3842 ideo
217 3790 340 3858 quia
369 3806 493 3860 quae
526 3807 631 3845 non
667 3791 920 3846 videntur
949 3808 1259 3860 speramus,
1299 3801 1354 3847 et
1385 3801 1492 3844 tam
1523 3809 1640 3846 ma-

82 3896 178 3946 gna
221 3893 348 3939 sunt
399 3893 624 3955 tamque
663 3884 895 3953 gloriosa
929 3926 946 3949 ,
986 3895 1044 3940 ut
1081 3887 1265 3941 multis
1314 3887 1593 3942 lahorilms
1621 3927 1638 3952 ,

80 3972 358 4045 multisque
408 3977 857 4032 tribulationibus
901 3988 956 4032 et
1007 3978 1266 4047 periculis
1316 3979 1642 4047 capiantur,

80 4063 275 4121 idcirco
321 4083 383 4122 ea
419 4083 518 4136 per
569 4069 887 4138 patientiam
940 4081 1348 4140 exspectamus,
1385 4081 1639 4138 tanquam

79 4153 166 4206 vix
221 4155 515 4226 aliquando
583 4170 831 4213 ventura.
897 4161 1023 4216 Haec
1081 4161 1318 4216 diximus
1378 4162 1640 4214 directum

78 4251 378 4313 quemdam,
404 4261 455 4303 et
491 4249 807 4305 lncidioretn
835 4254 1179 4307 sermonibus
1224 4254 1352 4320 ipsis
1383 4252 1644 4320 apostoli-

80 4337 154 4388 cis
182 4339 420 4394 ordinem
457 4341 675 4396 dantes.
697 4341 869 4406 Nttnc,
902 4345 946 4398 si
981 4346 1212 4407 videtur,
1239 4346 1368 4414 quid
1393 4355 1477 4398 est
1497 4346 1638 4412 quod

1749 1968 1921 2022 tuitur
1957 1981 2131 2036 usque
2165 1965 2230 2018 ad
2265 1965 2592 2030 praelinitqu
2624 1974 2834 2030 tempus
2873 1980 2900 2016 a
2929 1963 3085 2015 Patre
3108 1961 3176 2020 ⁸ο,
3213 1961 3316 2012 hoc

1746 2064 1867 2117 est,
1920 2069 2202 2122 usqueqtto
2247 2053 2312 2104 ad
2363 2051 2657 2120 legitimam
2695 2064 2906 2105 aflaltllll
2946 2052 3140 2103 anima:
3190 2064 3310 2114 pcr—

1744 2141 1995 2196 fectionis
2022 2143 2333 2205 advenerit,
2369 2144 2458 2193 tibi
2489 2142 2609 2210 quis
2637 2140 2746 2208 jam
2794 2154 3174 2207 supergressus
3203 2137 3315 2208 (15)

1745 2232 1995 2301 spiritum
2045 2233 2327 2286 servitutis
2373 2247 2532 2301 quem
2580 2242 2864 2298 acceperat
2908 2231 2956 2282 in
3001 2229 3233 2290 timore,
3285 2245 3313 2278 a

1745 2337 1853 2390 quo
1895 2320 2043 2374 velut
2077 2324 2372 2391 pardagogo
2420 2332 2768 2384 servaretur,
2807 2321 3000 2388 dignus
3045 2320 3318 2370 ciliciatnr

1745 2413 1992 2481 accipere
2016 2412 2326 2482 adeptiouis
2353 2412 2598 2480 Spiritum
2629 2411 2899 2478 primitias
2921 2411 3155 2478 Spiritus
3181 2409 3316 2478 (14),

1747 2521 1844 2575 per
1873 2520 2031 2573 quem
2065 2505 2353 2574 adeptatns
2386 2505 2436 2556 in
2474 2505 2643 2557 lilium
2687 2503 2857 2571 possit
2885 2504 3046 2555 etiam
3081 2501 3316 2568 primiti-

1747 2614 1937 2651 vornm
1969 2597 2222 2650 Ecclesize
2259 2613 2379 2666 qute
2415 2599 2466 2649 in
2505 2596 2657 2650 cmlis
2690 2606 2775 2648 est
2802 2595 3048 2648 sociari?
3079 2595 3144 2648 Et
3171 2594 3313 2647 sicut

1750 2689 1916 2741 multo
1969 2686 2145 2740 dilTert
2189 2686 2359 2739 lilium
2409 2701 2532 2740 esse
2561 2701 2720 2753 quam
2751 2698 2968 2737 servum
2991 2721 3008 2746 ,
3041 2683 3114 2735 ita
3149 2681 3319 2735 multo

1747 2778 1932 2832 diﬂ'ert
1957 2795 1984 2832 a
2023 2778 2480 2832 miniSIerialibns
2505 2777 2782 2844 spiritibus
2810 2775 3044 2842 Spiritus
3072 2784 3316 2838 sanctus,

1747 2871 1902 2940 cujus
1943 2869 2218 2938 primitias
2248 2867 2448 2921 Paulus
2491 2884 2611 2920 cum
2657 2870 2770 2920 suis
2820 2865 3090 2920 similibus
3119 2865 3320 2920 habere

1747 2976 1806 3014 se
1837 2961 1987 3013 dicit.
2037 2959 2189 3015 Unus
2229 2959 2321 3012 hic
2358 2958 2555 3011 modus
2598 2957 2671 3010 sit
2700 2970 2808 3025 quo
2850 2956 3120 3010 sermonis
3155 2954 3319 3022 hujus

1749 3052 2163 3122 intelligentiam
2215 3050 2490 3121 potuimus
2532 3049 2810 3119 indagare.
2859 3047 3149 3103 Videamus
3175 3063 3320 3102 nunc

1748 3151 1802 3197 et
1835 3142 2020 3196 alium.
2069 3140 2322 3213 Legimus
2357 3143 2499 3210 apud
2533 3141 2710 3210 ipsum
2745 3142 3050 3211 apostolum
3084 3139 3317 3194 Paulum

1749 3235 1888 3289 dona
1928 3234 2012 3287 vel
2043 3235 2246 3303 gratias
2274 3234 2450 3288 sancti
2479 3231 2715 3300 Spiritus
2743 3232 2939 3286 multos
2965 3232 3186 3301 spiritus
3221 3247 3320 3286 no-

1749 3326 1968 3390 minari,
2001 3337 2058 3379 ttt
2084 3341 2204 3381 cum
2232 3326 2362 3380 dicit
2391 3342 2405 3378 :
2445 3342 2465 3376 ι
2488 3325 2638 3378 Nunc
2662 3335 2842 3378 autem
2870 3325 3127 3393 quoniam
3152 3340 3320 3377 annu-

1747 3418 1949 3474 latores
1976 3419 2111 3473 estis
2142 3420 2435 3488 spirituum
2464 3459 2480 3485 ,
2513 3419 2578 3473 ad
2609 3417 3027 3472 azdilicationem
3062 3415 3320 3472 Ecclesia:

1748 3512 1978 3581 quaerite
2015 3519 2073 3564 ut
2113 3511 2403 3565 abundetis
2424 3512 2469 3543 ’ί
2493 3526 2508 3575 ;
2533 3529 2552 3562 ι
2587 3521 2641 3564 et
2671 3511 2796 3564 item
2827 3510 2954 3565 alibi
2989 3529 3003 3565 :
3040 3529 3059 3563 ε
3083 3509 3321 3580 Spiritus

1749 3601 2135 3672 prophetarum
2165 3601 2449 3671 prophetis
2469 3601 2701 3669 subjecti
2733 3612 2860 3657 sunt
2887 3603 2966 3669 ";
2993 3619 3013 3653 ι
3049 3601 3322 3670 subjectos

1748 3695 1936 3750 dicens
1962 3694 2185 3762 spiritus
2215 3693 2328 3764 (l5)
2370 3695 2762 3763 prophetarum
2785 3711 2808 3757 ,-
2851 3709 2954 3746 non
3009 3696 3165 3761 quasi
3205 3706 3320 3745 tne-

1744 3784 1872 3842 liori
1905 3784 2220 3850 inferiores,
2269 3784 2362 3838 sed
2402 3800 2502 3852 pro
2533 3801 2600 3836 eo
2629 3785 2771 3853 quod
2807 3785 3011 3836 habens
3040 3783 3165 3851 quis
3193 3796 3322 3850 pro-

1748 3878 1948 3948 phetite
1980 3878 2228 3950 spiritum
2280 3893 2386 3931 non
2435 3878 2641 3932 invitus
2682 3877 2828 3946 loqui
2862 3877 3112 3944 cogitur,
3162 3883 3221 3928 ut
3246 3873 3320 3929 illi

1747 3975 1839 4041 qui
1895 3971 2096 4026 habent
2129 3969 2355 4042 spiritus
2405 3969 2755 4032 immundos,
2805 3969 2897 4021 sed
2945 3982 3066 4020 cum
3109 3965 3222 4018 vult
3265 3973 3322 4018 et

1753 4066 1889 4118 ratio
1933 4065 2172 4134 postulat
2207 4064 2343 4118 dicit
2371 4081 2386 4116 :
2421 4079 2542 4118 cum
2575 4074 2706 4141 vero
2738 4059 2924 4112 dicere
2952 4066 3318 4127 opportunum

1750 4173 1856 4210 non
1892 4157 2160 4210 videbitur
2183 4195 2199 4222 ,
2251 4156 2407 4222 silet,
2459 4157 2598 4210 bene
2629 4154 2808 4209 sciens
2847 4151 2974 4222 quia
3009 4159 3220 4215 lemplls
3249 4147 3322 4202 sit

1753 4247 1964 4300 tacendi
1993 4258 2050 4301 et
2080 4257 2290 4317 tempus
2316 4247 2573 4317 loquendi
2603 4247 2669 4300 ".
2715 4247 2780 4300 Et
2813 4247 2934 4301 ideo
2968 4261 3073 4299 non
3114 4243 3182 4297 ad
3232 4242 3320 4294 in-

1741 4340 1942 4408 juriam
1976 4341 2210 4406 dicitur,
2241 4341 2368 4410 quia
2418 4341 2694 4411 prophetis
2722 4341 2952 4410 subjecti
2983 4348 3110 4394 sunt
3151 4337 3316 4408 spiri-

79 4440 218 4479 novo
251 4428 350 4484 hoc
379 4445 640 4485 sermone
693 4431 895 4487 indicet
941 4434 1223 4488 videamus
1251 4473 1266 4497 ,
1301 4449 1408 4502 quo
1451 4434 1588 4486 dixit
1624 4452 1636 4486 :
1675 4427 1717 4482 Ι)
1751 4445 1868 4498 tus,
1897 4431 1992 4486 sed
2017 4431 2084 4485 ad
2116 4431 2616 4501 dispensationem,
2665 4434 2805 4488 sicut
2854 4443 2910 4487 et
2954 4431 3082 4486 illttd
3111 4431 3313 4486 dictum

147 4591 200 4628 ¹⁶
229 4589 380 4651 Rom.
403 4610 525 4656 vni,
553 4594 647 4648 22.
747 4596 790 4626 ¹⁸
821 4595 977 4648 Hom.
1008 4613 1081 4650 xu
1103 4637 1118 4659 ,
1152 4597 1239 4650 15.

77 4923 108 4957 n
260 4841 420 4908 Editi,
449 4864 469 4896 ‹
497 4847 926 4914 congemiscitet
955 4847 1211 4917 parturit,
1236 4857 1290 4902 et
1318 4847 1588 4914 condolct,
1616 4866 1635 4899 ι

112 4927 164 4958 la
191 4927 238 4962 e.

112 4927 238 4962 tale.

149 4981 229 5048 l4)
260 4980 499 5045 Quidam.
528 4985 584 5038 lu
617 4986 781 5038 editis
813 4988 1105 5040 omittitur.

149 5051 230 5126 (ᾗ)
253 5051 411 5126 [ξιΙὶΙί.
445 5056 636 5126 vCum
669 5073 798 5123 ergo
823 5059 1088 5111 vincimus
1122 5057 1337 5126 gaudet.
1375 5076 1395 5110 ι

150 5123 231 5184 ((5)
269 5123 322 5174 ltt
354 5125 518 5179 editis
544 5126 699 5178 deest
735 5145 750 5174 ε
789 5128 914 5181 illis.
954 5147 973 5177 ι

150 5190 418 5266 (Ἰλξζάἰιὶ,
457 5195 703 5266 «etipsi
740 5198 875 5250 intra
910 5213 1007 5250 nos
1053 5198 1354 5263 gemimus,
1390 5197 1641 5266 adoptio-

74 5275 209 5312 nem
238 5260 455 5340 liliornm
491 5260 653 5326 Dei.)
687 5277 817 5330 etc.,
847 5277 902 5321 et
931 5260 1144 5336 postea,
1169 5285 1188 5317 ι
1215 5267 1270 5321 Si
1295 5277 1474 5323 autem
1494 5260 1638 5338 quod

77 5344 190 5380 tum
223 5334 475 5398 videmus,
517 5354 536 5385 ι
566 5343 674 5389 etc.

149 5401 234 5472 (8)
270 5399 382 5456 Non
427 5407 480 5456 in
522 5416 737 5470 aspectu
783 5406 1087 5458 visibilium.
1129 5405 1223 5461 Sic
1269 5423 1400 5462 mss.
1431 5422 1642 5472 omnes,

79 5465 338 5545 ﬂuitantis
363 5484 415 5526 et
435 5465 596 5545 editi,
622 5477 718 5527 nisi
749 5478 891 5545 quod
926 5477 1169 5544 plerique
1185 5479 1438 5530 omitlaut
1472 5497 1490 5528 ‹
1519 5479 1590 5532 itt.
1619 5465 1638 5530 ἱ

76 5536 404 5616 Sedntamen
444 5536 729 5615 legendum
762 5536 997 5610 videtur,
1034 5565 1052 5596 ι
1083 5536 1194 5602 iton
1229 5548 1280 5600 in
1313 5559 1533 5616 aspectu
1563 5549 1662 5602 vi—'

77 5605 395 5756 anigitﬁditi
421 5723 435 5748 ,
464 5701 485 5734 c
518 5699 626 5738 non
657 5693 742 5738 est
770 5684 913 5738 ultra
946 5702 1170 5752 sperare
1209 5687 1352 5756 quod
1387 5687 1552 5741 videt.
1607 5707 1624 5739 ι

155 5747 274 5816 H0)
317 5751 402 5806 Sic
440 5768 630 5808 omnes
663 5770 792 5808 mss.
850 5747 1015 5808 nostri
1065 5767 1120 5809 et
1165 5747 1437 5811 “abantis.
1487 5756 1627 5813 Etliti

79 5830 250 5882 τοῖο,
287 5836 304 5871 ι
333 5822 599 5895 Scriptura
623 5833 706 5880 est
727 5825 896 5893 enim,
927 5837 984 5880 ut
1015 5828 1240 5895 scimus,
1271 5829 1321 5882 itt
1353 5829 1494 5898 lege.
1527 5847 1549 5881 ι

1340 4599 1384 4629 ³⁸
1412 4597 1569 4651 Rom.
1600 4612 1688 4650 vni
1712 4638 1725 4658 ,
1755 4596 1945 4651 22-25.

83 4661 127 4690 "
159 4660 320 4718 Hebr.
354 4684 393 4731 t,
428 4666 515 4720 14.
589 4668 633 4697 ¹⁰
663 4665 839 4722 Galat.
869 4683 943 4730 tv,
971 4667 1026 4720 2.
1098 4669 1140 4698 ²¹
1172 4667 1189 4720 Ι
1217 4669 1345 4722 Cor.
1376 4683 1449 4730 ιν,
1488 4669 1576 4721 12.
1608 4670 1638 4698 ’τ

1780 4671 1818 4722 Ι.
1846 4667 1938 4722 52.

2040 4597 2083 4629 ⁸⁷
2129 4595 2286 4650 Num.
2316 4613 2442 4650 xvtu
2469 4638 2484 4660 ,
2520 4597 2607 4651 27.

2013 4668 2059 4699 ’⁸
2093 4667 2271 4722 Eccle.
2308 4684 2390 4735 Ill,
2422 4669 2476 4722 7.

2708 4597 2749 4629 ¹³
2779 4598 2924 4652 Exod
2950 4639 2964 4655 .
2995 4611 3191 4663 xxxtv,
3223 4596 3319 4652 26.

1819 4847 1932 4917 (ll)
1969 4847 2108 4900 Editi
2145 4856 2200 4902 et
2225 4864 2326 4900 ms.
2361 4865 2498 4900 unus
2534 4848 2732 4917 liegins
2766 4846 3138 4917 nttttt.1639.t
3164 4846 3315 4913 ejus-

1753 4917 1874 4970 dem
1916 4916 2156 4986 liquoris
2188 4927 2270 4972 est
2298 4919 2452 4986 cujus
2494 4916 2760 4978 torcular;
2796 4917 2939 4970 itane
2966 4916 3254 4978 videbitur,
3296 4937 3314 4967 ι

1745 4998 1874 5050 etc.,
1905 5000 1959 5042 et
1985 4989 2178 5051 deest,
2219 5008 2236 5038 ε
2291 4988 2460 5054 frugis
2498 4998 2619 5039 stitit
2650 5029 2664 5051 ,
2711 4986 2863 5053 cnjns
2895 4995 3060 5041 estet
3112 4986 3318 5055 reliqua

1748 5071 1901 5118 area,
1934 5058 2019 5111 vel
2051 5057 2317 5125 ejusdem,
2351 5077 2369 5107 ι
2405 5069 2509 5110 etc.
2813 5107 2816 5110 .

1817 5126 1930 5196 (12)
1969 5123 2110 5180 Editi
2159 5136 2216 5180 et
2255 5141 2387 5179 mss.
2437 5127 2694 5196 quidam,
2735 5123 3138 5196 «intelligimus
3173 5124 3318 5194 quod

1743 5195 1891 5262 cum,
1913 5195 2224 5251 'secundtun
2253 5211 2336 5249 ea.
2367 5214 2384 5246 ι
2436 5195 2639 5249 Deinde
2671 5210 2770 5248 ms.
2807 5209 2980 5256 unus,
3029 5211 3048 5246 ε
3072 5195 3319 5248 ministe-

1741 5267 1907 5321 riales
1937 5269 1987 5320 in
2022 5266 2381 5320 ministerium
2425 5264 2600 5318 missi.
2641 5283 2658 5315 ι
2706 5275 2810 5317 etc.
2837 5305 2852 5327 ,
2897 5273 2952 5317 et
2991 5265 3151 5333 paulo
3200 5274 3322 5333 post

1741 5337 1896 5399 editi,
1935 5355 1952 5387 ι
1984 5338 2293 5400 instruitur,
2322 5352 2341 5384 ι
2392 5349 2490 5402 pro
2539 5350 2558 5382 ς
2587 5334 2909 5386 instituitur.
2938 5353 2957 5385 ι

1814 5404 1928 5475 (15)
1971 5404 2061 5458 Sic
2112 5405 2238 5457 editi
2293 5401 2524 5475 ctAlllSS.
2563 5403 2676 5456 fere
2721 5419 2934 5459 omnes.
2984 5401 3316 5475 Μεηιειηιοιι

1743 5470 1883 5529 unus
1911 5470 2110 5544 Regius
2141 5489 2290 5544 num.
2322 5470 2494 5544 16592
2536 5489 2554 5521 t
2589 5487 2870 5544 usqueqno
2899 5475 2992 5544 ad
3016 5473 3315 5542 legitimam

1745 5541 2114 5598 Itaareditatem
2150 5542 2345 5596 animae
2372 5541 2715 5611 perfectioris
2743 5543 3048 5611 advenerit,
3076 5541 3142 5596 fut
3186 5559 3314 5612 gra-

1743 5614 1912 5666 datint
1944 5627 2326 5681 supergressus
2345 5652 2358 5671 .
2388 5630 2406 5662 ι
2440 5621 2548 5666 etc.

1810 5686 1922 5754 (14)
1954 5683 2243 5754 Primitias
2265 5683 2520 5749 Spiritus.
2558 5682 2680 5737 llaec
2708 5683 2870 5735 verba
2906 5684 3099 5737 desunt
3130 5682 3182 5735 itt
3212 5698 3311 5735 IIIS.

1737 5752 1906 5823 Regio
1934 5769 2057 5806 num
2069 5792 2092 5823 .
2118 5752 2272 5823 1659.

1806 5821 1918 5895 (ib)
1950 5822 2204 5892 Spiritus.
2238 5821 2584 5877 Desiderantur
2613 5823 2666 5878 ir.
2698 5824 2879 5878 editis.
