3766 6552
474 388 613 444 1115

1933 399 2255 457 ORIGENIS

3579 402 3688 459 1116

473 503 771 570 accipimus
815 503 881 558 de
911 503 1197 562 Salvatore
1243 507 1392 578 (16),
1441 508 1570 580 quia
1605 529 1626 563 ι
1655 520 1784 567 tunc
1832 519 1888 568 et
1931 515 2048 583 ipse
2077 526 2123 580 Α
2155 517 2324 580 ritus,
2351 513 2553 572 videris
2597 514 2643 571 si
2685 513 2994 585 probandus
3021 514 3284 570 occurrit.
3322 511 3510 570 Adhuc
3537 526 3687 570 autem

472 593 645 649 Filius
677 595 955 665 subjectus
988 598 1093 653 erit
1119 600 1169 654 ei
1201 602 1292 669 qui
1321 601 1422 657 sibi
1454 603 1698 658 subdidit
1727 607 1909 659 omnia
1940 605 2043 661 “.t

472 684 541 738 Et
574 686 661 739 hic
689 687 833 740 enim
861 707 880 738 α
904 688 1183 758 subjectus
1210 711 1228 742 ι
1261 706 1370 746 non
1396 695 1552 762 quasi
1579 696 1807 750 interior
1827 697 2045 751 dicitur.

472 780 758 846 Quomodo
807 783 951 836 enim
999 783 1228 840 inferior
1265 787 1371 842 dici
1424 797 1604 857 potest
1639 791 1733 860 qui
1768 790 1938 846 Filius
1966 802 2050 846 est

469 881 526 926 et
551 871 732 926 omnia
766 882 849 927 est
886 889 1006 943 qua:
1039 874 1200 930 Pater
1231 877 1347 947 (17)
1375 879 1397 932 ?
1434 898 1453 930 α
1480 879 1672 936 Omnia
1701 883 1932 947 enim,»
1966 882 2049 936 in-

469 965 681 1032 quit,'¢
714 963 907 1032 Pater,
949 977 1039 1022 tua
1087 985 1205 1024 mea
1244 981 1370 1026 sunt
1398 974 1500 1027 η.»
1537 973 1641 1029 Sed
1682 975 1733 1028 in
1789 975 1877 1031 ltis
1915 990 2048 1044 quos

471 1054 618 1110 Patri
645 1056 827 1112 subdit
853 1060 1142 1116 credentes
1171 1062 1222 1116 in
1250 1078 1329 1130 se,
1353 1065 1610 1133 quoniam
1645 1067 1694 1120 in
1721 1081 2048 1135 unoquoque

467 1163 658 1202 eorum
691 1165 750 1204 se
778 1165 900 1205 esse
925 1153 1055 1207 dicit
1081 1195 1098 1219 ,
1128 1165 1182 1208 et
1209 1171 1266 1209 se
1299 1157 1350 1208 in
1378 1157 1456 1211 eis
1485 1158 1616 1212 dicit
1645 1159 1691 1190 ’⁸
1723 1159 1969 1222 esurire,
1995 1168 2049 1213 et

467 1239 622 1292 sitire
646 1278 661 1303 ,
701 1249 755 1294 et
788 1242 992 1295 nudum
1028 1258 1148 1297 esse
1176 1286 1190 1307 ,
1221 1259 1389 1313 si-que
1420 1248 1564 1314 pasci
1600 1246 1652 1300 in
1683 1247 1765 1302 eis
1793 1257 1849 1302 et
1897 1247 2046 1302 indui

467 1330 787 1400 proﬁtetur,
824 1333 1028 1387 idcirco
1067 1345 1122 1389 et
1153 1335 1206 1389 in
1239 1336 1345 1390 illis
1374 1337 1486 1406 ipse
1528 1339 1730 1394 dicitur
1769 1354 1889 1394 esse
1918 1340 2048 1394 sub-

460 1420 641 1487 jcctus
668 1420 804 1493 (l8).
839 1422 947 1478 Sed
981 1425 1098 1479 lucc
1131 1441 1228 1493 per
1257 1441 1545 1482 excessum
1578 1430 1863 1498 quemdam
1906 1430 2045 1484 dicta

468 1513 598 1568 sint.
633 1514 784 1570 Nunc
808 1526 985 1571 autem
1020 1519 1086 1572 ad
1121 1521 1453 1588 propositum
1487 1523 1704 1590 quidem
1742 1525 2041 1578 redeamus.

466 1606 617 1661 Dona
649 1623 781 1679 ergo
830 1611 1045 1665 diversa
1079 1611 1319 1681 Spiritus
1353 1630 1381 1667 a
1416 1611 1586 1668 Paulo
1623 1615 1776 1668 multi
1827 1615 2048 1684 spiritus

467 1700 828 1767 appellantur.
904 1703 1108 1758 llorum
1178 1715 1360 1760 autem
1429 1708 1718 1762 multorum
1780 1709 2046 1764 donorum

466 1794 726 1863 quidquid
771 1806 858 1850 est
888 1812 1158 1852 summum
1186 1810 1240 1852 et
1270 1816 1526 1869 magnum
1557 1802 1676 1856 sine
1707 1803 1873 1857 dubio
1918 1818 2047 1871 apo-

467 1885 591 1938 stoli
629 1889 907 1942 consecuti
946 1902 1114 1955 sunt,
1146 1901 1202 1944 ut
1235 1891 1413 1945 idonei
1446 1906 1651 1955 essent,
1681 1893 1822 1948 Sicut
1849 1903 1904 1947 et
1933 1896 2047 1963 ipse

468 1975 665 2031 Paulus
689 1977 821 2033 dicit
845 1981 910 2043 ⁸⁷,
944 1981 1174 2036 ministri
1207 1981 1346 2038 Novi
1377 1984 1748 2050 Testamenti,
1780 1995 1836 2040 et
1871 1997 1929 2040 ut
1963 2001 2049 2040 re-

468 2068 616 2134 plere
677 2083 898 2138 possent
953 2073 1307 2144 Evangelium
1354 2075 1470 2146 (l9)
1523 2077 1591 2130 ab
1634 2073 1937 2132 Jerusalem
1991 2078 2046 2132 in

463 2162 696 2217 circuitu
744 2181 916 2233 usque
966 2169 1030 2219 ad
1070 2167 1346 2238 Illyricum
1377 2171 1442 2222 ’⁸.
1479 2169 1594 2224 Hoc
1629 2184 1763 2239 ergo
1805 2170 1947 2238 quod
1991 2169 2045 2222 in

465 2269 561 2318 eos
612 2270 722 2324 prze
766 2259 981 2312 caeteris
1031 2261 1322 2315 sublimius
1361 2271 1416 2314 et
1447 2262 1761 2330 praeclarius
1789 2262 2047 2316 collatqu

464 2355 549 2399 est
592 2349 767 2402 sancti
797 2351 1035 2418 Spiritus
1069 2353 1268 2405 donmn
1297 2395 1312 2419 ,
1344 2355 1540 2408 merito
1573 2354 1842 2424 primitias
1871 2355 2045 2409 sancti

469 2441 708 2512 Spiritus
737 2447 1050 2515 appellavit.
1081 2448 1149 2501 Et
1178 2449 1299 2503 ideo
1327 2450 1476 2512 dicit,
1514 2469 1532 2500 ι
1555 2452 1647 2504 sed
1680 2461 1733 2504 et
1765 2465 1862 2503 nos
1888 2449 2042 2518 ipsi.»

464 2534 526 2589 In
582 2551 690 2604 quo
736 2539 1047 2608 specialiter
1102 2540 1388 2610 designare
1435 2543 1649 2595 videtur
1693 2542 2046 2611 apostolicam

465 2627 808 2698 dignitatem.
854 2651 870 2680 ε
905 2629 1041 2684 Nos»
1087 2647 1218 2700 ergo
1242 2672 1256 2696 ,
1290 2634 1505 2702 inquit,
1551 2635 1680 2698 «ipsi
1709 2674 1724 2696 ,
1759 2654 1778 2685 ι
1819 2633 1923 2688 hoc
1958 2643 2043 2688 est

463 2718 728 2786 apostoli,
766 2739 784 2771 ι
809 2722 1078 2790 primitias
1113 2723 1352 2794 Spiritus
1381 2725 1667 2788 habentes,
1699 2745 1717 2777 ι
1770 2725 1860 2794 qui
1892 2724 2048 2779 electi

463 2824 652 2865 sumus
681 2811 749 2865 ad
783 2815 885 2868 hoc
933 2824 990 2868 ut
1039 2816 1312 2883 primitias
1359 2815 1598 2885 Spiritus
1646 2817 2044 2886 acciperemus,

460 2902 626 2955 etiam
664 2922 682 2954 ι
735 2903 833 2973 ipsi
874 2905 1014 2960 intra
1053 2923 1153 2961 nos
1183 2909 1473 2977 gemimus.
1504 2928 1522 2960 ι
1576 2909 1632 2962 ln
1685 2919 1932 2975 tantum,
1969 2910 2048 2960 in-

462 2993 604 3062 quit,
640 2996 784 3050 nulla
813 3009 1064 3054 creatura
1100 3010 1184 3054 est
1222 3015 1342 3068 qua:
1371 2999 1657 3054 doloribus
1681 3010 1736 3054 et
1761 3001 2048 3070 gemitibus

464 3097 654 3150 vacet,
721 3097 781 3142 ut
831 3089 998 3144 etiam
1051 3106 1154 3144 nos
1209 3091 1312 3159 ipsi
1365 3091 1456 3161 qui
1508 3107 1722 3147 summa
1767 3108 1796 3145 a
1844 3092 2045 3161 Spiritu

465 3187 653 3231 sancto
699 3187 753 3233 et
798 3179 970 3234 electa
1013 3183 1156 3236 dona
1202 3184 1584 3252 percepimus,
1627 3193 1806 3238 tamen
1847 3200 2048 3256 exspe-

463 3275 678 3322 ctantes
707 3267 819 3338 (20)
848 3269 1190 3339 adoptionem
1223 3271 1479 3333 ﬁliorum,
1514 3272 1566 3325 id
1599 3282 1683 3325 est
1704 3312 1718 3335 ,
1750 3273 2043 3342 perfectio-

467 3373 591 3413 nem
625 3374 813 3414 eorum
849 3375 986 3431 quos
1018 3362 1215 3416 docere
1241 3372 1294 3416 et
1322 3363 1615 3417 instituere
1645 3363 1795 3418 missi
1831 3379 2042 3428 sumus,

467 3455 642 3508 donec
665 3453 944 3508 videamus
968 3469 1062 3508 eos
1084 3453 1138 3508 in
1167 3463 1375 3508 tantum
1401 3453 1692 3523 proﬁcere,
1717 3465 1776 3509 ut
1798 3455 2042 3526 adoptari

468 3554 784 3599 mereantur
814 3544 867 3598 iu
902 3543 1079 3613 lilios,
1131 3548 1440 3601 necessario
1493 3547 1738 3602 dolemus
1778 3555 1833 3601 et
1872 3547 2045 3618 gemi-

469 3652 610 3691 mus.
653 3636 835 3691 Donec
865 3651 994 3706 ergo
1026 3653 1157 3702 nos,
1192 3638 1409 3707 inquam
1433 3679 1449 3704 ,
1482 3639 1574 3710 qui
1619 3639 1956 3694 instituimur
1979 3639 2049 3694 ab

466 3727 550 3782 eis
585 3725 723 3799 (21),
759 3727 1118 3798 negligimus,
1150 3738 1204 3784 et
1235 3745 1534 3796 moramur,
1565 3740 1620 3786 et
1645 3730 2050 3787 emendationis

471 3828 672 3874 nostra:
706 3828 918 3889 tempus
950 3818 1166 3889 longius
1192 3820 1524 3890 protelamus
1545 3860 1561 3887 ,
1593 3821 1767 3877 donec
1811 3837 1916 3876 non
1955 3822 2046 3877 in-

470 3912 707 3967 visibilia
734 3914 1054 3982 quaerimus,
1083 3913 1178 3968 sed
1215 3913 1520 3968 visibilibus
1551 3912 1886 3970 delectamur
1905 3954 1921 3981 ,
1951 3913 2049 3970 do-

466 4005 612 4063 lores
659 4007 917 4076 apostolis
974 4021 1416 4070 commovemus,
1462 4022 1527 4062 ac
1572 4007 1811 4073 luctum,
1862 4017 1922 4063 ut
1968 4009 2042 4062 ita

467 4099 680 4165 dicam,
726 4101 994 4156 universae
1020 4111 1285 4156 creatura:
1313 4111 1368 4155 et
1411 4099 1646 4170 gemitus
1690 4100 2042 4156 suscitamus.

472 4190 734 4246 liniversa
765 4207 999 4262 namque
1039 4202 1290 4248 creatura
1341 4192 1650 4262 iugemiscit
1697 4203 1751 4245 et
1794 4190 2046 4246 condolet

467 4282 680 4337 duritia:
707 4293 762 4337 et
794 4283 1250 4338 dissimulationis
1281 4293 1479 4338 nostra;
1501 4283 1701 4336 damna
1733 4282 2039 4350 suspirans.

2148 610 2410 665 addemus
2441 609 2555 681 (22)
2584 619 2638 665 et
2668 611 2914 665 tertium.
2966 610 3114 663 Idem
3146 608 3260 678 ipse
3294 606 3580 675 Apostolus
3607 607 3686 662 ite-

2149 717 2267 756 rum
2319 702 2442 756 dicit
2496 701 2622 772 (2⁸5)
2656 701 2724 756 de
2752 700 2978 754 Domino
3003 699 3129 754 .lesu
3163 701 3382 754 Christo
3405 740 3421 764 ,
3472 699 3594 766 quia
3635 700 3688 750 sit
3740 709 3741 776 ξ

2154 807 2173 839 ι
2205 789 2599 860 primogenitus
2635 790 2812 843 omnis
2851 803 3116 842 creatura:
3146 790 3210 841 ¹⁹.
3237 809 3255 841 ι
3294 787 3370 842 Ne
3410 787 3551 841 forte
3587 802 3689 857 erga
3740 783 3741 790 “

2149 892 2209 934 ιιι
2254 880 2342 936 ille
2377 899 2396 931 ι
2427 883 2821 952 primogenitus
2853 881 2964 955 (24)
2999 901 3016 934 ι
3053 882 3250 941 dicitur
3288 898 3307 930 ι
3339 880 3517 934 omnis
3557 895 3688 934 crea-

2151 983 2321 1039 turze,
2353 994 2371 1027 ι
2404 975 2495 1029 tali
2529 978 2763 1044 quadam
2794 979 3007 1032 ratione
3037 978 3198 1031 etiam
3231 974 3522 1028 multorum
3555 975 3690 1042 spiri-

2153 1076 2300 1120 tuum
2334 1067 2585 1136 primitiae
2622 1068 2834 1123 dicatur
2865 1069 3097 1138 Spiritus
3123 1079 3368 1124 sanctus.
3410 1065 3498 1120 Sit
3526 1076 3577 1120 et
3612 1068 3692 1119 iste
3740 1061 3741 1066 “

2147 1155 2500 1224 expositionis
2529 1159 2720 1213 tertius
2748 1158 2861 1230 (25)
2900 1173 3112 1214 mouus.
3158 1157 3358 1212 Probet
3398 1167 3576 1211 autem
3621 1158 3691 1224 qui

2148 1247 2311 1318 legit,
2358 1249 2488 1319 quid
2534 1251 2724 1305 horum
2775 1252 2945 1322 magis
2989 1252 3174 1305 sensui
3223 1249 3520 1304 conveniat
3558 1251 3694 1318 ϐω

2148 1343 2465 1410 apostolico.
2499 1343 2555 1398 Si
2590 1361 2722 1400 vero
2751 1347 2894 1414 quod
2927 1346 3095 1408 dixit,
3139 1363 3158 1395 ι
3193 1343 3260 1398 Ει
3285 1358 3384 1398 nos
3411 1343 3513 1412 ipsi
3541 1345 3695 1411 primi-

2151 1437 2254 1490 tias
2298 1436 2537 1506 Spiritus
2583 1439 2880 1504 habentes,
2908 1457 2927 1490 ι
2973 1438 3039 1492 de
3079 1438 3330 1491 omnibus
3379 1436 3581 1489 dictum
3624 1437 3694 1502 qui

2148 1530 2377 1596 gratiam
2405 1525 2662 1596 baptismi
2689 1525 2971 1581 consecuti
2999 1526 3254 1580 videntur
3281 1525 3524 1593 accipias
3548 1563 3564 1585 ,
3593 1539 3697 1590 Spe-

2150 1618 2378 1672 randqu
2427 1626 2513 1672 est
2557 1618 2686 1672 illud
2733 1618 2876 1690 quod
2928 1617 3068 1673 idem
3117 1617 3411 1687 Apostolus
3462 1615 3693 1669 dixit”:

2153 1727 2172 1760 ι
2204 1707 2356 1774 Quod
2384 1709 2427 1764 si
2463 1709 2718 1778 primitiae
2763 1719 2967 1764 sancta:
2990 1747 3007 1771 .
3049 1717 3101 1762 et
3148 1724 3327 1764 massa
3361 1727 3376 1762 :
3412 1717 3470 1761 et
3499 1707 3542 1760 si
3571 1708 3696 1759 radix

2149 1811 2358 1866 sancta,
2393 1810 2448 1856 et
2474 1803 2632 1856 rami.
2665 1821 2684 1854 ι
2721 1801 2871 1868 Quod
2909 1810 2966 1860 et
3009 1802 3053 1856 si
3086 1801 3158 1854 ita
3189 1803 3289 1864 sit,
3336 1810 3523 1852 tamen
3559 1800 3698 1866 ipsius

2079 1876 2126 1937 Β
2155 1909 2342 1947 massae
2372 1892 2424 1945 in
2456 1906 2561 1960 qua
2607 1892 2821 1946 videtur
2863 1890 3089 1946 indicari
3126 1890 3415 1944 multitudo
3460 1888 3697 1952 ﬁdelium,

2151 1984 2403 2052 primitiae
2449 1984 2757 2039 necessario
2810 1983 3138 2038 videbuntur
3187 1982 3298 2051 (26)
3354 1981 3408 2035 in
3468 1980 3699 2049 apostolis

2151 2073 2445 2130 collocatae.
2496 2073 2588 2128 Sic
2630 2075 2778 2128 enim
2821 2074 3083 2144 scriptum
3115 2082 3201 2126 est
3226 2072 3292 2135 ³¹,
3321 2073 3449 2142 quia
3504 2072 3591 2124 «in
3622 2070 3699 2123 Ec-

2149 2167 2312 2222 clesia
2357 2167 2537 2238 posuit
2574 2166 2718 2221 Deus
2759 2167 2934 2237 primo
2968 2167 3280 2235 apostolos,
3325 2165 3569 2219 secundo
3595 2179 3698 2232 pro-

2153 2260 2379 2328 phetas,
2413 2261 2574 2314 tertio
2607 2260 2884 2314 doctores.
2917 2278 2936 2310 ι
2988 2258 3076 2313 lsti
3110 2275 3239 2329 ergo
3279 2260 3372 2328 qui
3402 2259 3579 2328 primo
3606 2257 3700 2310 loco

2151 2353 2427 2406 constituti
2471 2361 2597 2405 sunt
2622 2393 2637 2416 ,
2670 2361 3044 2421 competenter
3087 2351 3361 2419 primitias
3391 2350 3571 2404 sancti
3602 2349 3702 2417 Spi-

2150 2445 2287 2497 ritus
2315 2445 2508 2514 gratiae
2545 2444 2807 2512 spiritalis
2851 2443 3050 2497 habere
3082 2445 3392 2497 credentur.
3432 2440 3698 2509 Nuncjam

2149 2537 2430 2591 videamus
2460 2537 2731 2605 quomodo
2758 2535 3104 2602 adoptionem
3142 2534 3376 2588 ﬁliorum
3406 2544 3703 2602 exspectare

2151 2642 2210 2682 se
2257 2629 2401 2682 dicat
2425 2629 2514 2698 qui
2566 2628 2620 2683 in
2670 2627 3046 2698 superioribus
3095 2628 3228 2682 dixit
3259 2626 3323 2691 ³⁸,
3373 2627 3513 2695 quia
3567 2626 3741 2710 «ipse:

2151 2720 2382 2789 Spiritus
2424 2721 2791 2775 testimonium
2842 2719 3020 2795 reddit
3063 2719 3280 2791 spiritui
3317 2728 3557 2782 nostro,
3600 2718 3701 2786 quia

2149 2829 2334 2868 SlllllllS
2385 2814 2479 2868 ﬁlii
2526 2815 2656 2877 Dei;
2689 2833 2707 2865 ι
2762 2824 2816 2868 et
2847 2814 3041 2868 iterum
3088 2813 3358 2880 quomodo
3389 2812 3702 2878 redemptio-

2154 2917 2279 2958 nem
2311 2902 2550 2973 corporis
2591 2914 2770 2974 sperat
2820 2903 2910 2973 qui
2955 2904 3011 2958 in
3055 2903 3174 2957 aliis
3209 2902 3337 2956 dicit
3369 2921 3383 2954 :
3423 2921 3443 2951 ι
3475 2899 3700 2954 Christus

2152 3013 2252 3057 nos
2293 2995 2519 3051 redemit
2543 2995 2611 3050 ⁸³.
2651 3015 2668 3046 ι
2696 2996 2800 3050 Sed
2822 2995 2952 3064 (27),
2979 3004 3035 3049 ut
3061 2991 3190 3049 mihi
3216 2995 3454 3055 videtur,
3488 2991 3700 3062 ipsehoc

2148 3107 2213 3145 eo
2242 3105 2492 3145 sermone
2523 3089 2614 3159 qui
2667 3088 2718 3141 in
2766 3087 3117 3156 sequentibus
3151 3084 3384 3140 habetur
3413 3122 3429 3146 ,
3475 3082 3702 3137 absolvit.

2152 3182 2240 3236 Ait
2286 3181 2430 3236 enim
2466 3197 2479 3233 :
2518 3199 2537 3232 ι
2569 3178 2676 3249 Spe
2719 3179 2851 3233 salvi
2903 3178 3031 3232 l'acti
3074 3192 3283 3233 sumus.
3315 3194 3334 3226 ι
3392 3174 3550 3241 Quod
3599 3188 3703 3239 ergo

2153 3273 2245 3328 ﬁlii
2302 3288 2531 3336 sumus,
2577 3281 2631 3326 et
2677 3271 2938 3339 redempti
2985 3284 3203 3331 sunms,
3247 3279 3305 3320 et
3343 3267 3493 3334 quod
3537 3264 3702 3318 εειίνςιιῑ

2151 3380 2363 3428 sumus,
2399 3364 2452 3416 in
2481 3379 2576 3434 spe
2615 3363 2883 3416 consistit.
2938 3378 2956 3412 ι
2982 3359 3134 3414 Nunc
3165 3361 3307 3413 enim
3340 3358 3590 3413 videmus
3630 3370 3706 3424 per

2150 3458 2452 3529 speculum,
2501 3465 2557 3510 et
2606 3455 2659 3510 in
2691 3453 3017 3524 aenigmate;
3065 3464 3195 3506 tunc
3242 3461 3429 3505 autem
3480 3450 3614 3504 facie
3652 3446 3706 3502 ad

2152 3547 2344 3601 [aciem
2367 3547 2412 3578 ³⁵
2443 3563 2456 3599 :
2490 3563 2508 3597 ι
2546 3559 2645 3614 per
2672 3541 2949 3612 speculum
2978 3555 3108 3610 ergo
3140 3548 3195 3594 et
3227 3539 3280 3593 in
3309 3538 3597 3606 :enigmate
3633 3551 3704 3588 ac-

2148 3638 2378 3707 cipimus
2408 3634 2522 3708 (28)
2555 3643 2610 3689 et
2631 3633 2976 3702 adoptionem
3001 3641 3056 3686 et
3081 3628 3538 3700 redemptionem.
3579 3646 3597 3678 ι
3618 3627 3704 3679 Ad-

2147 3730 2294 3784 venit
2325 3747 2344 3780 »
2394 3728 2539 3782 enim
2593 3745 2610 3778 ι
2636 3725 2914 3796 plenitudo
2967 3733 3272 3792 temporum
3301 3762 3317 3786 ,
3351 3741 3370 3774 ι
3424 3730 3482 3776 et
3535 3737 3555 3772 α
3583 3719 3705 3774 misit

2147 3820 2288 3876 Deus
2318 3817 2512 3874 Filium
2542 3833 2697 3873 suum
2737 3817 2937 3872 factum
2968 3831 3036 3872 ex
3081 3815 3346 3879 muliere,
3380 3814 3584 3870 factum
3623 3810 3702 3867 sub

2146 3913 2285 3983 lege,
2331 3921 2390 3966 ut
2422 3927 2516 3966 eos
2559 3911 2652 3980 qui
2682 3911 2784 3966 sub
2829 3909 2947 3977 lege
3001 3917 3156 3962 erant
3203 3908 3525 3971 redimeret,
3554 3916 3610 3959 ut
3630 3904 3705 3957 ad-

2151 4005 2424 4073 0ptiouem
2457 4003 2692 4058 ﬁliorum
2730 4003 3096 4071 reciperemus
3128 4001 3193 4058 ³⁸.
3217 4019 3234 4052 ι
3261 3999 3579 4068 Recipimus
3600 4010 3706 4064 ergo

2154 4098 2267 4168 (29)
2307 4097 2651 4167 adoptionem
2672 4137 2688 4162 ,
2734 4096 2826 4151 sed
2859 4095 3019 4150 istam
3049 4109 3166 4164 qua:
3204 4104 3288 4147 est
3321 4108 3419 4163 per
3448 4088 3702 4160 speculum

2151 4203 2204 4248 et
2237 4194 2288 4246 in
2321 4191 2623 4262 aenigmate.
2654 4187 2786 4244 Cum
2840 4197 3019 4243 autem
3050 4186 3302 4241 venerint
3327 4199 3452 4248 quae
3492 4179 3704 4252 perfecta

2153 4294 2299 4351 sunt,
2341 4294 2468 4339 tunc
2512 4284 2856 4353 ad0ptionem
2902 4298 2921 4332 ι
2957 4280 3095 4334 lacie
3139 4278 3206 4332 ad
3249 4275 3453 4331 faciem
3483 4295 3502 4326 ι
3536 4285 3707 4328 conse-

3740 2773 3741 2802 1

3740 2867 3741 2894 1

3740 3055 3741 3090 1

3739 3133 3741 3178 1

3740 3235 3741 3270 1

3739 3327 3741 3366 1

3739 3415 3741 3464 1

3740 3489 3741 3540 1

3740 3595 3741 3630 1

3740 3671 3741 3710 1

3739 3777 3741 3822 1

3740 3869 3741 3902 1

3740 4047 3741 4078 1

3740 4147 3741 4180 1

3740 4225 3741 4268 1

3740 4331 3741 4360 1

467 4375 620 4429 Alius
651 4374 740 4429 hic
769 4375 926 4430 nobis
954 4375 1360 4445 explanationis
1389 4376 1521 4429 ordo
1550 4375 1616 4428 de
1643 4373 1899 4444 primitiis
1922 4372 2043 4442 Spi-
2075 4387 2120 4444 ι)
2150 4390 2401 4444 quemur.
2434 4373 2586 4440 Quod
2614 4382 2799 4428 autem
2829 4371 2988 4436 dixit,
3021 4389 3040 4421 ι
3070 4367 3500 4435 redemptionem
3529 4376 3707 4430 corpo-
3740 4443 3741 4450 γ

533 4492 583 4522 ’⁸
612 4491 627 4544 l
655 4491 782 4547 Cor.
811 4507 904 4554 xv,
929 4492 1022 4547 28.
1098 4494 1142 4525 ³⁵
1171 4492 1327 4546 Joan.
1362 4509 1467 4547 xvu
1487 4533 1503 4555 ,
1533 4492 1618 4546 10.
1696 4492 1742 4524 ³⁸
1769 4490 1963 4561 Matth.
1996 4508 2028 4545 x

2159 4491 2226 4547 56
2265 4506 2381 4561 seq.

2457 4491 2501 4522 ’τ
2532 4488 2576 4544 ll
2603 4488 2727 4541 Cor.
2763 4503 2842 4549 ιιι,
2860 4485 2910 4539 6.
2985 4487 3030 4517 ³⁸
3069 4485 3222 4538 Rom.
3254 4497 3345 4544 εν.
3380 4481 3470 4534 19.
3545 4479 3588 4512 ”
3617 4478 3704 4530 C‘“
3740 4507 3741 4548 1

466 4559 598 4645 loss:
627 4561 792 4645 1,15.
868 4549 912 4645 ξδ
946 4563 1104 4645 Rom.
1149 4579 1226 4631 x1,
1261 4564 1343 4618 16.
1421 4564 1463 4594 ³¹
1492 4549 1520 4616 ’1
1555 4563 1683 4618 Cor.
1714 4578 1807 4628 xu,
1836 4560 1926 4616 28.
2001 4563 2036 4594 ³¹

2158 4581 2240 4617 un.
2273 4549 2396 4626 νιιῗι,
2432 4560 2518 4615 16.
2605 4559 2649 4590 ³³
2687 4557 2868 4645 Calai.
2901 4573 2986 4621 tu,
3017 4556 3105 4610 15.
3184 4554 3231 4584 ³⁸
3261 4554 3284 4608 1
3313 4553 3442 4607 Cor.
3478 4565 3600 4614 xm,
3634 4549 3702 4600 l2.
3740 4607 3741 4632 χ

468 4630 515 4662 ³⁵
547 4631 726 4687 Galat.
758 4647 832 4700 tv,
858 4632 915 4700 4,
944 4634 997 4688 5.

538 4727 651 4800 (16)
681 4728 846 4800 Editi,
883 4729 1226 4798 «accepimus
1254 4745 1283 4783 a
1318 4729 1619 4784 Salvatore.
1643 4749 1662 4782 ι

468 4868 509 4924 Ρ
541 4800 656 4920 (17)
694 4799 870 4865 Editi,
905 4809 1156 4870 rpoterat
1184 4801 1274 4870 qui
1310 4800 1476 4854 Filius
1506 4809 1560 4855 et
1594 4800 1774 4855 omnia
1809 4809 1891 4854 est
1924 4813 2046 4868 quae

514 4887 541 4921 ει
572 4885 651 4922 er.
680 4889 698 4922 1

514 4880 651 4922 ater.
680 4889 698 4922 1

541 4938 656 5011 (18)
695 4937 1009 5011 Subjectus.
1053 4937 1215 4994 Deest
1273 4938 1535 5011 inpeditis
1578 4948 1632 4994 et
1672 4938 1726 4993 in
1777 4939 2048 5011 plerisque

470 5007 603 5065 mss.
623 5007 646 5072 ,⁷
675 5012 768 5065 sed
800 5007 1110 5065 restituitur
1145 5025 1209 5063 ex
1243 5009 1430 5064 codice
1457 5007 1624 5078 Regio
1656 5007 1803 5062 num.
1838 5009 1996 5063 1659.

541 5080 655 5152 (19)
686 5080 778 5135 Sic
809 5096 912 5135 ms.
948 5096 1086 5133 unus
1115 5078 1314 5152 Regius
1347 5097 1495 5133 num.
1522 5079 1658 5152 10.39
1691 5089 1750 5152 et
1771 5080 2044 5152 liabanus.

468 5148 664 5205 Caéteri
696 5164 826 5204 vero
860 5165 989 5205 mss.
1021 5161 1075 5203 et
1095 5150 1248 5209 editi.
1286 5167 1304 5200 ι
1331 5160 1386 5202 et
1422 5162 1478 5202 nt
1508 5148 1702 5218 repleri
1733 5149 1830 5218 (al.
1853 5189 1868 5213 ,
1913 5167 1931 5199 ι
1960 5163 2043 5204 re-

472 5221 914 5296 plerer)_po_ss_int
939 5219 1226 5289 Evangelio
1250 5220 1368 5290 (al.,
1407 5220 1503 5274 «ab
1522 5219 1892 5296 Evangelio,i)
1933 5228 2039 5275 etc.

545 5289 659 5362 (29)
690 5291 856 5362 Editi,
892 5308 911 5342 ι
941 5300 1148 5362 tantum
1181 5289 1584 5360 exSpectanles.
1610 5307 1632 5342 ι

545 5360 659 5432 eo
689 5360 854 5432 sum.
889 5377 908 5411 ο
939 5360 1006 5432 ab
1029 5360 1222 5432 aliis.»

545 5427 660 5500 (22)
689 5429 854 5495 Editi,
876 5447 901 5500 ίι
924 5430 1139 5500 duritiei
1162 5427 1613 5500 dissimulationis
1629 5437 1832 5483 nostra:
1849 5428 2046 5500 damna

473 5499 779 5569 suspirans.
822 5499 980 5554 Alius
1023 5499 1113 5554 hic
1153 5499 1310 5554 nobis
1355 5500 1757 5568 explanationis
1799 5499 1933 5552 ordo
1977 5500 2047 5553 de

472 5569 995 5641 primitiisspiritus
1042 5569 1285 5632 videtur,
1334 5569 1378 5624 si
1428 5570 1742 5637 probandus
1785 5569 2044 5641 occurrit.

473 5639 664 5694 Adhuc
691 5639 989 5705 addemus;
1013 5658 1031 5689 ι
1063 5655 1166 5694 ms.
1203 5656 1373 5704 unus,
1410 5659 1428 5691 ι
1450 5640 1640 5695 Adhuc
1671 5649 1848 5693 tamen
1881 5639 2049 5694 adde-

477 5725 622 5770 tnus.
653 5728 673 5762 ι
709 5717 816 5765 etc.

549 5779 662 5849 (25)
693 5777 1125 5858 Mss._plerique,
1173 5797 1192 5830 ι
1216 5779 1346 5833 Item
1388 5779 1502 5858 ipse
1518 5777 1823 5858 Apostolus
1858 5777 2003 5842 dicit,
2027 5789 2046 5828 ι

481 5861 588 5906 etc.
611 5891 626 5918 ,
657 5860 709 5907 et
741 5850 1000 5907 omittunt
1032 5869 1050 5903 ι
1083 5849 1302 5918 iterum,
1333 5867 1353 5903 ι
1393 5849 1533 5906 sicut
1567 5857 1619 5904 et
1648 5849 1802 5904 editi.

2239 4727 2329 4796 24)
2359 4726 2502 4782 Editi
2522 4767 2537 4790 ,
2571 4746 2591 4778 ι
2614 4725 2691 4781 Ne
2718 4725 2856 4780 forte
2877 4730 3010 4793 ergo
3034 4723 3121 4776 ubi
3148 4721 3241 4775 ille
3275 4718 3700 4786 primogenitum

2217 4727 2332 4870 £25)
2368 4798 2561 4870 Editi_._
2595 4815 2614 4848 ε
2647 4797 2884 4870 Spiritus
2927 4803 3169 4848 sanctus.
3217 4791 3300 4870 Sit
3323 4805 3461 4870 ergo
3497 4791 3596 4870 iste
3618 4802 3703 4870 ex-
3740 4797 3741 4816 1

2368 4798 2535 4855 Editi.
2595 4815 2614 4848 ι
2647 4797 2884 4864 Spiritus
2927 4791 3169 4848 sanctus.
3217 4791 3300 4867 Sit
3323 4805 3461 4867 ergo
3497 4791 3596 4867 iste
3627 4802 3703 4837 εδι-
3740 4793 3741 4816 1

2146 4857 2427 4940 Positionis
2501 4857 2948 4940 (GenebrarduS,
3023 4857 3539 4932 «proposili0'5i5')
3617 4867 3741 4909 "~‘"‘

2173 4942 2255 4992 ius
2273 4980 2288 4992 .
2314 4959 2332 4990 ι
2369 4950 2476 4992 etc.

2147 4953 2332 5081 una};
2500 5008 2627 5081 editi
2675 5018 2731 5061 et
2775 5021 2878 5060 ms.
2917 5019 3075 5059 unus.
3109 5002 3306 5058 Caeteri
3340 5015 3470 5056 vero
3502 5012 3628 5052 mss.
3659 5005 3703 5048 et
3740 4971 3741 5000 1

2153 5079 2431 5142 Rabanus,
2468 5097 2485 5130 ‹
2515 5079 2859 5132 videbantur.
2882 5095 2902 5128 ι

2250 5151 2340 5218 27)
2374 5148 2504 5203 Sed.
2543 5149 2708 5211 Editi,
2747 5165 2766 5197 ι
2798 5148 2913 5200 Sic.
2939 5163 2957 5196 ι
3053 5215 3065 5218 _
3091 5214 3102 5218 _
3589 5207 3604 5218 _
3740 5187 3741 5206 1

2250 5152 2340 5204 27)
2374 5152 2504 5203 Sed.
2543 5152 2708 5211 Editi,
2747 5165 2766 5197 ι
2798 5152 2913 5200 Sic.
2939 5163 2957 5196 ι

2229 5152 2344 5291 128)
2375 5219 2537 5292 Editi,
2577 5237 2598 5292 ς
2627 5218 2782 5272 Nune
2806 5225 2988 5270 autem
3017 5214 3265 5292 videmus
3295 5226 3392 5292 per
3426 5207 3701 5292 speculum.

2153 5282 2400 5345 videmus
2426 5291 2478 5342 in
2501 5290 2787 5358 aenigmate
2818 5305 2831 5341 :
2865 5302 2969 5358 ρει-γ
2982 5285 3261 5358 speculum
3285 5282 3702 5358 θιξιι-ίξξηίεὲηη

2154 5362 2501 5428 accipimus,»
2530 5347 2636 5412 etc:
2667 5357 2766 5411 Ms.
2793 5347 2931 5428 unus
2959 5347 3330 5428 Regiusnum.
3349 5350 3508 5405 1659,
3533 5367 3551 5397 ι
3573 5347 3702 5428 Nunc

2153 5426 2294 5485 enim
2313 5431 2556 5483 videmus
2581 5444 2676 5498 per
2698 5427 2974 5497 speculum
2995 5426 3051 5498 in
3074 5426 3386 5498 aenigmate,
3402 5431 3524 5473 tunc
3543 5426 3701 5498 autem

2153 5502 2294 5556 facie
2323 5501 2388 5552 ad
2419 5491 2633 5553 faciem.
2664 5491 2806 5565 Ergo
2829 5509 2885 5550 et
2905 5491 3536 5565 aenigmata—accipimus,
3557 5507 3572 5537 ι
3606 5497 3698 5540 etc.
3740 5503 3741 5546 1

2155 5572 2257 5626 Alii
2304 5585 2432 5622 vero
2467 5585 2600 5624 mss.
2623 5610 2638 5632 ,
2676 5588 2694 5619 ι
2720 5568 2874 5622 Nunc
2903 5577 3082 5619 autem
3118 5565 3367 5616 videmus
3408 5574 3504 5628 per
3527 5572 3700 5625 Spern-

2156 5642 2266 5696 lum
2315 5650 2370 5695 et
2419 5640 2472 5693 in
2525 5641 2808 5711 aenigmate
2843 5653 2859 5690 :
2897 5651 2993 5707 per
3021 5633 3304 5706 speculum
3331 5644 3494 5701 ergo,
3517 5646 3538 5681 ι
3572 5638 3696 5685 εις..

2157 5721 2215 5766 ut
2245 5713 2298 5764 iu
2328 5719 2497 5764 textu.

2229 5781 2346 5854 (29)Δ
2378 5779 2517 5837 Editi
2545 5778 2811 5851 plerique,
2848 5795 2866 5830 ι
2899 5775 3225 5848 Recepimus
3261 5787 3406 5843 ergo.
3427 5787 3445 5822 ι
