3766 6544
46 376 143 431 117

951 377 1307 436 COMMENT.
1348 377 1417 434 IN
1453 373 1674 432 EPIST.
1713 375 1803 430 AD
1841 375 2008 435 ROM.
2043 377 2171 435 LIB.
2212 377 2326 436 VII.

3113 381 3240 438 uta

37 494 79 550 ia
111 495 313 562 nostri,
349 515 369 548 ι
405 511 508 567 ego
537 499 778 553 arbitror
822 501 967 568 quod
1019 500 1186 554 totius
1215 497 1466 554 Ecclesize
1497 499 1579 554 in-
1606 501 1653 560 Α
1681 513 1804 553 cum
1837 478 2082 569 tempore
2113 499 2393 561 ﬁniuntur,
2437 514 2459 550 ‹
2485 511 2606 568 quae
2629 505 2809 553 autem
2831 511 2939 566 non
2969 495 3240 564 videntur,

43 587 145 640 icet
174 605 400 656 corpus,
430 592 570 644 sicut
592 601 648 644 et
669 590 795 646 alibi
826 591 958 645 dicit
989 606 1005 645 :
1048 607 1067 642 ι
1101 589 1206 645 Vos
1231 601 1409 646 autem
1440 591 1572 645 estis

37 693 198 745 crpus
220 677 448 743 Christi,
482 693 534 734 et
557 684 795 736 membra
820 699 884 737 ex
917 694 1070 752 parte
1103 683 1168 735 ³⁸.
1203 701 1222 734 ι
1253 680 1424 738 Omne
1443 698 1573 754 ergo

37 785 196 838 orpus
229 770 485 825 Ecclesiae
520 772 889 826 redimendum
916 783 1099 841 sperat
1130 773 1436 843 Apostolus,
1471 788 1569 829 nec

42 868 152 912 utat
178 874 344 928 posse
371 876 492 930 qua:
523 861 762 930 perfecta
793 871 918 916 sunt
944 863 1063 918 dari
1093 863 1319 933 singulis
1349 865 1571 934 quibus-

41 966 104 1003 ue
123 950 408 1018 membris,
439 952 540 1008 nisi
566 953 875 1007 universum
901 967 1100 1024 corpus
1127 955 1180 1010 in
1214 972 1378 1011 unum
1405 957 1569 1012 fuerit

38 1051 412 1110 ongregatum.
445 1042 627 1098 Potest
657 1053 836 1097 autem
865 1053 920 1099 et
945 1045 1023 1100 sic
1067 1045 1333 1116 intelligi,
1375 1057 1432 1102 ut
1475 1063 1566 1104 re-

38 1132 370 1200 emptiouem
397 1137 640 1202 corporis
673 1135 844 1189 nostri
880 1136 1025 1190 dicat
1057 1137 1202 1192 illam
1233 1155 1354 1208 qua:
1386 1141 1440 1194 in
1476 1156 1563 1196 re-

37 1221 336 1276 urrectione
376 1223 555 1277 futura
587 1235 696 1288 est,
725 1239 848 1278 cum
885 1240 990 1278 non
1018 1225 1192 1280 solum
1223 1228 1436 1289 animae.
1471 1229 1563 1284 sed

37 1321 50 1362 t
92 1326 324 1380 corpora
366 1316 584 1368 venient
621 1333 642 1368 t
673 1327 798 1371 ante
829 1318 1064 1372 tribunal
1098 1320 1299 1375 Christi
1329 1361 1345 1386 ,
1379 1330 1436 1374 ut
1473 1337 1562 1376 re-

37 1410 170 1455 ortet
187 1405 566 1473 unusquisque
587 1406 804 1475 propria
821 1408 1068 1476 corporis
1092 1419 1253 1477 prout
1275 1409 1520 1478 gessit",
1536 1427 1554 1460 ι

37 1503 49 1544 t
88 1493 382 1548 secundum
415 1494 546 1548 illud
575 1498 718 1564 quod
749 1498 950 1552 dictum
982 1508 1110 1554 est:
1150 1517 1171 1550 ο
1204 1500 1414 1555 Timete
1445 1516 1560 1554 ma-

38 1587 75 1638 is
102 1601 223 1640 eum
251 1586 344 1655 qui
389 1597 566 1654 potest
589 1597 645 1642 et
670 1603 869 1658 corpus
900 1599 954 1644 et
977 1591 1214 1646 animam
1247 1593 1472 1660 perdere
1503 1594 1556 1647 in

36 1678 286 1730 ehennam
322 1677 385 1732 ⁸⁸.
420 1698 439 1730 ι
485 1680 550 1734 Et
579 1680 699 1734 ideo
741 1681 1031 1736 dolendum
1070 1683 1358 1752 unicuique
1389 1693 1472 1738 est
1501 1685 1553 1738 in

35 1783 90 1820 nc
114 1767 310 1821 saeculo
334 1780 383 1823 et
414 1771 730 1838 gemendum
749 1811 765 1834 ,
798 1787 864 1826 ne
893 1772 1031 1828 forte
1061 1789 1160 1842 per
1187 1775 1362 1828 malos
1393 1783 1550 1829 actus

1671 599 1873 644 mterna
1905 599 2065 655 sunt,
2090 608 2111 642 ι
2149 605 2272 660 quae
2311 590 2577 658 speranda
2611 587 2901 658 Apostolus
2943 589 3118 644 docet.
3159 589 3241 643 Id.

1668 680 1816 734 circo
1858 696 2092 750 namque
2129 690 2185 736 et
2225 681 2340 752 ipsa
2378 681 2622 750 corporis
2657 681 2830 736 nostri
2876 683 3145 750 reparatio
3173 698 3238 736 ex

1668 772 2016 842 corruptibili
2049 772 2494 842 incorruptibilis,
2525 782 2582 828 et
2605 787 2673 828 ex
2703 772 2917 828 mortali
2953 773 3238 828 immorta-

1668 862 1756 928 lis,
1779 873 1834 918 et
1854 879 1925 920 ex
1951 865 2264 920 inﬁrmitate
2293 866 2346 919 in
2372 866 2570 920 virtute
2596 865 2924 931 restituitur,
2949 875 3004 922 et
3019 881 3084 921 ex
3115 867 3235 920 ani-

1666 953 1790 1008 mali
1818 969 2045 1024 corpore
2074 969 2270 1024 corpus
2295 954 2526 1010 edicitur
2545 954 2812 1025 spiritale,
2833 965 2912 1019 ut,
2931 970 3055 1010 cum
3078 956 3236 1025 spiri-

1665 1041 1773 1096 tale
1800 1041 2002 1097 factum
2028 1041 2214 1106 fuerit,
2243 1043 2415 1111 possit
2442 1043 2604 1097 etiam
2631 1042 3000 1100 invisibilibus
3029 1044 3235 1113 perfrui

1663 1133 1821 1188 bonis
1860 1147 1876 1185 :
1918 1147 2039 1202 qua:
2074 1132 2212 1188 bona
2241 1135 2292 1188 in
2326 1135 2574 1204 prtesenti
2601 1134 2797 1190 saeculo
2827 1150 2933 1190 non
2962 1137 3233 1201 videntes,

1663 1240 1760 1293 per
1775 1239 1926 1294 spem
1948 1239 2251 1293 speramus,
2266 1234 2319 1280 et
2334 1241 2432 1295 per
2448 1225 2760 1294 patientiam
2779 1228 3232 1296 exspectamus“.

1773 1313 1830 1368 6.
1902 1314 2220 1370 «Similiter
2291 1325 2346 1370 et
2415 1315 2651 1384 Spiritus
2719 1315 2935 1384 adjuvat
3005 1319 3234 1384 inﬁrmi-

1661 1413 1824 1460 tatem
1897 1414 2166 1460 nostram.
2238 1405 2372 1462 Nam
2443 1407 2576 1478 quid
2643 1422 2864 1464 oremus
2933 1410 3229 1466 secundum

1660 1495 1802 1561 quod
1855 1505 2070 1565 oportet
2129 1499 2440 1564 nescimus;
2492 1499 2586 1554 sed
2647 1500 2770 1569 ipse
2831 1499 3069 1572 Spiritus
3129 1517 3230 1572 pro

1659 1583 1818 1655 σοι
1865 1585 2024 1642 nobis
2073 1586 2385 1658 interpellat
2419 1590 2714 1657 gemitibus
2750 1590 3224 1648 inenarrabilibus.

1659 1676 1761 1742 Qui
1785 1685 1962 1731 autem
1996 1688 2270 1750 scrutatur
2297 1682 2485 1747 corda,
2516 1684 2622 1738 scit
2645 1683 2772 1751 quid
2804 1683 3076 1737 desideret
3105 1682 3229 1752 Spi-

1657 1768 1825 1833 ritus;
1870 1769 1996 1838 quia
2053 1771 2344 1824 secnndum
2396 1771 2562 1827 Deum
2597 1773 2902 1841 interpellat
2943 1790 3039 1842 pro
3095 1791 3224 1828 san-

35 1869 45 1910 ι
90 1862 374 1927 praesentis
417 1862 539 1915 vita:
573 1862 951 1934 negligentiam
999 1880 1102 1918 non
1154 1877 1428 1919 mereatur
1469 1882 1551 1921 re.
1583 1842 1626 1897 Β
1651 1857 1751 1912 clis
1772 1858 1839 1914 ”.
1862 1879 1880 1911 ι
1911 1858 2045 1914 Cllllt
2079 1861 2131 1914 in
2163 1862 2531 1931 superioribus
2547 1863 2774 1918 dixisset
2796 1864 2864 1929 “,
2892 1867 3019 1933 quia
3047 1865 3226 1919 omnis

35 1950 344 2018 emptionem
389 1953 636 2020 corporis
687 1955 770 2008 sui
821 1955 1121 2024 consequi;
1173 1957 1267 2010 sed
1316 1956 1552 2010 inveniat

35 2059 107 2093 unt
133 2043 235 2095 ista
261 2045 530 2097 sententia
561 2059 681 2111 qua:
714 2061 908 2114 corpus
937 2053 986 2100 et
1021 2046 1256 2098 animam
1289 2047 1551 2114 gehennze

35 2131 201 2199 guibus
237 2134 460 2187 damnat
501 2135 634 2205 (30).
681 2135 807 2189 Post
842 2137 969 2190 haec'
990 2136 1123 2190 dicit
1155 2153 1170 2189 :
1208 2154 1228 2188 t
1263 2135 1370 2206 Spe
1405 2141 1548 2191 enim

35 2223 122 2277 alvi
148 2223 276 2279 facti
307 2241 515 2280 sumus.
550 2224 686 2296 Spes
711 2237 892 2282 autem
923 2243 1043 2298 qua:
1067 2227 1297 2291 videtur,
1328 2243 1432 2282 non
1467 2237 1549 2283 est

35 2330 127 2381 pes.
148 2334 170 2368 ι
199 2315 351 2371 Sicut
378 2319 626 2388 superius
649 2320 716 2374 de
737 2327 984 2374 creatura
1011 2319 1246 2379 dixerat.
1268 2319 1392 2387 quia
1423 2337 1443 2372 ι
1465 2334 1551 2371 va-

37 2407 140 2461 itati
193 2409 434 2478 subjecta
490 2421 574 2466 est
623 2421 844 2482 propter
892 2426 1014 2468 eum
1069 2413 1160 2480 qui
1206 2411 1433 2480 subjecit
1493 2413 1545 2467 in

36 2497 185 2562 ne”;
225 2519 241 2551 ι
273 2499 344 2554 ita
377 2512 432 2555 et
481 2502 571 2557 hic
616 2505 682 2558 de
726 2504 1020 2572 semetipso
1063 2503 1152 2557 vel
1191 2519 1545 2573 quoscunque

35 2603 165 2643 erum
197 2595 543 2646 annumerari
583 2594 769 2659 novit,
813 2593 987 2648 dicit:
1027 2611 1050 2646 ι
1082 2593 1189 2664 Spe
1219 2594 1363 2648 enim
1409 2596 1543 2650 salvi

35 2686 112 2739 ιειί
153 2701 341 2741 sumus
376 2704 391 2740 :
435 2706 455 2739 ι
494 2687 634 2742 sicut
671 2697 726 2742 et
772 2688 1062 2758 gemitibus
1099 2697 1368 2742 creaturae
1415 2703 1544 2744 suos

36 2790 198 2845 noque
227 2777 462 2847 gemitus
509 2779 760 2832 sociavit.
802 2777 1081 2844 Quomodo
1119 2789 1296 2832 autem
1351 2779 1402 2832 in
1447 2795 1544 2849 spe

35 2867 62 2918 it
86 2866 227 2922 salus
253 2867 366 2939 (51)
401 2884 417 2921 :
452 2883 578 2938 spes
621 2883 748 2922 vero
776 2883 881 2922 non
907 2870 978 2924 sit
1022 2869 1074 2922 in
1108 2869 1192 2924 his
1222 2870 1392 2939 posita
1419 2883 1542 2938 qua:

35 2963 248 3029 identur,
279 2966 372 3019 sed
399 2979 519 3033 qua;
548 2978 654 3019 non
684 2965 966 3027 videntur,
998 2965 1110 3036 jam
1138 2967 1387 3034 superius
1413 2967 1544 3022 edo-

35 3059 206 3111 nimus.
234 3057 369 3112 Illud
401 3057 574 3112 solum
604 3055 841 3112 breviter
879 3059 1140 3114 addemus
1161 3098 1176 3122 ,
1207 3060 1348 3128 quod
1379 3069 1432 3113 et
1474 3075 1540 3114 ex

34 3150 67 3200 is
89 3151 424 3205 sermonibus
445 3190 463 3216 ,
495 3160 548 3204 et
579 3165 644 3202 ex
695 3149 800 3204 illis
841 3151 892 3203 in
932 3151 1131 3220 quibus
1162 3152 1322 3217 dicit,
1370 3169 1389 3202 ‹
1423 3151 1537 3205 Non

33 3242 324 3309 aspicientes
359 3243 447 3296 illa
477 3258 597 3312 quae
635 3245 905 3308 videntur,
937 3245 1030 3298 sed
1063 3259 1183 3314 quae
1218 3260 1323 3298 non
1356 3244 1538 3300 viden-
1567 3221 1607 3244 υ

33 3349 69 3387 tr
89 3333 150 3399 ⁸⁸,
181 3352 201 3386 ι
235 3336 427 3390 edocet
472 3351 570 3390 nos
616 3336 667 3390 iu
717 3335 914 3390 l‘uturis
970 3337 1127 3391 bonis
1167 3337 1301 3391 nihil
1353 3352 1538 3393 eorum

34 3437 94 3476 ne
121 3439 261 3479 nunc
294 3425 568 3490 videntur,
601 3425 685 3480 vel
712 3425 881 3480 videri
913 3437 1159 3496 possunt,
1188 3442 1411 3498 sperare
1441 3429 1534 3482 der

33 3524 119 3572 ere,
159 3513 382 3566 etiamsi
421 3514 619 3568 caelum
660 3515 844 3593 videas
877 3514 1019 3569 istud
1054 3517 1288 3584 visibile,
1323 3519 1534 3573 etiamsi

33 3616 181 3654 2mm.
211 3602 352 3656 Audi
382 3603 448 3657 de
481 3603 588 3669 his,
617 3605 744 3675 quia
777 3623 796 3658 ι
815 3605 1012 3660 cmlum
1043 3615 1098 3660 et
1139 3616 1280 3662 terra
1309 3617 1535 3678 praeter-

34 3701 118 3743 mnt
151 3692 229 3757 “,
261 3711 283 3744 ι
355 3693 588 3748 visibilia
647 3696 792 3750 enim
852 3705 1018 3763 sunt;
1075 3705 1132 3752 et
1177 3698 1318 3767 quod
1361 3699 1532 3763 vides,

34 3783 98 3836 uid
120 3800 303 3852 speras
332 3785 422 3839 ιη
457 3786 602 3842 Nihil
639 3803 770 3858 ergo
809 3804 1033 3858 prorsus
1081 3791 1407 3860 sperandum
1449 3801 1533 3845 est

33 3874 215 3932 .iuturo
237 3880 308 3932 de
332 3878 417 3932 his
438 3894 558 3948 qua:
581 3879 857 3934 videntur.
888 3898 906 3932 t
928 3879 1128 3934 Oculus
1149 3898 1169 3933 ι
1206 3882 1351 3934 enim
1379 3898 1398 3931 ι
1424 3897 1527 3935 non

34 3969 100 4020 idit
121 3985 234 4038 qua:
259 3971 587 4041 prmparavit
611 3972 752 4026 Deus
787 3971 871 4026 his
898 3973 989 4042 qui
1017 3971 1252 4042 diligunt
1281 3971 1522 4025 eum“.n

37 4058 120 4112 idet
153 4071 333 4115 autem
380 4061 570 4116 oculus
612 4061 809 4116 C(Billlll
851 4070 906 4116 et
951 4071 1194 4126 terram;
1239 4078 1348 4117 non
1399 4079 1528 4132 ergo

33 4160 171 4212 portet
198 4153 302 4207 hoc
335 4153 478 4222 quod
511 4152 744 4217 videtur,
774 4151 922 4208 credi
956 4162 1315 4224 praeparatum
1345 4170 1465 4209 esse
1495 4171 1525 4208 a

34 4243 172 4298 nobis
211 4245 304 4310 Qui
352 4245 580 4314 diligunt
608 4259 732 4300 eum
758 4259 775 4310 ;
806 4245 900 4299 sed
919 4244 1118 4299 coelum
1141 4247 1384 4316 quidem.
1416 4247 1526 4302 imo

33 4333 141 4385 otius
184 4336 354 4389 caelos
404 4335 574 4389 multo
623 4335 1015 4389 eminentiores
1065 4345 1122 4390 et
1171 4336 1522 4402 excelsiores,

33 4439 120 4477 nam
149 4435 226 4480 est
252 4427 379 4481 illud
409 4428 804 4481 ﬁrmamentum
845 4427 989 4496 quod
1023 4427 1191 4481 videri
1220 4429 1395 4483 oculis
1427 4447 1521 4497 po-

1653 1956 1901 2002 creatura
1944 1949 2029 2004 his
2067 1950 2242 2019 quiin
2280 1967 2450 2020 agone
2510 1951 2669 2020 hujus
2713 1953 2836 2007 vita:
2885 1963 3012 2009 sunt
3064 1955 3221 2022 positi

1653 2043 2084 2112 congemisceret
2112 2053 2165 2096 et
2200 2045 2548 2109 condoleret,
2579 2046 2681 2100 hoc
2717 2056 2802 2100 est
2831 2045 3219 2110 collaboraret,

1651 2134 1906 2203 viresque
1951 2132 2244 2201 conferret,
2299 2143 2410 2188 tum
2457 2135 2623 2190 etiam
2654 2135 2890 2205 seipsum
2919 2135 3123 2191 Paulus
3157 2151 3221 2190 ac

1649 2225 1732 2279 sui
1765 2224 1972 2278 similes
2007 2225 2248 2294 proferre
2273 2226 2509 2296 gemitus
2543 2240 2642 2295 pro
2687 2226 3062 2281 laborantibus
3103 2243 3219 2281 me-

1650 2326 1916 2370 morasset
1940 2315 2005 2380 ‘7,
2031 2324 2087 2368 ut
2118 2331 2215 2384 per
2248 2317 2362 2371 haec
2395 2315 2668 2371 solaretur
2710 2317 2764 2371 in
2798 2320 3098 2371 certamine
3119 2335 3218 2386 po-

1647 2409 1802 2473 sitos,
1850 2422 1976 2462 cum
2017 2409 2264 2462 viderent
2293 2422 2483 2462 omnes
2531 2419 2752 2464 sanctos
2796 2409 3220 2475 universamque

1647 2507 1958 2552 creaturam
1993 2498 2188 2552 aﬁ'eclu
2220 2513 2402 2554 secum
2435 2498 2710 2564 laborare,
2734 2501 3078 2570 gemitusque
3101 2499 3217 2568 (32)

1645 2588 2000 2658 conjungere;
2029 2590 2178 2645 addit
2219 2605 2364 2644 nunc
2403 2589 2671 2644 excelsius
2703 2591 2905 2658 aliquid
2950 2600 3006 2644 et
3040 2591 3215 2644 subli-

1645 2677 1807 2732 mius.
1833 2676 1931 2742 Ne,
1962 2679 2158 2747 inquit,
2194 2693 2422 2748 parvum
2453 2678 2568 2749 (5'5)
2603 2681 2802 2747 putetis
2839 2679 2980 2748 quod
3033 2680 3213 2733 omnis

1646 2768 1929 2824 nobiscum
1977 2768 2336 2836 congcmiscit
2391 2777 2445 2823 et
2491 2769 2742 2823 condolet
2793 2781 3091 2822 creatura:
3146 2786 3213 2824 ne

1643 2879 1867 2934 parvum
1893 2861 2142 2917 videatur
2181 2861 2328 2930 quod
2363 2876 2462 2916 nos
2493 2860 2593 2930 ipsi
2624 2863 2891 2930 gemimus
2927 2875 3024 2930 pro
3065 2860 3213 2914 labo-

1643 2957 1792 3012 ribus
1820 2958 2035 3012 vestris.
2068 2957 2242 3010 Etiam
2270 2956 2468 3011 divina:
2492 2955 2592 3024 ipsi
2625 2964 2827 3009 naturm
2852 2969 2979 3023 erga
3006 2968 3210 3024 agones

1644 3059 1859 3104 nostros
1881 3048 2186 3118 (vobiscum
2210 3049 2354 3103 enim
2389 3061 2474 3102 me
2503 3061 2722 3119 quoque
2740 3045 3030 3115 conjungo)
3069 3045 3210 3099 inest

1642 3140 1859 3209 quidam
1888 3137 2253 3193 miserationis
2284 3136 2529 3201 allectus,
2561 3146 2617 3191 et
2643 3137 2758 3204 ipse
2795 3152 2812 3184 t
2843 3133 3084 3204 Spiritus
3105 3135 3204 3186 ad-

1636 3232 1786 3300 juvat
1814 3229 1928 3302 (34)
1955 3231 2325 3285 inﬁrmitatem
2355 3241 2616 3285 nostram.
2645 3247 2664 3282 ι
2697 3228 2938 3297 Dunique.
2957 3226 3084 3295 quid
3108 3239 3208 3280 nos

1639 3339 1818 3388 orare,
1844 3323 1974 3393 quid
2005 3338 2033 3376 a
2064 3323 2172 3377 Deo
2215 3332 2400 3392 petere
2443 3331 2711 3392 uporteat,
2754 3320 3087 3391 ignoramus.
3119 3318 3206 3372 ln-

1640 3415 1851 3468 terdum
1883 3414 2029 3468 enim
2067 3429 2186 3482 quas
2225 3413 2494 3468 contraria
2545 3411 2706 3467 saluti
2755 3419 2884 3466 sunt
2929 3411 3204 3480 cupimus,

1639 3503 1953 3558 inﬁrmitate
1984 3512 2233 3574 cogente.
2269 3502 2422 3558 Sicut
2447 3501 2593 3556 enim
2635 3502 2761 3569 quis
2793 3501 2846 3554 in
2885 3500 3204 3570 aegritudine

1635 3593 1878 3662 corporis
1908 3593 2115 3662 positus
2143 3607 2248 3646 non
2285 3606 2347 3646 ea
2379 3605 2500 3660 qua:
2525 3590 2744 3644 sanitati
2780 3598 3085 3660 congruunt
3119 3589 3203 3643 vel

1633 3687 1964 3748 conducunt,
1993 3686 2085 3739 sed
2109 3699 2171 3738 ea
2210 3698 2331 3754 quae
2375 3683 2659 3753 przesentis
2699 3682 3030 3737 inﬁrmitatis
3056 3681 3205 3735 desi-

1633 3777 1840 3832 derium
1875 3775 2232 3844 suggesserit,
2266 3775 2441 3844 poscit
2466 3790 2496 3828 a
2525 3775 2776 3830 medico:
2813 3773 2886 3827 ita
2919 3783 2976 3828 et
3013 3787 3114 3828 nos
3146 3774 3199 3827 in

1631 3865 1791 3936 bujus
1817 3864 1942 3919 vita:
1987 3864 2101 3934 (35)
2152 3864 2472 3919 inﬁrmitate
2507 3864 2823 3934 languentes
2860 3863 3127 3917 interdum
3169 3878 3200 3914 a

1631 3955 1742 4010 Deo
1771 3956 2002 4024 petimus
2031 3955 2176 4024 quod
2219 3969 2329 4010 non
2361 3956 2581 4023 expedit
2611 3954 2789 4008 nobis.
2820 3952 3062 4022 Denique
3097 3968 3200 4023 ego

1629 4046 1744 4115 ipse
1781 4045 1982 4100 Paulus
2011 4046 2102 4115 qui
2128 4044 2245 4099 haec
2281 4043 2475 4113 loquor
2503 4044 2570 4099 ad
2593 4059 2710 4108 vos.
2751 4060 2874 4098 cum
2903 4045 3032 4098 mihi
3073 4057 3199 4113 pro-

1628 4147 1748 4206 pter
1774 4137 2160 4192 sublimitatem
2193 4135 2587 4191 revelationum
2615 4151 2681 4191 ne
2714 4136 3007 4191 extollerer
3038 4137 3198 4191 datus

1628 4229 1819 4282 fuisset
1843 4245 1873 4281 a
1920 4227 2148 4282 Domino
2180 4245 2199 4277 ι
2229 4227 2454 4297 angelus
2491 4228 2707 4282 Salano:
2741 4228 2835 4297 qui
2876 4243 2961 4281 me
2987 4246 3005 4280 ι
3047 4228 3196 4281 cola-

1625 4321 1888 4390 phizaret,
1942 4335 1962 4370 ι
1994 4328 2077 4372 ter
2130 4318 2419 4374 Dominum
2469 4319 2655 4391 rogavi
2709 4330 2767 4374 ut
2819 4319 3124 4374 discederet
3164 4334 3195 4372 a

1625 4427 1712 4466 me
1739 4411 1805 4476 “',
1831 4430 1850 4463 ι
1885 4410 2135 4466 nesciens
2199 4409 2327 4480 quid
2372 4425 2585 4466 orarem
2618 4427 2633 4464 :
2670 4423 2725 4466 et
2764 4412 2884 4467 ideo
2924 4411 3049 4480 quia
3104 4427 3199 4465 ne-

33 4524 91 4566 st.
113 4514 208 4571 Sed
231 4527 288 4572 et
316 4529 461 4572 terra
491 4518 759 4588 speranda
783 4528 886 4584 est,
915 4533 1018 4572 non
1051 4529 1229 4572 tamen
1265 4521 1376 4575 haec
1401 4537 1520 4590 qua:
1553 4522 1598 4577 D
1626 4508 1866 4564 δοίεδτιηι
1891 4508 2184 4563 secundum
2207 4507 2351 4577 (ιυοά
2381 4513 2599 4574 Opima
2631 4519 2810 4567 οτίπθν
2844 4519 2949 4558 ηοη
2987 4517 3071 4558 ωε
3100 4517 3197 4555 ²¹¹⁶

33 4603 112 4658 rida
138 4608 336 4662 dicitur
367 4619 422 4662 et
448 4610 622 4663 oculis
657 4609 928 4678 subiacet,
967 4609 1059 4662 sed
1091 4609 1178 4662 illa
1215 4611 1321 4663 erit
1358 4626 1514 4664 man-

34 4709 226 4753 Istorum
254 4709 398 4754 terra
427 4715 589 4769 quam
620 4699 808 4754 oculus
839 4714 946 4753 non
979 4699 1136 4753 vidit.
1169 4699 1402 4754 Evidens
1432 4709 1517 4755 est

33 4789 107 4840 nim
130 4791 364 4860 Apostoli
398 4792 691 4856 sententia,
726 4806 846 4860 quae
874 4792 1030 4846 docet
1064 4805 1168 4844 non
1198 4790 1431 4845 visibilia
1463 4802 1517 4846 et

1621 4601 1757 4655 divit
1787 4600 2070 4665 Dominus,
2119 4599 2217 4656 sed
2252 4601 2392 4656 dixit
2427 4601 2557 4654 mibi
2599 4598 2712 4670 (36)
2745 4617 2758 4652 :
2795 4617 2813 4650 t
2845 4597 3053 4652 Sullicit
3093 4595 3191 4649 tibi

1621 4696 1792 4765 gratia
1817 4709 1959 4758 mea,
1993 4709 2113 4748 nam
2144 4694 2316 4747 virtus
2340 4693 2392 4747 in
2431 4691 2750 4746 inﬁrmitate
2775 4691 3056 4760 perﬁcitur
3083 4686 3186 4748 δ’.»

1623 4789 1714 4842 Sic
1738 4802 1866 4857 ergo
1897 4803 1916 4838 t
1939 4785 2068 4855 quid
2099 4800 2318 4839 oremus
2344 4785 2642 4840 secundum
2677 4783 2820 4852 quod
2851 4791 3069 4852 oportet
3092 4796 3190 4836 ne-

34 4885 249 4950 eroralia
304 4886 576 4954 speranda
625 4886 678 4939 in
730 4884 955 4949 futuris,
1004 4883 1095 4937 sed
1146 4883 1413 4950 spiritalia
1460 4896 1517 4938 et
1619 4881 1862 4944 scimus;
1893 4879 1988 4933 sed
2020 4879 2135 4948 ipse
2176 4875 2414 4946 Spiritus
2445 4875 2752 4944 interpellat
2783 4887 2880 4943 pro
2911 4872 3066 4926 nobis
3095 4886 3191 4941 ge-
3248 4883 3252 4888 '

34 4982 151 5030 terna
179 4991 194 5031 :
222 4979 348 5048 quia
390 4996 408 5030 ι
440 4993 562 5048 qua
589 4979 842 5033 videntur
893 4973 1206 5042 temporalia
1237 4985 1382 5040 sunt,
1406 4993 1425 5026 ι
1459 4984 1514 5029 et

1622 4972 1842 5025 mitibus
1861 4969 2373 5024 ineuarrabilibus.»
2405 4968 2655 5037 Magnum
2687 4964 2869 5018 nescio
2891 4963 3018 5032 quid
3044 4962 3187 5016 Pau-

46 5063 246 5135 i‘lCor.
266 5084 357 5133 ιιι,
381 5068 472 5122 27.
548 5067 591 5100 ³⁷
615 5067 655 5120 ΙΙ
686 5069 809 5120 Cor.
839 5065 998 5127 ν,10.
1049 5064 1122 5135 ί³⁸
1144 5063 1331 5135 Matth.
1359 5081 1416 5128 ι,
1438 5065 1534 5120 28.

1693 5061 2099 5135 KOID.‘YIII.20.
2131 5061 2212 5135 *ξ’
2240 5059 2432 5135 “ﬁgor.
2464 5074 2539 5124 tv,
2575 5056 2663 5112 18.
2700 5057 2782 5135 *ξί
2811 5053 3009 5135 Matth.
3034 5070 3183 5135 με,

33 5131 62 5202 5,
125 5139 164 5168 δ’
188 5125 601 5200 Κοῐηίνιηᾶι.
671 5138 716 5168 ⁸³
740 5138 758 5191 l
787 5125 913 5190 Cor.
942 5151 1007 5200 ll,
1034 5134 1089 5190 9.
1153 5133 1200 5165 “
1221 5133 1377 5190 Rom.
1403 5125 1524 5202 vttt,
1551 5134 1643 5190 25.
1716 5133 1760 5165 ⁸⁸
1779 5131 1920 5187 lbid.
1951 5147 2100 5198 xavn,
2125 5130 2220 5185 27.
2291 5127 2339 5160 “
2362 5129 2519 5184 llom.
2543 5143 2666 5192 vttt,
2696 5126 2786 5181 22.
2864 5125 2907 5156 ⁸⁷
2939 5125 3047 5180 ibid
3090 5125 3182 5180 ‘23.

34 5201 208 5264 ‘llCor.
233 5225 329 5275 XII,
363 5210 412 5272 7,
448 5209 504 5263 8.
578 5208 624 5240 “
657 5207 788 5262 ibid.
820 5207 874 5261 9.

52 5297 142 5367 (30)
173 5303 343 5369 Editi,
391 5322 410 5355 ι
439 5304 535 5359 sed
571 5303 882 5360 inveniatur
921 5313 1044 5354 cum
1087 5299 1188 5354 ista
1233 5303 1506 5358 sententia

77 5408 85 5416 .
111 5410 123 5422 .
148 5375 383 5428 damnet.
408 5393 427 5426 ι

53 5438 143 5514 (31)
167 5443 332 5514 Alias,
364 5463 382 5495 ο
408 5443 904 5514 gemitussociant.
934 5439 1214 5507 Quomodo
1239 5451 1420 5497 autem
1451 5443 1502 5497 in

33 5512 315 5582 Issit7(al.,
350 5533 368 5566 t
400 5512 459 5568 ﬁt
488 5518 536 5577 ι)
587 5513 806 5574 salvus,
833 5531 850 5562 ι
889 5523 996 5566 etc.

52 5578 136 5654 (ξὲ)
158 5578 312 5654 Eiliti,
385 5608 405 5639 ι
445 5601 633 5642 mum
689 5585 900 5640 labores
950 5583 1307 5654 gemitusque,
1336 5600 1356 5634 ι
1386 5590 1498 5636 etc.

52 5648 319 5720 (55)Alias,
357 5669 606 5720 «parum,
638 5671 656 5702 ι
693 5656 834 5706 sicut
859 5661 916 5703 et
945 5648 1110 5708 i'nl'ra.

53 5718 136 5788 (Et)
158 5720 244 5774 Sic
260 5718 442 5778 otnnes
466 5740 594 5777 mss.
614 5725 781 5776 nostri
804 5731 860 5774 et
884 5720 1159 5778 Rabanus.
1180 5721 1323 5775 Editi
1348 5735 1496 5786 vero,

47 5790 369 5850 miserationis
394 5793 643 5850 allectus.
675 5791 790 5863 Ipse
821 5793 988 5858 enim,
1021 5794 1228 5866 inquit,
1266 5791 1502 5863 Spiritus

1611 5299 1852 5368 adjuvat,
1887 5318 1906 5350 ι
1937 5311 2047 5354 etc.

1681 5362 1794 5442 (35)
1820 5370 1994 5436 Alias,
2045 5386 2066 5419 ε
2105 5365 2324 5442 sanitati
2369 5364 2676 5442 conducunt
2717 5362 2836 5442 (ab,
2884 5381 2904 5414 σ
2938 5363 3004 5417 ad
3034 5363 3185 5442 sani:

1609 5435 2134 5504 tatettt'cottduCunt;
2165 5457 2186 5490 ι
2222 5437 2318 5501 al.,
2347 5455 2366 5488 t
2398 5437 2685 5490 sanitatem
2707 5435 2980 5488 adducunt
3012 5444 3062 5503 ι)
3086 5435 3181 5488 sed

1602 5526 1666 5564 ea
1719 5526 1840 5578 quae
1881 5524 2117 5579 praesens
2167 5507 2502 5579 desiderium
2550 5506 2884 5579 suggesserit
2926 5505 3106 5574 poscit
3148 5518 3181 5559 a

1606 5575 1848 5638 medico;
1876 5575 1948 5632 ita
1976 5586 2033 5631 et
2061 5593 2160 5632 nos
2193 5579 2243 5630 in
2275 5578 2431 5641 hujus
2461 5575 2668 5637 stecnli,
2696 5592 2715 5626 ι
2753 5581 2862 5628 etc.

1677 5651 1790 5733 (S6)
1819 5649 1985 5711 Editi,
2015 5666 2033 5700 t
2066 5663 2151 5704 me
2175 5646 2380 5703 audivit
2420 5645 2699 5709 Dominus,
2732 5653 2786 5699 ct
2817 5645 2959 5701 dixit
2984 5643 3172 5710 mihi,»

1607 5736 1832 5788 onnsso,
1862 5737 1881 5772 t
1913 5734 2039 5774 non.
2063 5735 2082 5770 ι
