3766 6530
561 341 700 396 "l9

2045 345 2371 403 ORIGENIS
3631 328 3713 408 uel

561 462 646 517 lus
675 463 726 516 in
758 463 1055 532 gemitibus
1083 465 1284 520 sentit:
1317 481 1444 521 ecce
1466 467 1614 520 enim
1633 465 1746 535 jam
1776 445 1942 522 tertio
1968 469 2136 539 gemi-
2166 480 2211 532 Α
2239 478 2356 525 ster
2385 467 2631 538 spiritus,
2659 465 2702 519 si
2731 473 2910 519 tamen
2941 460 3244 532 discipulus
3269 475 3384 516 esse
3424 461 3580 514 sancti
3608 462 3713 529 Spiri.

561 563 649 610 tus
697 558 869 624 ponit.
911 557 1046 612 Nam
1077 569 1133 612 et
1167 576 1188 604 σ
1216 569 1491 622 creatura,
1517 578 1536 612 ι
1571 560 1770 628 inquit,
1808 578 1827 610 ι
1859 561 2132 628 congemi-

559 649 686 710 scit,
721 670 736 698 ι
768 659 824 703 et
861 666 880 698 α
905 665 1004 703 nos
1052 649 1154 719 ipsi
1209 651 1499 719 gemimus,
1529 670 1547 704 ι
1597 661 1652 705 et
1696 671 1714 703 ε
1750 652 1864 720 ipse
1895 651 2134 720 Spiritus

561 740 854 806 gemitibus
899 741 1212 811 interpellat
1247 742 1413 797 Deum
1449 759 1548 810 pro
1596 746 1828 798 sanctis.
1859 762 1878 795 ι
1913 744 2135 798 Addidit

560 845 692 884 sane
718 831 769 884 in
822 830 912 884 bis
941 832 1230 898 gemitibus
1261 846 1396 900 quos
1427 847 1523 899 per
1551 833 1815 900 Spiritum
1863 833 1972 888 Deo
2000 835 2136 889 dicit

559 919 770 986 oﬁ'erri,
801 923 944 990 quod
979 924 1092 975 sint
1145 923 1562 978 inenarrabiles.
1603 923 1714 978 lioc
1747 934 1930 979 autem
1961 940 2137 992 neque

562 1017 631 1070 de
665 1017 829 1069 totius
859 1027 1146 1080 creatnrze,
1178 1031 1355 1084 neque
1380 1019 1448 1072 de
1504 1021 1620 1073 suis
1648 1019 1942 1090 gannitibus
1975 1019 2133 1072 dixit.

563 1106 630 1160 Et
661 1107 784 1162 vide
806 1108 850 1162 si
875 1123 1160 1177 possumus
1193 1109 1245 1162 in
1281 1110 1400 1164 istis
1423 1109 1716 1179 gemitibus
1738 1110 1964 1165 multum
1999 1109 2138 1164 ﬁdu-

561 1199 663 1250 cia:
691 1211 746 1250 et
777 1197 1042 1252 libertatis
1073 1199 1126 1252 in
1152 1210 1450 1268 conspectu
1488 1200 1583 1256 Dei
1633 1200 1959 1271 intelligere,
1991 1199 2136 1270 quod

561 1288 739 1339 oratio
762 1302 886 1355 qua:
917 1301 1040 1340 cum
1071 1287 1257 1343 dolore
1287 1298 1342 1342 et
1371 1289 1573 1359 gemitu
1621 1288 1846 1344 oﬁ'ertur
1881 1288 2010 1354 Deo,
2050 1303 2138 1343 ac-

559 1377 730 1443 cipiat
783 1378 1037 1432 ﬁduciam
1083 1393 1112 1432 a
1175 1378 1383 1448 Spiritu
1435 1390 1628 1435 sancto
1681 1383 2006 1436 ascendendi
2068 1380 2136 1435 ad

561 1466 751 1522 Deum.
784 1469 1026 1539 Denique
1045 1471 1216 1524 Adam
1246 1487 1369 1526 cum
1398 1485 1697 1542 peccasset,
1727 1475 1964 1544 perdidit
1994 1476 2132 1529 ﬁdu-

559 1561 722 1625 ciam,
751 1572 804 1614 et
831 1561 1114 1617 abscondit
1137 1580 1242 1618 sea
1277 1563 1417 1620 facie
1449 1567 1541 1622 Dei
1572 1568 1640 1622 ”.
1677 1567 1915 1622 Sanctus
1947 1576 2126 1622 autem

564 1650 728 1706 David
760 1654 910 1718 dicit,
937 1656 1063 1723 quia
1097 1675 1116 1708 ι
1141 1659 1372 1726 gemitus
1404 1675 1560 1714 mens
1586 1675 1616 1714 a
1653 1669 1706 1714 te
1737 1675 1840 1714 non
1876 1669 1962 1715 est
1999 1661 2132 1716 abs-

560 1744 808 1797 conditus
836 1746 906 1800 δι.
948 1765 966 1796 ι
1004 1747 1109 1801 Sed
1143 1750 1424 1803 videamus
1464 1749 1594 1818 quid
1626 1759 1710 1805 est
1757 1750 1900 1820 quod
1938 1749 2074 1806 dicit
2110 1766 2125 1803 :

2239 569 2328 614 tns
2373 560 2667 623 desiderat,
2715 569 3126 627 prosequatur:
3181 555 3300 622 ipse
3347 553 3499 608 alien
3537 558 3713 622 gemina.

2235 651 2432 720 quibus
2454 661 2642 705 noster
2667 651 2897 718 spiritus
2933 647 3322 716 doceaturﬂl)
3347 646 3714 714 ingemiscens

2236 742 2558 812 reprOpitiet
2593 741 2698 795 sibi
2732 740 2924 794 Deum.
2951 739 3006 794 Si
3038 754 3167 792 vero
3203 738 3441 807 Spiritus
3460 737 3642 806 quidem
3665 739 3714 792 ὼ

2235 842 2379 897 ceat,
2406 842 2461 888 et
2491 842 2676 886 noster
2707 831 2951 901 spiritus,
2979 831 3032 884 id
3065 839 3147 883 est
3183 843 3340 882 mens
3370 836 3544 881 nostra
3573 843 3716 880 nosse

2236 936 2456 995 quatur,
2483 940 2582 979 suo
2606 925 2738 977 vitio
2777 922 3109 977 infructuosa
3137 921 3188 975 ei
3229 919 3288 974 iit
3316 917 3554 988 magistri
3591 919 3716 971 doctri-

2238 1033 2328 1072 na.
2364 1017 2431 1071 Et
2461 1016 2604 1072 istud
2641 1015 2845 1069 Paulus
2872 1013 3191 1083 mysterium
3222 1011 3337 1081 (42)
3363 1013 3501 1064 intra
3532 1012 3716 1064 homine:

2238 1110 2352 1181 geri
2399 1108 2599 1170 sciens,
2642 1105 2861 1160 dicebat
2904 1104 2990 1158 ’τε
3030 1122 3050 1150 ι
3078 1103 3211 1157 Nam
3256 1103 3300 1158 si
3351 1102 3544 1170 linguis
3577 1101 3716 1168 loqur,

2238 1198 2462 1268 spiritus
2497 1212 2648 1252 mens
2677 1205 2827 1259 orat,
2851 1195 2948 1250 sed
2978 1211 3132 1249 mens
3161 1207 3278 1248 mea
3309 1194 3429 1247 sine
3451 1194 3716 1263 trudam]

2237 1302 2322 1346 est
2347 1309 2358 1344 :
2385 1310 2403 1342 ι
2435 1289 2684 1357 spiritum
2715 1303 2870 1342 suum
2901 1287 3092 1340 dicens
3117 1286 3353 1355 gratiam
3376 1283 3547 1337 sancti
3563 1283 3718 1350 Spiritus

2239 1397 2360 1451 quae
2394 1395 2424 1433 a
2459 1379 2569 1434 Deo
2595 1377 2908 1433 hominibus
2929 1377 3112 1431 datur.
3146 1375 3298 1430 Unde
3323 1383 3383 1427 et
3402 1374 3718 1427 cohortamur:

2243 1482 2302 1524 ttt
2333 1485 2438 1524 non
2477 1467 2778 1523 habeamus
2849 1467 3250 1522 infructuosum
3294 1467 3399 1518 hoc
3431 1464 3587 1517 sancti
3611 1465 3718 1530 Spiri.

2243 1572 2330 1616 tus
2383 1559 2724 1625 beneﬁcium,
2791 1559 2942 1612 addit
2993 1571 3045 1613 et
3093 1558 3269 1612 dicit:
3301 1573 3320 1608 ι
3348 1555 3492 1623 Quid
3523 1569 3627 1624 ergo
3654 1559 3717 1609 cst‘

2243 1653 2427 1710 Orabo
2471 1654 2690 1724 spiritu,
2735 1650 2904 1706 orabo
2949 1659 3005 1705 et
3048 1658 3228 1703 mente
3269 1665 3284 1702 :
3324 1647 3580 1716 p~aimum
3613 1650 3717 1702 dicat

2244 1748 2460 1816 spiritu,
2498 1744 2762 1817 psalmum
2795 1743 2972 1796 dicant
3012 1752 3068 1795 ct
3097 1741 3363 1795 mente”.
3389 1759 3410 1791 ι
3449 1739 3717 1810 lgiturquau

565 1851 586 1883 ι
616 1833 732 1902 Ipse
763 1833 999 1903 Spiritus
1037 1839 1344 1909 interpellat
1367 1856 1466 1909 pro
1482 1815 1656 1897 nobis
1678 1842 1743 1896 ⁸².
1837 1839 1948 1895 Hoc
1992 1839 2136 1893 enim
2171 1815 2214 1874 Β
2247 1815 2326 1889 vis
2349 1837 2463 1889 lucc
2494 1815 2882 1888 inenarrabilis
2907 1845 3030 1886 esse
3060 1829 3262 1884 Paulus
3310 1833 3433 1899 ipse
3477 1831 3719 1900 sigonius

566 1937 617 1976 et
647 1922 886 1980 Joannes
913 1927 1096 1982 Jesum
1128 1932 1306 1985 facere
1334 1931 1605 2000 designat,
1633 1947 1754 1986 cum
1782 1931 1914 1986 dicit
1944 1949 1959 1986 :
1995 1951 2013 1982 ‹
2045 1931 2136 1985 Fi-

566 2013 702 2080 lioli,
736 2018 851 2071 lucc
890 2021 1076 2074 scribo
1113 2020 1285 2084 vobis,
1315 2031 1374 2075 ut
1421 2039 1528 2077 non
1579 2025 1853 2092 peccetis:
1883 2025 1928 2078 si
1960 2035 2137 2079 autem

562 2118 617 2162 et
649 2111 958 2177 peccaverit
983 2113 1184 2181 aliquis
1221 2125 1494 2178 nostrum,
1515 2116 1843 2170 advocatum
1875 2116 2139 2171 habemus

563 2203 706 2270 apud
738 2203 951 2258 Patrem
977 2203 1184 2269 justum
1215 2205 1423 2268 Jesnm,
1453 2209 1544 2276 qui
1581 2193 1634 2261 et
1683 2208 1991 2277 interpellat
2043 2224 2140 2277 pro

564 2291 723 2345 nobis
751 2292 820 2344 ".
847 2312 866 2344 ι
913 2293 976 2346 Et
1007 2295 1118 2358 hic,
1146 2297 1386 2363 Spiritus
1417 2297 1727 2366 interpellat
1760 2314 1856 2367 pro
1888 2299 2041 2353 nobis
2065 2298 2136 2353 “.

563 2379 675 2433 Iloc
709 2392 886 2436 autem
939 2384 1067 2438 facit
1113 2386 1353 2454 Spiritus
1398 2386 1598 2454 jnvans
1633 2387 2004 2444 inﬁrmitatem
2043 2406 2141 2444 no-

564 2484 754 2528 stram.
783 2476 914 2540 Quae
943 2486 1122 2530 autem
1153 2478 1221 2532 sit
1255 2479 1548 2534 inﬁrmitas
1574 2490 1782 2545 nostra,
1813 2482 1925 2552 ipse
1953 2481 2139 2537 Domi-

567 2578 670 2617 nus
699 2564 857 2618 docet
884 2580 1006 2620 cum
1029 2558 1160 2619 dicit
1186 2583 1200 2619 :
1237 2585 1256 2618 ι
1292 2566 1532 2636 Spiritus
1557 2578 1860 2638 promptus,
1879 2585 2011 2624 caro
2043 2585 2141 2624 au-

569 2663 674 2708 tem
711 2656 923 2710 inﬁrma
946 2658 1014 2711 ⁸⁸.
1041 2676 1061 2710 ι
1101 2658 1268 2728 Igitur
1304 2658 1594 2714 inﬁrmitas
1640 2671 1823 2715 nostra
1865 2677 1930 2716 ex
1959 2663 2140 2719 carnis

568 2746 883 2803 inﬁrmitate
929 2750 1232 2806 descendit.
1281 2749 1400 2816 Ipsa
1440 2761 1524 2806 est
1557 2753 1703 2806 enim
1731 2768 1852 2822 quae
1878 2755 2138 2822 concupi-

566 2839 672 2892 scit
716 2841 980 2895 adversus
1015 2843 1267 2912 spiritum
1293 2842 1370 2910 ⁵⁶;
1407 2854 1462 2898 et
1500 2843 1628 2898 dum
1672 2845 2142 2915 concupiscentias

571 2943 704 2984 suas
745 2932 962 3001 ingerit,
995 2935 1283 3002 puritatem
1330 2936 1557 3004 spiritus
1603 2936 1852 3005 impedit,
1877 2946 1933 2992 et
1962 2939 2139 2992 sinceo

567 3023 780 3076 ritatetn
807 3026 1076 3082 orationis
1105 3027 1360 3085 oﬁ‘uscat.
1395 3030 1502 3086 Sed
1535 3031 1624 3086 ubi
1659 3013 1860 3085 viderit
1901 3030 2139 3101 Spiritus

568 3114 662 3168 Dei
695 3115 945 3172 laborare
975 3120 1227 3187 spiritum
1270 3132 1513 3177 nostrum
1551 3124 1664 3193 (57)
1696 3124 1746 3178 in
1803 3123 2138 3177 adversando

567 3206 740 3270 carni,
773 3216 827 3261 et
851 3209 1180 3264 adhaerendo
1212 3211 1338 3278 sibi,
1372 3216 1604 3284 porrigit
1632 3232 1875 3280 tttattutu,
1905 3226 1959 3269 et
1987 3215 2139 3283 adju-

568 3303 662 3348 vat
695 3297 1062 3353 inﬁrmitatem
1113 3301 1230 3370 ejus
1260 3323 1271 3356 :
1303 3314 1358 3356 et
1403 3305 1549 3358 velut
1594 3305 1638 3360 si
1679 3306 1936 3375 magister
1965 3307 2140 3360 susci-

569 3387 727 3454 piens
755 3390 940 3444 rudem
976 3390 1300 3460 discipulum
1350 3392 1484 3463 (58),
1513 3405 1568 3448 et
1607 3398 1944 3464 ignorantem
1986 3394 2134 3464 peni'

571 3485 659 3532 tus
683 3477 916 3545 litteras,
947 3491 1004 3536 ut
1036 3497 1161 3537 eum
1196 3483 1392 3538 docere
1425 3487 1594 3554 possit
1619 3495 1676 3540 et
1707 3485 2018 3550 instituere,
2045 3501 2138 3540 ne-

569 3581 726 3625 cesse
756 3570 920 3627 habet
949 3573 1212 3630 inclinare
1235 3591 1294 3631 se
1326 3577 1392 3631 ad
1439 3577 1689 3647 discipuli
1731 3577 2051 3644 rudimenta,
2081 3587 2136 3632 et

570 3657 688 3726 ipse
737 3662 888 3730 prius
933 3665 1114 3721 dicere
1149 3681 1346 3722 nomen
1396 3667 1608 3734 litterae,
1661 3681 1720 3724 ut
1763 3670 2144 3740 respondendo

568 3752 868 3823 discipulus
899 3757 1072 3811 discat
1099 3758 1237 3830 (39).
1264 3770 1316 3814 et
1346 3759 1406 3814 ﬁt
1438 3762 1840 3830 quodammodo
1873 3762 2139 3832 magister

569 3843 688 3914 ipse
738 3849 1017 3916 incipienti
1061 3851 1332 3922 discipulo
1385 3853 1602 3918 similis,
1635 3868 1699 3906 ea
1736 3853 1964 3922 loquens
1993 3864 2047 3909 et
2079 3869 2143 3909 ea

573 3937 840 3992 nteditans
874 3954 994 4008 qua:
1037 3940 1302 4011 incipiens
1343 3943 1489 4012 loqui
1523 3944 1717 3998 debeat
1747 3959 1810 3996 ac
1852 3944 2144 3998 meditari:

573 4028 649 4081 ita
703 4038 758 4083 et
805 4031 1046 4100 Spiritus
1094 4046 1320 4089 sanctus
1375 4035 1488 4104 (4ο)
1519 4036 1607 4088 ubi
1658 4037 2149 4104 oppugnationibus

572 4121 758 4175 carnis
797 4125 1108 4192 perturbari
1144 4137 1384 4180 nostrum
1435 4126 1683 4195 spiritum
1723 4126 1940 4187 viderit,
1967 4135 2022 4180 et
2053 4141 2148 4179 ne—

579 4212 838 4268 scientem
863 4218 990 4284 quid
1021 4234 1182 4272 orare
1203 4221 1397 4274 debeat
1429 4218 1726 4273 secundum
1751 4219 1891 4286 quod
1909 4228 2146 4286 Oportet,

2244 1924 2705 1982 iuenarrabilibus
2739 1923 3029 1992 gemitibus
3076 1924 3192 1992 geri
3235 1921 3391 1993 (45),
3421 1930 3583 1975 tamen
3624 1931 3720 1988 pm

2243 2020 2498 2091 possibile
2520 2017 2679 2073 nobis
2700 2016 2821 2080 fuit,
2849 2015 3142 2086 imaginem
3167 2017 3463 2084 quamdam
3490 2029 3720 2082 rerumqu:

2242 2111 2500 2165 divinitus
2528 2118 2806 2179 geruntur,
2827 2123 3074 2177 quasque
3105 2106 3220 2175 ipse
3243 2107 3516 2160 obtectius
3547 2106 3719 2174 (unus

2245 2205 2374 2269 l’ert,
2409 2203 2701 2257 edidimus.
2733 2199 2836 2266 Qtti
2893 2208 3077 2252 autem
3123 2198 3389 2266 spiritalis
3433 2209 3513 2252 est
3535 2202 3719 2251 cumqu

2242 2297 2422 2350 omnia
2447 2295 2515 2360 δ’,
2550 2303 2604 2349 et
2631 2293 2674 2348 si
2715 2293 2842 2361 quid
2882 2292 2967 2346 his
2996 2291 3159 2345 altius
3184 2291 3524 2361 investigare
3546 2293 3721 2360 potuerit

2241 2387 2440 2442 habeat
2463 2388 2604 2455 apud
2629 2400 2689 2440 se
2721 2401 2736 2437 :
2777 2403 2794 2436 ι
2823 2383 3060 2438 Fidelis»
3092 2385 3240 2438 enim
3277 2402 3295 2435 ι
3323 2385 3519 2453 spiritu
3542 2383 3652 2437 celat
3674 2399 3722 2435 ac.

2242 2483 2387 2552 gotia
2404 2481 2469 2534 “.
2496 2501 2514 2533 ι
2550 2478 2891 2534 Adntonendi
2915 2488 3092 2532 tamen
3120 2488 3247 2532 sunt
3274 2479 3366 2547 qui
3399 2477 3722 2546 prosperitates

2242 2573 2347 2627 sibi
2391 2572 2674 2643 prmsentis
2710 2571 2857 2637 vitae,
2889 2581 2944 2625 et
2983 2571 3299 2636 sanitatem,
3334 2570 3426 2623 vel
3456 2569 3659 2628 divitias.
3687 2583 3722 2616 te

2243 2663 2480 2718 honores
2531 2660 2805 2733 postulant
2837 2677 2866 2714 a
2905 2661 3045 2726 Deo,
3079 2661 3206 2730 quia
3249 2661 3382 2729 quid
3419 2672 3568 2713 orent
3603 2675 3718 2713 senm

2243 2758 2367 2811 dum
2402 2756 2546 2825 quod
2578 2755 2796 2824 expedit
2826 2755 3076 2809 nesciunt
3104 2755 3170 2806 “.
3201 2753 3355 2820 Stcpc
3394 2753 3534 2806 enim
3566 2752 3724 2804 litata

2244 2845 2497 2898 damnum
2526 2845 2720 2898 anima:
2757 2844 2836 2896 vel
2873 2843 3225 2912 opprobrium
3261 2845 3380 2913 ejus
3429 2842 3724 2910 sempiternus

2243 2939 2440 2992 cedant
2461 2937 2571 3009 (45)
2591 2938 2876 3008 prazseutia
2897 2939 3010 2990 hac
3032 2936 3183 2990 lucra
3197 2946 3251 2990 et
3268 2937 3501 3004 dignitas
3517 2932 3724 2989 saecularis

2245 3029 2311 3083 Et
2344 3029 2463 3084 ideo
2494 3029 2620 3082 illud
2653 3029 2826 3093 magis
2855 3027 3146 3081 tenendum
3176 3034 3280 3090 est,
3311 3026 3456 3092 quod
3485 3039 3573 3077 nos
3597 3025 3638 3075 in
3656 3037 3720 3072 om

2248 3121 2396 3173 tione
2446 3119 2627 3175 dicere
2655 3117 2771 3188 (46)
2810 3115 2994 3170 docuit
3029 3115 3326 3169 Dominus:
3360 3134 3380 3164 ο
3415 3112 3533 3167 Fiat
3564 3112 3723 3163 volant:

2243 3220 2334 3266 tua
2357 3209 2423 3264 ⁶².
2450 3230 2469 3264 ι

2321 3321 2340 3353 ι
2371 3301 2473 3368 Qui
2507 3312 2688 3355 autem
2716 3311 2994 3356 scrutatur
3019 3297 3210 3360 corda,
3243 3297 3348 3351 scit
3381 3296 3512 3365 quid
3544 3292 3726 3346 desidere

2247 3393 2501 3464 Spiritus,
2528 3396 2654 3465 quia
2685 3393 2985 3451 secundum
3017 3391 3130 3465 (47)
3165 3393 3333 3448 Deum
3373 3387 3657 3458 interpellat
3680 3397 3726 3451 pa

2243 3486 2452 3540 sanctis
2477 3485 2542 3538 ⁵³.
2569 3504 2588 3538 ι
2625 3484 2873 3540 Ostendit
2904 3485 3122 3554 quidem
3157 3501 3187 3537 a
3216 3481 3325 3536 Deo
3363 3497 3473 3535 non
3508 3489 3603 3532 tam
3631 3473 3726 3527 serit

2244 3588 2425 3634 nostra
2449 3578 2505 3631 iu
2525 3578 2792 3640 oratione,
2821 3591 2984 3644 quam
3015 3590 3113 3629 cor
3134 3584 3482 3640 mentemque
3509 3567 3712 3638 perpendi

2250 3669 2367 3738 ipse
2399 3668 2543 3723 enim
2570 3677 2653 3722 est
2675 3667 2767 3736 qui
2809 3676 3086 3722 scrutatur
3107 3665 3271 3719 corda
3308 3673 3363 3718 et
3393 3678 3548 3718 renes
3567 3663 3620 3712 “.
3639 3658 3725 3723 Quo

2252 3770 2433 3816 autem
2459 3760 2696 3827 secundo
2730 3759 2880 3820 dicit,
2920 3759 3045 3828 quia
3091 3775 3109 3809 δ
3133 3757 3369 3826 Spiritus
3419 3753 3710 3823 interpellat,

2254 3854 2358 3909 hoc
2395 3865 2480 3908 est
2508 3853 2650 3922 quod
2699 3853 2894 3908 edocet
2927 3870 2943 3906 :
2978 3866 3082 3905 non
3121 3850 3404 3904 minimam
3458 3845 3725 3916 dispensatio

2253 3962 2377 4000 nent
2405 3946 2568 4001 etiatn
2598 3944 2708 4016 (48)
2732 3960 2829 4014 per
2863 3945 3126 4015 Spiritum
3153 3954 3400 3998 sanctum
3430 3943 3484 3997 in
3507 3939 3725 3996 hominibt

2253 4039 2389 4107 geri.
2421 4036 2680 4105 Quamvis
2710 4039 2854 4091 enim
2891 4037 3199 4105 unigenitus
3246 4033 3418 4089 Filius
3465 4034 3553 4088 Dei
3583 4045 3661 4100 pro
3690 4043 3725 4079 Si

2255 4129 2365 4182 lute
2415 4130 2635 4185 humani
2667 4129 2880 4198 generis
2924 4127 3237 4182 incarnatus
3278 4138 3336 4181 et
3375 4140 3564 4196 passus
3609 4125 3725 4186 εἰμι

2256 4230 2428 4275 morte
2477 4236 2574 4276 sua
2623 4222 2948 4276 destruxerit
3001 4233 3252 4284 mortem,
3313 4229 3370 4274 et
3415 4215 3725 4275 resurrectio:

585 4302 701 4370 ipse
731 4309 875 4361 velut
901 4311 1160 4380 magister
1187 4311 1489 4367 orationem
1526 4314 1828 4384 praemittit,
1854 4328 2015 4382 quant
2049 4326 2149 4365 no-
2185 4303 2230 4358 Ι)
2261 4311 2556 4366 reddiderit
2576 4311 2762 4376 vitam,
2798 4311 2968 4365 niltilo
2991 4311 3208 4380 segnius
3242 4310 3358 4382 (49)
3387 4321 3560 4363 tamen
3599 4306 3725 4369 absqu

647 4425 693 4457 ⁵⁸
721 4427 853 4502 (ξςηᾷ
882 4446 961 4502 tu,
995 4431 1048 4488 8.
1123 4433 1166 4465 ⁵¹
1192 4433 1334 4490 Psal.
1357 4451 1566 4502 xxxvn,
1591 4436 1677 4490 10.
1751 4436 1798 4466 ⁸³
1833 4435 1987 4488 Rom.
2019 4449 2137 4499 vm,
2159 4434 2249 4486 26.
2325 4436 2372 4466 ⁵³
2398 4433 2414 4486 1
2439 4433 2593 4486 .loan.
2622 4451 2682 4499 tt,
2706 4435 2758 4488 Ι.
2833 4433 2879 4463 ⁸⁵
2899 4431 3056 4487 Rom.
3086 4431 3313 4492 \'ttt,?.6.
3389 4429 3434 4461 ⁸⁸
3454 4428 3726 4502 idattinfw

575 4493 666 4548 41.
725 4498 789 4569 *δέ
814 4498 989 4558 Galat.
1027 4518 1077 4564 ν,
1109 4505 1196 4558 l7.
1275 4505 1320 4537 ³⁷
1349 4507 1518 4560 lCor.
1553 4493 1677 4569 ⁷κιγ,
1708 4504 1794 4559 14.
1871 4504 1917 4536 ⁵⁸
1948 4505 1966 4556 l
1998 4493 2134 4558 Cor.

2244 4521 2270 4569 η,
2298 4505 2384 4560 l5.
2459 4505 2504 4536 δ’
2534 4505 2554 4559 ι
2585 4493 2712 4560 Cor.
2746 4520 2823 4568 tt,
2856 4503 2944 4557 15.

3021 4504 3067 4534 ⁸⁸
3107 4503 3267 4557 l’rov.
3311 4517 3388 4566 xl,
3422 4501 3503 4554 18.
3574 4495 3726 4547 “limi

576 4579 691 4629 vnt.
715 4567 806 4623 26.
887 4571 930 4602 ⁸³
958 4573 1148 4629 Matth.
1182 4591 1256 4640 t't,
1289 4577 1375 4631 10.
1452 4575 1496 4606 ⁸³
1533 4567 1690 4630 Rom.
1725 4591 1842 4639 vnt,
1864 4575 1958 4628 27.
2031 4575 2078 4606 “
2103 4567 2374 4638 Psal.’vu,
2409 4574 2494 4630 ιο.

793 4682 1070 4757 Nostrum.
1099 4686 1257 4741 Deest
1286 4688 1338 4742 in
1372 4688 1625 4751 editis,et
1656 4689 1706 4742 in
1733 4689 1980 4757 plttribns
2009 4703 2138 4743 mss.

650 4753 762 4824 (58)
792 4754 954 4819 Editi,
979 4774 997 4806 ι
1027 4757 1328 4825 suscipiens
1347 4759 1415 4812 ad
1442 4753 2138 4825 rudimentadiscipuluttt.»

581 4825 707 4896 Mss.
720 4825 968 4896 quidam,
993 4844 1011 4876 ι
1031 4827 1416 4894 suscipientem
1435 4828 1734 4882 rudimenta
1755 4830 2100 4896 discipulum.
2116 4847 2138 4880 ι

580 4895 801 4948 Rectius
828 4909 962 4948 vero
989 4913 1093 4950 ms.
1132 4913 1268 4952 unus
1297 4897 1496 4965 Regius
1528 4914 1675 4952 num.
1705 4899 1841 4952 1659
1877 4895 1929 4953 et
1963 4899 2145 4952 Raba-

580 4981 702 5027 nus,
739 4982 758 5014 ι
783 4966 1088 5034 suscipiens
1122 4968 1307 5021 rudem
1335 4967 1679 5034 discipulum.
1701 4987 1720 5020 ι

650 5035 781 5117 (39)
820 5033 945 5089 Ms;
971 5051 1132 5117 unus,
1170 5055 1190 5088 ι
1219 5039 1384 5092 dicat.
1421 5058 1439 5090 ι
1479 5033 1681 5092 Deinde
1723 5037 1853 5092 editi
1883 5038 2146 5108 plerique,

585 5123 605 5158 ι
634 5114 689 5159 et
719 5106 808 5166 sit,
836 5125 854 5156 t
889 5106 1049 5160 male.

651 5175 764 5244 (40)
795 5174 922 5229 Mss.
955 5174 1197 5247 plerique
1245 5187 1298 5230 et
1333 5176 1588 5232 Rabanus
1624 5176 1832 5247 legunt,
1864 5195 1884 5228 ι
1914 5179 1985 5232 ita
2019 5191 2149 5246 ergo

582 5253 637 5299 et
675 5256 898 5299 sanctus
951 5245 1208 5314 Spiritus,
1232 5265 1251 5298 ι
1287 5258 1395 5302 etc.
1428 5247 1532 5300 Sed
1586 5245 1892 5302 redundare
1935 5245 2149 5302 videtur

583 5330 684 5371 vox
724 5334 742 5365 ι
762 5329 912 5388 ergo,
947 5335 966 5368 ι
993 5332 1112 5388 quae
1137 5329 1419 5386 propterea
1451 5317 1720 5372 omittitur
1752 5318 1806 5372 itt
1837 5333 1940 5372 ms.
1973 5316 2144 5388 Regio

585 5400 734 5439 Itum.
763 5383 899 5438 1639
932 5387 1063 5440 etin
1093 5383 1272 5444 editis.

657 5454 770 5524 (41)
805 5454 968 5520 Editi,
1008 5473 1027 5506 ι
1049 5457 1252 5516 discat:
1284 5476 1304 5509 ι
1342 5461 1436 5514 sed
1487 5473 1677 5514 omnes
1728 5472 1860 5514 mss.
1891 5457 2059 5513 nostri
2091 5466 2147 5513 et

586 5524 862 5584 Rabauus,
896 5543 914 5575 ι
943 5527 1218 5579 doceatur.
1255 5547 1276 5579 ι

657 5593 769 5679 (42)
792 5593 956 5658 Alias,
988 5614 1007 5646 ι
1030 5596 1250 5679 etistntl
1303 5597 1582 5679 Paulusin
1613 5599 1947 5679 mysterium,
1982 5617 2000 5650 ι
2033 5608 2139 5651 etc.
2168 5606 2172 5609 '

587 5665 794 5739 Deinde
824 5679 954 5717 vero
983 5665 1110 5718 editi
1143 5666 1343 5722 habent
1370 5687 1384 5721 :
1422 5687 1441 5718 ι
1473 5668 1605 5722 Nam
1639 5665 1684 5721 si
1708 5669 1904 5739 linguis
1929 5669 2142 5739 loquar,

587 5735 811 5800 spiritus
840 5746 1018 5790 autem
1046 5751 1316 5790 meusnon
1345 5749 1487 5801 oret.
1505 5755 1656 5792 mens
1681 5735 1933 5792 medsine
1962 5738 2139 5791 fructu

586 5815 759 5861 estw.
790 5820 910 5877 qua:
939 5821 967 5861 a
1001 5806 1113 5861 Deo
1130 5807 1380 5865 omnibus
1407 5809 1589 5866 datur.
1614 5827 1636 5863 ι
1669 5809 1774 5865 Sed
1797 5826 1983 5865 omnes
2008 5824 2136 5864 mss.

2249 4696 2304 4743 et
2340 4689 2594 4742 Rabanus
2624 4697 2681 4740 ttt
2714 4689 2766 4742 in
2809 4697 2997 4742 nostro
3042 4695 3217 4749 textu,
3248 4686 3350 4740 nisi
3379 4682 3520 4751 quod
3550 4691 3664 4734 unus
3683 4676 3726 4728 lu

2250 4759 2360 4823 bet,
2395 4777 2414 4810 ε
2446 4757 2577 4812 Nam
2606 4760 2649 4812 si
2677 4759 2869 4830 linguis
2901 4756 3178 4830 hominum
3209 4760 3422 4824 loquar.
3445 4771 3567 4830 Α»---
3608 4817 3636 4830 Α

2322 4819 2434 4899 (45)
2461 4831 2552 4882 Sic
2579 4819 2852 4899 recteins.
2879 4844 3016 4882 unus
3047 4826 3246 4894 Regius
3266 4819 3404 4899 nunt
3441 4819 3587 4875 1659.
3605 4819 3726 4899 ηψπ

2251 4890 2382 4954 vero
2409 4890 2542 4954 mss.
2587 4908 2643 4953 et
2681 4898 2837 4963 editi,
2891 4917 2911 4950 ο
2949 4910 3002 4953 et
3034 4890 3484 4951 inenarrabilibus
3524 4890 3725 4961 gemitum

2254 4984 2486 5038 gemere.
2517 4990 2535 5020 ι

2326 5041 2436 5109 (44)
2465 5039 2630 5101 Editi,
2668 5056 2686 5090 ι
2715 5038 2982 5106 obiectus,
3009 5055 3028 5088 ι
3064 5035 3224 5090 male.

2348 5107 2440 5173 45)
2471 5109 2610 5164 Edtti
2653 5122 2958 5178 perperam,
2993 5125 3010 5159 ι
3037 5107 3422 5178 concedantur.
3449 5123 3470 5156 ι

2349 5177 2438 5234 46)
2477 5180 2679 5233 Dicere.
2720 5177 3068 5232 liesideratur
3094 5177 3147 5230 in
3181 5177 3360 5229 editis.

2348 5111 2440 5173 45)
2471 5111 2610 5164 Edtti
2653 5122 2958 5178 perperam,
2993 5125 3010 5159 ι
3037 5111 3422 5162 concedantur.
3449 5123 3470 5156 ι

2349 5180 2416 5234 46
2477 5180 2679 5233 Dicere.
2720 5180 3068 5232 l)esideratur
3094 5177 3147 5230 in
3181 5177 3360 5229 editis.

2323 5111 2438 5321 347i
2469 5250 2604 5302 Εάίιί
2647 5249 2900 5321 omittunt
2941 5267 2959 5298 ι
2989 5247 3305 5302 secundum.
3335 5269 3352 5296 ο
3405 5242 3609 5321 Deinde.

2255 5307 2430 5375 tendit
2457 5321 2673 5390 quidem
2709 5319 2872 5373 Dettttt
2903 5335 3008 5370 non
3043 5329 3219 5370 tam...
3253 5317 3586 5384 perpendere.
3613 5329 3628 5360 ι
3655 5307 3726 5359 Mal

2253 5387 2496 5460 quidam,
2522 5409 2540 5440 ι
2561 5387 2808 5444 Ostendit
2834 5390 3049 5460 quidem
3074 5403 3136 5440 ex
3167 5402 3232 5460 eo
3250 5403 3358 5460 _non
3384 5392 3725 5460 tatu..._perprft

2253 5453 2328 5513 di.
2354 5481 2372 5512 ι
2410 5459 2514 5516 Sed
2558 5474 2656 5512 ms.
2689 5473 2828 5513 unus
2855 5453 3057 5528 Regius
3081 5466 3136 5511 et
3166 5456 3418 5510 Rabanus
3452 5453 3624 5507 melius
3649 5457 3690 5499 ut
3708 5461 3725 5496 il

2252 5541 2420 5586 textu.

2323 5603 2438 5670 (48)
2469 5599 2665 5670 Etiam.
2700 5597 2758 5652 ltt
2795 5599 2956 5652 editis
2986 5597 3281 5670 omittitur:
3364 5666 3374 5670 _
3631 5653 3701 5670 Μ.

2321 5653 2434 5738 (49)
2464 5671 2555 5725 Sic
2582 5668 2836 5725 Rabanns
2867 5678 2923 5723 et
2952 5684 3054 5723 tus.
3090 5683 3228 5738 unus
3251 5666 3440 5736 Regius
3469 5677 3602 5716 num.
3628 5653 3726 5712 l659

2249 5737 2445 5799 Caneri
2475 5756 2606 5796 vero
2637 5756 2768 5797 mss.
2795 5747 2852 5798 et
2879 5738 3039 5805 editi,
3069 5755 3091 5792 ι
3123 5737 3388 5809 insignius
3413 5745 3635 5790 tamenn
