3768 6544
123 428 213 484 tm
979 415 1334 472 COMMLNT.
1375 415 1442 470 1N
1480 414 1697 471 EPIST.
1741 413 1832 470 AD
1872 374 2039 472 seu.
2073 417 2201 472 LIB.
2238 417 2352 475 vn.
3140 425 3281 483 im

121 541 418 604 uicarnatione
443 537 721 608 magniﬁca
745 544 1010 605 geruntur
1032 537 1196 591 etiam
1224 550 1322 607 per
1342 536 1604 606 Spiritum
1637 543 1683 598 Α
1711 537 1876 602 bono,
1901 537 2052 606 quod
2082 551 2361 605 nunquam
2390 545 2564 605 potest
2591 538 3040 604 permutationem
3068 543 3292 613 recipeq

116 647 318 696 sanetum.
346 629 566 683 Tantum
593 639 673 683 est
700 631 841 697 quod
872 627 962 682 ille
987 643 1082 696 pro
1104 628 1285 696 impiis
1315 628 1428 698 (50)
1456 645 1602 684 mor-
1710 642 1790 692 re,
1821 629 2177 682 constituant.
2197 626 2349 694 Quod
2373 627 2418 682 si
2446 627 2534 681 alii
2561 638 2690 682 sunt
2716 630 2806 698 qui
2827 629 3057 699 diligunt
3083 633 3274 698 Deum,

117 737 206 782 tuus
227 733 295 778 est
325 721 417 792 (sic
445 723 586 776 enim
614 731 668 773 et
706 723 817 789 ipse
841 719 1039 774 Paulus
1083 725 1322 776 ostendit
1359 738 1483 777 cum
1518 723 1602 777 di-
1707 729 1760 772 et
1791 718 1879 771 alii
1909 719 1998 786 qui
2045 718 2297 786 spiritum
2346 717 2628 776 serViltltis
2661 718 2954 786 accipiunt,
2987 720 3275 777 videndum

117 821 202 876 cit:
230 837 245 868 ι
266 815 435 870 Adhuc
463 815 606 867 enim
639 815 906 878 Christus,
945 829 1070 868 cum
1103 815 1303 868 inﬁrtni
1335 830 1601 880 essemus,
1707 817 1791 860 θει
1833 824 1899 860 IH‘
1928 807 2065 861 Γυτιθ
2102 817 2158 858 ει
2197 807 2298 860 hoc
2325 805 2467 874 (111οά
2498 804 2649 868 die“.
2682 823 2701 858 α
2734 807 2829 862 "is
2856 809 2946 877 qui
2981 813 3276 866 secundum

113 907 343 962 secundum
373 913 580 970 tempus
607 918 705 971 pro
730 903 911 972 impiis
940 914 1184 958 mortuus
1209 906 1395 975 est“),
1434 924 1453 959 ι
1481 921 1604 959 san-
1704 902 2038 968 propositum
2077 899 2253 954 νυθαιί
2299 906 2445 962 sum.
2479 916 2498 949 ⁸
2533 905 2611 963 θίι
2645 919 2666 954 σ
2700 901 2848 968 θυοδ
2906 901 3202 970 Ρνωεθίνίιν
3227 914 3283 960 (ξι

111 1011 198 1056 ειυς
218 1005 371 1051 autem
396 995 628 1062 Spiritus
653 1011 756 1049 non
789 1011 886 1062 pro
914 996 1095 1064 impiis
1119 998 1231 1067 jam
1272 998 1599 1068 ίηιετρειιιιι,
1703 992 2108 1060 praedestinavit
2152 993 2462 1049 conformes
2516 993 2630 1048 ﬁeri
2674 993 2928 1064 imaginis
2963 994 3082 1050 Filii
3111 997 3220 1061 sui,
3254 1017 3275 1050 ι

107 1093 321 1157 seiltpro
358 1086 592 1141 sanetis:
629 1104 648 1138 ι
700 1097 754 1140 et
798 1087 1108 1156 interpellat
1152 1107 1255 1144 non
1307 1092 1599 1146 secundum
1705 1094 1812 1133 non
1845 1081 2140 1135 conveniat
2177 1081 2282 1136 illis
2333 1083 2512 1153 quiin
2549 1083 2745 1148 spiritu
2794 1085 3077 1139 servitutis
3127 1098 3277 1140 sunt.

102 1181 293 1244 uernent,
334 1179 420 1233 sed
453 1195 472 1229 t
496 1178 796 1232 secundum
829 1179 1029 1233 Deum:
1056 1199 1075 1232 ι
1127 1179 1385 1236 Christus
1420 1191 1590 1236 autem

1787 1177 1940 1222 ssunt
1965 1169 2107 1224 enint
2139 1179 2194 1223 et
2225 1169 2300 1223 illi
2334 1171 2510 1226 vocatl
2538 1171 2759 1240 quidem
2803 1173 2932 1240 dici,
2961 1188 3067 1228 non
3100 1183 3275 1230 tamen

105 1289 181 1328 ιιοιι
212 1269 473 1325 secundum
510 1267 678 1322 Deum
715 1279 959 1324 mortuus
1005 1271 1237 1334 dicitur,
1269 1273 1365 1326 sed
1411 1288 1593 1327 secun-

1789 1261 2052 1314 ecundum
2099 1262 2430 1331 propositum
2453 1280 2472 1314 ι
2509 1265 2687 1318 vocati
2717 1281 2733 1319 :
2767 1273 2823 1318 et
2864 1279 2967 1334 pro
3025 1280 3091 1320 eo
3127 1268 3274 1337 quod

107 1363 198 1416 dum
215 1375 424 1416 carnem.
451 1359 577 1414 Ideo
599 1373 703 1413 non
726 1359 908 1413 verbis
932 1357 1128 1412 offerre
1148 1361 1346 1414 dicitur
1366 1362 1595 1429 Spiritus

1786 1354 1880 1406 huc
1913 1351 1966 1405 in
1990 1351 2182 1420 spiritu
2214 1354 2492 1408 servitutis
2515 1364 2668 1418 sunt,
2702 1371 2810 1410 non
2847 1366 3073 1425 possunt
3109 1360 3274 1413 statui

107 1452 524 1522 interpellationem
554 1465 652 1518 pro
690 1451 927 1511 sanctis,
954 1453 1046 1505 sed
1081 1471 1100 1502 ι
1135 1453 1461 1521 gemitibus:
1493 1472 1512 1504 ι
1544 1461 1602 1507 et
1702 1445 1840 1499 inter
1867 1444 2064 1500 multos
2094 1445 2294 1502 fratres
2325 1462 2557 1517 quorum
2588 1449 2982 1518 primogenitus
3007 1461 3090 1504 est
3127 1451 3274 1507 ﬁlius

105 1557 181 1594 non
207 1539 549 1595 communibus
580 1538 700 1592 istis
723 1538 1041 1608 gemitibus,
1073 1542 1166 1593 sed
1203 1559 1222 1591 ι
1257 1540 1598 1595 inenarrabi-
1699 1536 2010 1602 citaritatis,
2043 1545 2099 1590 et
2128 1555 2146 1588 t
2177 1537 2358 1608 imago
2408 1538 2698 1593 invisubilis
2741 1539 2858 1602 Dei,
2882 1557 2901 1592 ι
2941 1554 3005 1594 ac
3035 1558 3054 1591 ι
3074 1541 3275 1609 primo-

99 1633 219 1686 libus.
247 1651 261 1682 ι
287 1631 554 1698 Quomodo
579 1631 724 1684 enim
755 1631 1002 1684 enarrari
1037 1642 1218 1699 potest
1257 1631 1400 1701 quod
1427 1633 1600 1702 Spiri-
1701 1627 1918 1697 genitus
1943 1627 2122 1682 omnis
2137 1637 2404 1684 creaturae
2425 1630 2489 1683 ⁸⁸.
2519 1649 2539 1683 ι
2583 1629 2690 1685 Sed
2717 1639 2772 1683 et
2801 1631 2901 1686 hoc
2923 1633 3065 1701 quod
3099 1633 3232 1686 dixit
3257 1653 3270 1687 :

99 1733 158 1775 tus
179 1723 252 1776 Dei
296 1722 525 1790 loquitur
551 1722 683 1781 Deo,
717 1735 838 1774 cum
877 1721 1142 1774 interdum
1179 1738 1276 1776 nec
1309 1723 1424 1790 ipse
1473 1724 1596 1791 qni-
1705 1717 2060 1774 «Conformes
2080 1721 2243 1791 603
2267 1721 2516 1789 imaginis
2536 1721 2781 1785 Filiisni,
2805 1741 2822 1772 ι
2850 1722 2974 1775 volo
2992 1725 3276 1790 requirere

95 1815 183 1866 dem
202 1821 359 1865 noster
377 1812 602 1880 spiritus
628 1811 773 1880 quod
804 1812 972 1865 sentit
997 1821 1053 1866 et
1071 1811 1318 1882 intelligit
1341 1827 1598 1868 sermone
1700 1811 1854 1878 cujus
1878 1811 2066 1870 forma:
2093 1814 2402 1869 conlormes
2435 1814 2549 1868 ﬁeri
2579 1815 2830 1869 dicantur
2855 1815 2989 1886 (56).
3019 1816 3271 1887 Legimus

93 1907 221 1974 possit
242 1919 498 1972 exponere
517 1905 543 1958 ἒ
1625 1893 1669 1950 Β
1699 1903 1844 1958 enim
1867 1903 2060 1958 Filium
2087 1904 2180 1960 Dei
2201 1905 2490 1975 aliquando
2510 1906 2561 1959 itt
2585 1907 2753 1960 l'orma
2771 1907 2886 1971 Dei,
2903 1908 3196 1976 aliquando
3219 1910 3276 1964 in

141 1998 180 2050 7.
217 2015 233 2047 ι
267 1997 467 2052 Scimus
519 2007 702 2051 autem
745 1995 1004 2066 quoniam
1045 1995 1395 2066 diligentibus
1423 1999 1590 2052 Deum

1791 2004 1873 2042 ma
1897 1989 2040 2044 servi
2069 2005 2188 2045 esse
2219 1992 2453 2062 positum
2481 1993 2547 2047 θ’.
2567 1993 2664 2048 Cui
2696 2009 2827 2060 ergo
2863 1996 3053 2052 forma:
3082 1998 3273 2053 barum

91 2090 225 2142 «ninia
277 2099 638 2159 cooperantur
680 2090 731 2142 in
783 2089 1003 2151 bonum,
1054 2089 1138 2144 bis
1168 2090 1262 2158 qui
1295 2092 1592 2146 secundum
1699 2081 1927 2135 duarum
1959 2081 2269 2140 conformes
2301 2086 2444 2140 dicat
2494 2086 2705 2141 futuros
2733 2088 3020 2156 Apostolus
3050 2104 3144 2144 eos
3177 2091 3272 2161 qui

89 2179 358 2249 prpositum
390 2180 569 2232 vocati
600 2188 726 2232 sunt
756 2180 950 2232 sancti.
976 2177 1108 2232 Nam
1134 2195 1272 2249 quos
1295 2181 1588 2248 praescivit,
1698 2169 1931 2242 diligunt
1963 2173 2154 2239 Deum,
2189 2185 2244 2230 et
2268 2179 2465 2245 quibus
2490 2178 2668 2231 omnia
2698 2189 3062 2248 coaperantur
3095 2181 3146 2234 in
3176 2182 3273 2235 bo-

87 2244 124 2321 et
149 2244 514 2336 praedestinavit
545 2269 857 2325 conformes
887 2272 1001 2326 ﬁeri
1035 2244 1432 2344 (51)vimaginis
1467 2273 1588 2328 Filii
1700 2279 1854 2330 ttum,
1895 2280 2003 2319 non
2037 2267 2199 2320 otiosi
2234 2244 2363 2320 mibi
2387 2267 2602 2322 videtur
2635 2282 2758 2322 esse
2785 2244 3138 2324 discriminis.
3165 2271 3270 2324 Ar-

87 2359 159 2418 sm',
187 2369 232 2409 ut
253 2358 317 2410 sit
345 2358 454 2424 ipse
483 2359 875 2425 primogenitae
899 2362 950 2415 in
985 2361 1171 2416 multis
1199 2361 1461 2417 fratribus
1482 2362 1584 2415 ⁸⁸.»
1698 2352 1873 2406 bitror
1904 2367 2035 2423 ergo
2067 2355 2366 2409 secundum
2405 2371 2469 2411 ea
2501 2371 2623 2424 qua:
2659 2358 2710 2410 in
2752 2356 2873 2410 aliis
2902 2358 3040 2412 idem
3071 2359 3272 2413 Paulus

84 2447 122 2498 Si
146 2447 364 2515 Spiritus,
399 2450 597 2518 inquit,
633 2451 940 2520 interpellat
972 2467 1072 2521 pro
1101 2453 1263 2508 nobis
1297 2455 1589 2525 gemitibus
1697 2445 1967 2514 designat.
2012 2447 2102 2502 ubi
2127 2447 2300 2502 dicit:
2340 2449 2557 2504 «Filioli
2594 2453 2700 2505 mei
2739 2465 2878 2520 quos
2907 2451 3100 2506 iterum
3145 2467 3270 2523 par-

83 2535 491 2603 inenarrabilibus,
524 2549 580 2594 et
629 2539 882 2596 universa
911 2554 1161 2596 creatura
1212 2544 1590 2614 congemiscit;
1697 2537 1861 2598 turio,
1880 2538 2055 2592 donec
2079 2538 2352 2592 formetur
2377 2540 2698 2596 Cbristnsin
2723 2541 2961 2608 vobis",
2993 2561 3014 2594 ι
3045 2541 3270 2598 formari

77 2638 114 2678 et
136 2627 351 2682 condolet
404 2644 577 2697 usque
622 2647 784 2696 nunc,
831 2647 952 2700 qua;
975 2631 1297 2686 liberabitur
1336 2647 1465 2688 tunc
1494 2635 1588 2688 de-
1695 2627 1750 2682 in
1785 2629 1868 2682 bis
1902 2630 1994 2698 qui
2047 2631 2114 2684 ad
2159 2629 2553 2699 perfectionem
2600 2632 2829 2687 tendunt
2867 2634 3146 2690 Christum
3189 2636 3272 2688 tli-

75 2732 184 2770 num
207 2732 232 2770 a
277 2719 531 2773 servitute
579 2722 967 2790 corruptionis.
1010 2738 1133 2776 cum
1193 2722 1414 2778 libertas
1469 2723 1587 2795 glo-
1692 2728 1781 2771 cat
1807 2718 1940 2789 (57),
1965 2723 2264 2774 secundum
2301 2722 2402 2776 hoc
2430 2725 2572 2792 quod
2603 2722 2838 2778 Verbum
2869 2734 2971 2790 est,
3001 2737 3059 2780 ttt
3103 2728 3155 2780 in
3189 2728 3270 2782 eis

77 2808 144 2860 ria
189 2810 403 2863 ﬁliorum
460 2810 557 2866 Dei
595 2811 896 2874 advenerit,
945 2814 1218 2881 quomodo
1263 2829 1368 2868 non
1430 2829 1584 2869 com-
1696 2809 1854 2865 Verbi
1890 2812 1982 2866 Dei
2023 2813 2313 2868 sinceritas
2359 2814 2426 2866 ad
2471 2831 2664 2884 purum
2713 2815 3068 2881 inl’ormetur;
3103 2826 3158 2871 et
3189 2832 3269 2872 se-

73 2909 263 2964 petenter
311 2902 746 2971 pronuntiabitur
795 2903 922 2974 quia
978 2903 1092 2974 (52)
1127 2923 1147 2956 ι
1184 2905 1388 2959 scimus
1439 2907 1584 2975 quod
1691 2903 1927 2957 cundum
1956 2904 2056 2959 hoc
2075 2905 2215 2973 quod
2233 2904 2436 2959 veritas
2453 2916 2558 2973 est,
2582 2917 2638 2961 ut
2661 2910 2864 2963 veritas
2888 2909 2939 2963 in
2961 2910 3044 2965 eis
3060 2911 3267 2982 absque

70 2989 357 3058 diligentibus
432 2993 599 3047 Deum
681 2996 860 3049 omnia
929 3006 1295 3064 cooperantur
1375 2998 1426 3050 in
1487 2998 1586 3052 bo-
1695 2997 1855 3051 ullius
1887 2998 1991 3051 luci
2031 2999 2354 3053 admistione
2383 2999 2686 3061 consistat;
2730 3011 2786 3056 et
2835 3003 3132 3056 secundum
3162 3003 3267 3058 hoc

70 3082 198 3133 num?
225 3103 239 3133 ι
273 3083 326 3136 In
353 3093 567 3138 tantum
592 3085 739 3138 enim
771 3085 954 3140 omnia
1001 3095 1366 3156 cooperantur
1395 3089 1446 3142 in
1481 3089 1582 3143 bn—
1691 3091 1833 3158 quod
1854 3090 2117 3158 sapientia
2151 3099 2253 3154 est,
2277 3101 2338 3144 ut
2374 3092 2637 3160 sapientia
2670 3093 2842 3147 Deiin
2873 3095 2951 3148 eis
2983 3094 3072 3148 illa
3102 3109 3265 3165 quam

69 3172 298 3242 num(55),
329 3184 381 3229 et
409 3175 748 3229 collaborant
793 3179 878 3232 bis
916 3179 1007 3246 qui
1035 3179 1268 3249 diligunt
1305 3179 1496 3244 Deum,
1525 3190 1584 3234 ut
1625 3250 1658 3256 _
1694 3181 1836 3234 inter
1865 3181 2138 3250 perfectos
2172 3181 2411 3250 loquitur
2456 3181 2743 3247 Paulus”,
2782 3200 2915 3254 pura
2967 3195 3022 3239 et
3057 3187 3266 3256 absque

65 3272 104 3311 et
127 3262 220 3330 ipse
247 3265 481 3334 Spiritus
509 3265 748 3335 adjuvet,
782 3284 881 3322 nec
913 3270 1239 3336 dedignetnr
1271 3270 1448 3323 divina
1482 3287 1584 3324 na-
1614 3250 1659 3311 ο
1693 3272 1801 3326 ullo
1815 3273 2020 3326 erroris
2036 3272 2358 3329 diverticulo
2375 3287 2752 3330 conservtttur.
2780 3250 2870 3330 Sic
2887 3287 2941 3330 et
2963 3250 3264 3332 secundum

67 3359 154 3404 tura
177 3355 269 3410 dux
299 3371 420 3412 esse
447 3357 662 3412 itineris
695 3358 761 3411 ad
796 3359 1018 3413 bonum.
1051 3359 1438 3414 Verumtamen
1468 3361 1583 3432 (54)
1690 3363 1870 3417 omnia
1901 3380 2022 3434 qua:
2048 3363 2298 3420 Christus
2326 3376 2430 3429 est,
2458 3366 2541 3420 vel
2573 3367 2807 3434 justitia,
2833 3370 2915 3422 vel
2952 3369 3263 3425 sanctiﬁca-

61 3446 91 3497 σᾶ
121 3459 222 3501 sunt
251 3451 412 3520 aliqui
438 3453 701 3507 habentes
732 3452 984 3518 spiritum
1025 3452 1311 3508 servitutis
1344 3454 1395 3508 in
1425 3454 1586 3509 timo-
1692 3455 1791 3518 tio,
1821 3455 1904 3509 vel
1931 3465 2144 3510 caetera»
2186 3471 2416 3525 quaeque
2451 3457 2686 3510 virtutes
2718 3457 2854 3527 (58),
2882 3458 2926 3512 si
2955 3460 3006 3512 in
3039 3459 3120 3513 eis
3150 3458 3264 3514 for-

63 3552 121 3600 te,
146 3541 222 3594 alii
260 3558 389 3598 vero
417 3555 546 3597 sunt
571 3546 883 3614 superiores
937 3543 1044 3609 bis,
1089 3546 1180 3614 qui
1212 3546 1464 3614 spiritum
1488 3549 1584 3600 ad-
1691 3555 1907 3600 mentur
1931 3546 1998 3599 ad
2041 3546 2330 3614 liquidum,
2366 3546 2454 3602 isti
2505 3547 2834 3602 videbuntur
2863 3550 2931 3602 ad
2968 3549 3114 3603 illam
3148 3550 3263 3604 for-

57 3633 552 3705 oplionisaecipiunt,
581 3619 646 3691 ex
665 3651 730 3690 eo
745 3638 886 3706 quod
906 3653 1010 3691 non
1038 3636 1150 3705 iam
1169 3639 1362 3694 timore
1387 3639 1577 3704 Deum,
1688 3650 1854 3697 mam,
1881 3650 1984 3703 qua
2015 3635 2066 3688 itt
2092 3634 2267 3690 forma
2297 3635 2387 3690 Dei
2416 3647 2519 3700 est,
2541 3638 2848 3692 conl'ormes
2873 3639 3124 3708 imaginis
3144 3654 3264 3695 esse

56 3725 125 3778 sed
156 3741 325 3782 amore
367 3739 719 3792 venerantur,
749 3738 806 3783 et
847 3733 996 3800 quod
1023 3749 1043 3780 ι
1069 3730 1310 3801 perfecta
1338 3750 1357 3784 ι
1396 3733 1447 3786 in
1499 3733 1581 3786 ei;
1683 3723 1887 3780 ell‘ecti.
1920 3724 1980 3779 Si
2006 3740 2135 3781 vero
2188 3728 2368 3781 adhuc
2417 3729 2468 3780 itt
2521 3728 2688 3781 initiis
2735 3731 2858 3796 quis
2910 3742 3263 3786 conversetur

57 3818 300 3874 teharitas
341 3819 488 3874 foras
517 3822 682 3876 mittit
727 3822 977 3876 timorem
1000 3822 1044 3854 "
1071 3841 1084 3876 :
1120 3841 1138 3874 ι
1175 3822 1464 3877 videndum
1493 3833 1580 3878 est
1685 3819 1745 3888 (ι
1778 3818 1990 3872 initium
2020 3837 2040 3870 ι
2073 3827 2253 3873 autem
2282 3836 2302 3869 ι
2327 3819 2610 3888 sapientia:
2633 3821 2797 3873 timor
2823 3821 2918 3875 Dei
2947 3821 3059 3893 (59)
3084 3843 3104 3874 ι
3131 3823 3262 3894 est),

53 3922 101 3959 ne
124 3908 242 3964 forte
271 3929 372 3966 non
403 3914 591 3967 omnia
639 3921 1006 3981 cooperentur
1036 3914 1089 3968 in
1120 3915 1322 3967 bonum
1352 3914 1438 3968 his
1485 3914 1578 3984 qtti
1682 3919 1738 3964 et
1774 3911 1826 3963 in
1857 3910 2052 3964 timore
2071 3910 2117 3941 '-"
2147 3911 2326 3965 adhuc
2382 3911 2590 3979 positus
2625 3913 2798 3978 prima
2827 3911 3004 3966 cultus
3037 3912 3130 3967 Dei
3159 3914 3261 3968 ele-

51 3993 188 4048 ailliuc
231 3998 280 4051 in
313 3999 510 4068 Spiritu
547 4010 872 4067 permanent
922 4001 1239 4067 servitutis;
1269 4003 1364 4056 sed
1395 4002 1576 4072 aliqua
1685 4011 1865 4056 tnenta
1917 4001 2202 4071 suscipiat,
2253 4002 2552 4056 secundum
2586 4000 2817 4057 formam
2873 4003 3040 4070 servi,
3092 4021 3257 4074 quam

49 4088 220 4152 quidem
245 4103 610 4160 cooperentur
630 4094 793 4147 etiam
827 4093 975 4161 ipsis,
1012 4110 1118 4148 non
1151 4105 1331 4149 tamen
1355 4097 1574 4160 omnia;
1679 4095 1921 4164 suscepit
1967 4096 2035 4148 ad
2073 4095 2180 4149 ltoc
2214 4106 2275 4149 ut
2308 4098 2468 4149 rudes
2503 4105 2560 4149 et
2601 4095 2824 4164 ignaros
2853 4095 2966 4167 (60)
3007 4100 3256 4152 timorem

49 4187 86 4230 et
109 4182 270 4236 nescio
301 4184 346 4237 si
379 4183 449 4236 ad
487 4185 661 4254 ipsum
689 4184 912 4249 bonmn,
939 4201 1034 4241 seu
1065 4186 1267 4255 potius,
1301 4194 1360 4238 ut
1395 4185 1466 4239 ita
1494 4185 1578 4239 di—
1681 4185 1776 4241 Dei
1811 4189 2056 4252 doceret,
2079 4185 2392 4241 conformes
2420 4185 2535 4240 ﬁeri
2565 4186 2899 4256 intelligendi
2932 4199 3061 4243 sunt
3084 4189 3137 4243 bi
3165 4189 3257 4258 qtti

50 4271 202 4337 terim,
226 4275 289 4327 ad
309 4275 510 4345 ianuas
541 4275 664 4330 boni
695 4277 1016 4347 perducant.
1048 4276 1142 4333 llis
1171 4292 1300 4332 vero
1331 4277 1424 4346 qui
1452 4277 1576 4333 dili-
1678 4278 1853 4346 prima
1897 4277 2053 4332 initia
2081 4278 2133 4331 in
2158 4277 2252 4330 Dei
2282 4277 2474 4332 timore
2507 4277 2836 4345 suscipiunt.
2868 4277 3257 4348 Quia,-inqttit,

49 4374 142 4428 gent
177 4365 357 4433 Deum,
383 4377 437 4421 et
482 4377 596 4422 toto
642 4369 692 4423 ei
724 4369 992 4425 inbmrent
1032 4371 1320 4426 cbaritatis
1353 4368 1572 4433 alfectu,
1682 4383 1860 4439 «quos
1900 4369 2194 4437 praescivit,
2224 4376 2280 4422 et
2329 4367 2732 4436 pra-destinavit
2782 4367 3092 4424 conl‘ormes
3138 4369 3257 4426 ﬁeri

49 4458 183 4510 munia
213 4457 346 4530 (55),
367 4469 427 4514 ut
456 4461 715 4525 diximus,
743 4462 1084 4516 collaborant
1105 4472 1161 4516 et
1182 4462 1574 4532 juvant,atque
1682 4461 1938 4530 imaginis
1974 4459 2095 4515 Filii
2117 4460 2222 4515 sui.
2246 4479 2264 4510 ι
2294 4459 2408 4515 Non
2442 4461 2758 4515 omittamus
2789 4475 2889 4516 nec
2918 4461 2984 4514 de
3013 4475 3080 4515 eo
3112 4462 3254 4528 quod

50 4545 208 4613 aliquid
237 4550 316 4604 sui
363 4550 530 4604 studii
561 4551 872 4615 conferunt,
925 4561 1198 4621 quatenus
1229 4567 1323 4606 eos
1351 4552 1403 4606 in
1453 4553 1569 4620 ipso
1603 4546 1648 4601 D
1677 4552 1850 4604 dixit:
1881 4568 1898 4601 ι
1923 4549 2282 4605 Praescivitet
2307 4547 2714 4620 praedestinavit
2739 4548 2876 4621 (61).
2907 4568 2926 4600 ι
2953 4549 3090 4604 Ρυιο
3112 4551 3255 4604 enim

89 4665 125 4696 "
152 4665 302 4739 Rom.
325 4667 471 4739 v,76.4
515 4669 586 4739 _“
615 4668 768 4723 Rom.
795 4685 906 4734 vnt,
939 4669 1032 4727 9.8.
1057 4669 1152 4724 29.
1223 4671 1266 4701 ⁸⁷
1298 4669 1313 4722 Ι
1342 4669 1496 4724 Joan.
1528 4685 1577 4726 tv

1803 4670 1848 4701 ⁸⁸
1874 4669 2082 4726 Culoss.
2116 4685 2158 4734 t,
2190 4668 2280 4734 13,
2307 4667 2396 4724 15.
2470 4668 2514 4700 ⁸⁸
2537 4666 2732 4739 Pbilip.
2769 4683 2830 4732 ιι,
2864 4668 2919 4732 6,
2950 4665 3004 4720 7.
3079 4666 3126 4698 το
3147 4667 3244 4721 Ga-

51 4744 107 4791 at.
133 4738 302 4806 ",19.
381 4738 427 4770 τί
456 4737 473 4792 I
501 4736 628 4793 Cor.
669 4756 728 4805 tt,
778 4740 834 4795 6.
911 4741 956 4771 ⁷¹
998 4740 1156 4794 Prov.
1194 4757 1268 4801 ιι,
1298 4742 1384 4794 10.

87 4873 182 4946 (50)
212 4875 288 4932 Ita
317 4886 470 4949 recte
497 4893 599 4932 ms.
625 4895 764 4933 unus
794 4880 989 4949 Regius
1012 4895 1160 4934 nmn.
1193 4876 1352 4934 1059.
1377 4878 1567 4932 Caueri
1750 4877 1866 4947 (57)
1896 4878 2059 4940 Editi,
2087 4876 2276 4949 equod
2303 4875 2522 4949 formari
2550 4878 2602 4929 in
2636 4876 2834 4949 bisqui
2866 4879 2932 4928 ad
2961 4875 3248 4944 perfectio-

49 4957 133 4998 'ero
171 4964 352 5014 mss.,¢
391 4947 594 5002 Tamen
628 4951 752 5017 quia
789 4947 895 5004 ille'
919 4965 1018 5018 pro
1046 4950 1248 5018 impiis,
1273 4967 1290 5000 ι
1323 4960 1428 5002 etc.
1465 4949 1570 5001 Ita-
1680 4963 1801 5001 nem
1840 4949 2069 5001 tendunt
2096 4948 2348 5005 Christus
2388 4947 2619 5002 dicatur.
2671 4963 2692 4997 ι
2727 4947 2834 5000 Sed
2881 4961 3070 5000 omnes
3117 4963 3252 5002 mss.

49 5029 188 5077 unus.
219 5037 237 5069 t
269 5021 394 5087 quia
417 5018 590 5088 etille
623 5035 718 5088 pro
750 5019 950 5086 impiis,
981 5039 1000 5071 ι
1034 5029 1166 5082 etc.,
1195 5019 1400 5073 omisso
1433 5037 1452 5069 ι
1484 5028 1566 5072 ta-
1678 5029 1732 5072 et
1768 5018 2026 5088 [tabanus
2060 5027 2116 5070 ut
2145 5021 2196 5070 in
2223 5029 2406 5088 textu.

49 5084 355 5160 nen.iEtliti,
391 5107 411 5140 ι
446 5084 650 5144 Tamen
681 5091 806 5160 quia
829 5084 956 5160 ‘(al.,
990 5106 1009 5140 t
1038 5089 1236 5159 quod»)
1266 5098 1320 5144 et
1353 5089 1442 5143 ille
1472 5103 1570 5158 pro
1755 5087 1868 5160 (58)
1900 5088 2064 5151 Editi,
2106 5105 2126 5138 ι
2153 5086 2236 5160 vel
2271 5098 2420 5160 certe
2463 5099 2694 5155 quaeque
2727 5085 2976 5140 virtutes.
3003 5103 3020 5136 ι
3050 5084 3247 5141 Deinde

49 5157 196 5222 mpiis,
229 5177 246 5210 ι
284 5172 394 5214 etc.
697 5157 711 5160 ’
847 5157 855 5160 ’
1056 5157 1071 5159 ⁷
1221 5157 1224 5158 ⁷
1476 5157 1482 5158 ⁷
1679 5157 1782 5212 ms.
1821 5157 1976 5218 unus.
2015 5173 2174 5226 cquae
2201 5159 2252 5210 in
2279 5158 2474 5217 forma.
2500 5175 2520 5208 ι
2559 5167 2668 5208 etc.

82 5226 305 5302 (5l)AHic
341 5239 400 5284 et
424 5229 564 5285 infra
591 5230 644 5284 in
673 5246 774 5286 ms.
803 5231 971 5302 Regio
1007 5244 1156 5284 num.
1192 5227 1330 5283 1659
1357 5227 1568 5282 omitti-
1748 5228 1860 5299 (59)
1900 5226 1991 5302 Sic
2033 5224 2222 5302 omnes
2277 5226 2641 5302 mss._nostri‘
2667 5233 2723 5279 et
2786 5224 3060 5302 [tabanus
3109 5225 3251 5302 Editl

50 5295 101 5348 ur
132 5318 149 5349 ι
175 5299 308 5354 ﬁeri.
331 5320 350 5352 ι
886 5295 912 5302 ⁷
1679 5295 1885 5361 νει-0,]
1910 5300 2071 5351 timor
2115 5297 2335 5351 dicitur.
2361 5315 2380 5348 ι
2412 5297 2524 5359 AL,
2559 5311 2578 5344 ι
2609 5296 2770 5349 timor
2821 5295 3059 5360 Domini,
3102 5307 3157 5350 et
3195 5298 3248 5350 itt

211 5369 370 5445 Quia.
401 5371 564 5425 Deest
580 5370 644 5445 _i_n
680 5369 859 5445 editis.
892 5369 1060 5445 Alias,
1094 5387 1112 5418 ι
1138 5367 1416 5445 quoniam.
1439 5385 1459 5419 ι
1511 5438 1524 5445 _
1680 5369 1940 5445 litant-tu:
1967 5380 2072 5445 etc.
2545 5443 2550 5445 Δ
2607 5433 2618 5445 ⁸

79 5433 180 5508 (53)
208 5433 274 5492 In
307 5440 525 5498 bonum.
576 5441 698 5494 llaec
731 5441 890 5494 verba
921 5442 1110 5502 desunt
1148 5433 1198 5492 in
1237 5438 1398 5492 editis
1431 5448 1486 5492 et
1511 5438 1567 5491 in
1749 5438 1880 5508 (60).
1904 5437 2064 5508 Editi,
2101 5453 2119 5486 ι
2149 5445 2206 5488 ιιι
2246 5433 2478 5508 rudibus
2504 5433 2833 5508 et_ignaris.
2863 5451 2884 5485 ι
2918 5433 3024 5489 Sed
3057 5448 3250 5508 omnes

53 5505 316 5578 uibusdam
353 5526 515 5574 mss..
541 5525 749 5565 necnon
771 5510 911 5578 apud
944 5509 1250 5564 Rabanum.
1674 5523 1803 5562 mss.
1832 5505 1885 5562 et
1913 5507 2172 5560 Rabanus
2199 5515 2256 5558 ut
2282 5506 2336 5558 in
2368 5516 2537 5559 textu.
2569 5505 2770 5558 Deinde
2793 5519 2896 5560 ms.
2924 5520 3087 5569 unus,
3116 5522 3136 5556 ι
3169 5507 3245 5560 itt-

76 5576 176 5643 (54)
221 5577 322 5638 his.
373 5595 518 5635 unus
569 5581 766 5650 Regius
789 5576 949 5634 liabet
973 5598 993 5632 ι
1025 5593 1210 5635 verum
1238 5595 1257 5630 ι
1304 5592 1404 5650 pro
1432 5594 1451 5628 ι
1476 5591 1570 5632 ve-
1674 5579 1848 5650 telligi
1880 5585 2126 5650 ppssunt,
2153 5593 2171 5625 ι
2202 5590 2309 5628 etc.

49 5659 318 5718 mntamen.
343 5668 364 5700 ι
649 5643 678 5650 ’
1304 5643 1323 5650 ⁷

1751 5643 1856 5718 (Gl)
1882 5643 1986 5700 ’Sic
2008 5661 2112 5718 ms.
2148 5643 2527 5718 unusﬂegius
2550 5660 2701 5718 num.
2735 5644 2898 5718 1659.
2925 5645 3122 5700 (ἔπιθιί
3155 5659 3239 5700 ve-

73 5717 176 5778 (55)
213 5718 432 5776 Omnia.
466 5718 629 5772 Deest
655 5718 707 5772 in
747 5718 929 5774 editis.
1673 5734 1734 5772 ro
1755 5715 1896 5770 mss.
1931 5725 1985 5768 et
2032 5715 2161 5768 editi
2206 5716 2506 5768 omittunt:
2540 5733 2559 5766 t
2586 5715 2703 5768 Non
2732 5717 3052 5772 omittamus
3077 5718 3143 5770 de
3183 5733 3245 5767 eu

73 5717 155 5778 (55
213 5718 432 5776 Omnia.
466 5718 629 5772 Deest
655 5718 707 5772 in
747 5718 929 5774 editis.
1673 5734 1734 5772 ro
1757 5717 1896 5770 mss.
1931 5725 1985 5768 et
2032 5717 2161 5768 editi
2206 5717 2506 5768 omittunt:
2540 5733 2559 5766 t
2586 5717 2703 5768 Non
2732 5717 3052 5772 omittamus
3077 5718 3143 5770 de
3183 5733 3238 5767 eu

73 5717 176 5855 (56)
201 5787 373 5850 Editi,
401 5807 420 5839 ι
444 5789 722 5856 dicuntur,
750 5809 768 5842 ι
789 5799 840 5844 et
867 5798 1074 5858 postea,
1100 5807 1118 5841 ι
1145 5789 1197 5844 in
1224 5788 1395 5846 forma
1420 5788 1563 5844 servi
1669 5788 1813 5855 quod
1840 5786 1996 5846 dixit,
2025 5783 2308 5858 Praescivit
2335 5793 2392 5839 et
2432 5785 2858 5857 praedestinavit,
2878 5803 2901 5838 ι
2938 5795 2995 5841 et
3045 5800 3238 5840 vocem

49 5872 113 5912 ssc
136 5860 536 5929 propositum.)
869 5855 882 5858 ⁷
1673 5876 1692 5910 ι
1723 5859 1868 5912 enim
1892 5873 1910 5907 ι
1946 5865 2067 5912 nost
2110 5873 2128 5906 ι
2156 5855 2310 5910 Puto.
2337 5873 2357 5908 ι
