3766 6568
480 411 623 469 “25

1957 396 2284 452 UﬂlGENlS

3595 389 3706 444 H25

475 525 620 596 quod
667 523 810 579 sicut
843 535 950 575 non
980 520 1048 575 de
1080 517 1336 574 omnibus
1368 517 1505 572 dixit
1541 516 1638 589 qui
1673 515 2046 588 pmdestinati
2076 521 2126 577 Α
2151 513 2247 583 qui
2285 525 2346 568 se
2373 509 2441 567 ad
2473 524 2594 566 eam
2628 509 2863 566 formam
2897 507 3071 579 quam
3113 518 3278 576 supra
3313 502 3604 576 posuimus
3635 521 3709 560 ex-
3736 475 3737 542 Ῐ

476 627 625 682 sunt,
655 617 729 671 ita
759 627 864 669 nec
892 613 959 669 de
984 611 1236 667 omnibus
1273 624 1414 680 quos
1458 610 1720 680 praesciit.
1756 606 1874 663 Non
1906 607 2052 664 enim

476 709 772 767 secundum
801 702 1142 762 communem
1167 702 1307 772 vulgi
1327 702 1636 772 opinionem
1655 701 1951 772 putandum
1969 707 2056 754 est

474 803 617 858 bona
641 799 886 868 malaque
903 794 1158 866 prtescire
1175 793 1366 858 Deum,
1383 794 1478 849 sed
1495 793 1793 849 secundum
1807 790 2056 859 Scriptu-

477 901 766 952 rtesanctae
783 887 1228 946 consuetudinem
1248 886 1587 942 sentiendum
1604 895 1688 940 est
1707 884 1840 957 (62).
1854 883 2055 940 Obser-

475 995 568 1040 vet
581 985 723 1040 enim
743 984 832 1054 qui
850 983 1120 1038 studiosus
1140 992 1224 1037 est
1243 983 1295 1034 in
1317 978 1633 1049 Scripturis,
1659 977 1830 1033 sicubi
1848 977 2056 1031 invenit

480 1075 812 1146 Scripturam
833 1075 1032 1141 dicere,
1049 1074 1176 1145 quia
1204 1072 1376 1128 malos
1396 1070 1699 1142 prtescierit
1728 1069 1891 1132 Deus,
1911 1068 2055 1124 sicut

478 1169 534 1224 in
554 1167 807 1241 praesenti
826 1167 944 1222 loco
963 1167 1028 1221 de
1048 1167 1206 1221 bonis
1228 1165 1514 1220 manifeste
1539 1163 1693 1230 dicit,
1719 1163 1840 1232 quia
1870 1180 1890 1214 «
1918 1176 2054 1231 quos

476 1260 771 1332 praescivit,
802 1268 857 1316 et
887 1258 1290 1330 prtedeslinavit
1315 1257 1625 1314 conformes
1640 1255 1755 1310 fieri
1778 1253 1890 1325 (65)
1919 1254 2046 1308 ima-

476 1354 616 1425 ginis
665 1352 784 1406 Filii
831 1352 981 1406 sui.»
1025 1349 1084 1405 Si
1139 1351 1283 1406 enim
1332 1365 1470 1420 quos
1512 1348 1808 1418 praescivit.
1864 1350 1964 1403 hos
1997 1356 2053 1401 et

476 1442 888 1514 praedestinavit
939 1425 1247 1498 conformes
1303 1457 1426 1496 esse
1475 1440 1730 1512 imaginis
1773 1440 1891 1494 Filii
1943 1440 2049 1507 sui,

477 1536 657 1592 nullus
681 1544 862 1589 autem
895 1535 1072 1590 malus
1118 1534 1418 1590 conformis
1447 1541 1628 1604 potest
1655 1532 1906 1603 imaginis
1926 1545 2053 1588 esse

475 1629 596 1684 Filii
633 1627 751 1691 Dei,
783 1625 1133 1682 manifestqu
1164 1633 1250 1682 est
1283 1625 1409 1695 quia
1439 1626 1506 1681 de
1537 1624 1696 1680 bonis
1725 1633 1932 1678 tantum
1968 1624 2050 1679 di-

476 1724 596 1777 cit:
629 1720 924 1775 «Przesciit
980 1734 1118 1788 quos
1169 1730 1225 1774 et
1273 1719 1687 1790 praedestinavit
1739 1717 2052 1773 conformes

2154 604 2407 671 coluerit,
2439 601 2619 673 imago
2644 603 2719 657 sit
2752 601 2869 668 Dei,
2898 601 3002 656 hoc
3027 607 3112 655 est
3139 615 3161 676 t
3175 613 3321 670 uago
3346 598 3474 653 Filii
3510 596 3625 662 Dei,
3646 610 3709 652 ta.

2157 710 2278 751 men
2309 693 2559 765 specialis
2587 709 2649 748 ac
2674 693 2898 764 propria
2922 693 3102 763 imago
3128 689 3247 759 ejus
3275 707 3392 762 quae
3407 705 3542 746 eum
3565 700 3710 746 toto:

2154 795 2320 855 atque
2341 800 2406 839 ex
2433 784 2648 855 integro
2673 784 2935 852 suscepit,
2970 792 3022 838 et
3051 785 3106 838 in
3136 784 3423 852 semetipsa
3460 783 3710 848 formavit,

2155 879 2274 950 ipsa
2311 879 2439 935 Jesu
2488 879 2670 932 anima
2716 877 2947 934 dicenda
2997 887 3104 944 est,
3149 893 3270 948 qua:
3303 894 3362 933 se
3403 892 3512 947 per
3558 878 3712 931 omnia

2160 973 2334 1028 Verbo
2369 987 2432 1028 ac
2475 972 2771 1043 Sapientia
2816 971 2910 1026 Dei
2943 973 3016 1026 ita
3062 971 3363 1040 coaptavit,
3395 978 3466 1024 ut
3499 970 3556 1022 in
3591 971 3713 1024 nullo

2154 1079 2384 1135 prorsus
2410 1065 2478 1120 ab
2516 1062 2632 1132 eius
2665 1062 3025 1140 similitudine
3055 1063 3279 1119 decolor
3307 1063 3633 1126 haberetur,
3657 1063 3710 1115 iu

2156 1163 2217 1210 ut
2241 1156 2550 1225 quicunque
2577 1169 2846 1210 summam
2878 1154 3234 1224 perfectionis
3271 1169 3339 1208 ac
3378 1153 3713 1208 beatitudinis

2153 1257 2519 1311 consectatur,
2558 1247 2625 1303 ad
2669 1247 2816 1302 illius
2861 1261 2922 1302 se
2966 1247 3261 1316 imaginem
3291 1263 3356 1302 ac
3389 1245 3712 1319 605mm-

2159 1343 2445 1398 litudinem
2471 1342 2585 1413 (68)
2603 1346 2809 1408 tendat,
2829 1357 2948 1412 quae
2960 1343 3138 1412 primo
3153 1341 3270 1397 loco
3287 1355 3344 1398 et
3359 1358 3533 1414 super
3548 1358 3714 1396 omnes

2152 1447 2384 1491 caeteros
2412 1434 2534 1489 Filii
2566 1434 2660 1488 Dei
2694 1435 2871 1502 imago
2900 1445 2983 1490 est
3010 1436 3124 1493 :ita
3150 1455 3168 1486 «
3195 1445 3252 1490 ut
3281 1433 3357 1490 sit
3385 1435 3507 1501 ipse
3534 1439 3715 1502 primo-

2153 1527 2369 1595 genitus
2389 1526 2440 1581 in
2462 1526 2647 1580 multis
2664 1525 2984 1592 fratribus,»
3015 1527 3069 1581 in
3103 1528 3189 1582 his
3227 1529 3488 1584 videlicet
3511 1544 3716 1598 quorum

2154 1621 2208 1675 in
2241 1617 2680 1675 conformatione
2709 1618 2960 1689 imaginis
2992 1618 3112 1673 Filii
3132 1619 3545 1686 Deiprimatum
3573 1631 3712 1675 tenet.

2224 1710 2279 1766 8.
2326 1729 2346 1764 «
2372 1709 2521 1778 Quos
2548 1717 2728 1764 autem
2768 1711 3203 1778 pradestinavit,
3228 1710 3352 1766 illos
3383 1723 3442 1767 et
3471 1715 3676 1766 vocavit
3701 1729 3712 1762 :

476 1814 594 1870 fieri
643 1813 894 1883 imaginis
943 1812 1068 1867 Filii
1119 1811 1241 1878 sui;
1273 1830 1292 1862 ›
1333 1821 1566 1867 caeteros
1595 1825 1726 1866 vero
1751 1826 1856 1865 non
1893 1810 2051 1865 modo
2083 1871 2122 1883 ﬁ
2152 1813 2356 1870 etqnos
2371 1805 2606 1869 vocavit,
2626 1803 2746 1860 illos
2768 1803 3194 1873 etjusti'licavil;
3219 1821 3362 1874 quos
3380 1814 3568 1860 autem
3580 1806 3715 1875 justi-

473 1871 885 1975 praescireised
931 1904 1145 1959 nescire
1177 1871 1397 1973 quidem
1459 1903 1661 1957 dicitur
1701 1902 1859 1957 Deus.
1893 1921 1912 1953 «
1939 1900 2049 1956 No-
2083 1871 2124 1926 Β
2156 1897 2360 1963 licavit,
2395 1897 2514 1952 illos
2537 1907 2593 1951 et
2633 1871 3025 1965 glorificavit"
3049 1871 3186 1966 (69).
3216 1871 3252 1949 »ν
3277 1897 3461 1968 Supra
3496 1871 3713 1954 dixit”:

473 1998 552 2052 vit
573 2016 592 2050 ι
627 1997 771 2053 enim
803 2015 823 2048 «
848 1997 990 2052 Deus
1022 2011 1119 2052 eos
1151 1996 1240 2066 qui
1277 2005 1403 2051 sunt
1430 1996 1545 2065 ejus
1567 1996 1648 2061 7’;
1675 2013 1694 2047 ι
1727 1995 1793 2049 ad
1825 2009 1922 2049 eos
1948 2009 2049 2048 au-

475 2101 582 2144 tem
615 2089 706 2160 Qui
735 2104 838 2143 non
864 2098 991 2143 sunt
1016 2088 1162 2158 digni
1189 2097 1248 2141 ut
1295 2089 1548 2143 sciantur
1577 2102 1605 2141 a
1637 2087 1767 2153 Deo,
1798 2086 2052 2142 Salvator

473 2183 645 2238 dicit:
679 2181 995 2237 «Discedite
1050 2195 1080 2234 a
1137 2195 1242 2242 me,
1298 2179 1425 2250 quia
1487 2193 1758 2248 nunquam
1817 2177 2050 2247 cognovi

473 2288 570 2328 vos
605 2270 740 2342 (64),
767 2271 1002 2341 Operarii
1041 2270 1430 2337 iniquitatis".
1457 2289 1477 2322 ι
1513 2270 1604 2324 Sic
1622 2283 1753 2337 ergo
1804 2267 2049 2322 etiamin

477 2365 579 2419 hoc
600 2362 855 2433 praesenti
886 2361 1010 2416 loco
1037 2379 1056 2412 «
1087 2376 1222 2430 quos
1243 2362 1513 2429 prtescivit
1540 2382 1556 2413 ι
1587 2363 1747 2423 Deus,
1777 2362 1920 2429 ipsos
1949 2377 1966 2420 ι
1997 2368 2052 2414 ει

476 2454 881 2525 prmdestinavit
929 2451 1242 2508 conformes
1279 2453 1395 2507 fieri
1437 2451 1691 2522 imaginis
1737 2451 1858 2505 Filii
1897 2452 2000 2505 sui.
2025 2469 2044 2502 ι

475 2546 672 2602 Caneri
733 2555 912 2601 autem
969 2544 1213 2614 praesciri
1276 2560 1384 2598 non
1431 2544 1859 2598 dicuntur:non
1909 2543 2050 2611 quod

475 2639 679 2710 aliquid
709 2639 880 2695 latere
908 2637 1079 2709 possit
1105 2636 1253 2691 illam
1289 2645 1542 2691 naturam
1566 2652 1689 2706 qua:
1713 2636 1915 2705 ubique
1943 2646 2047 2702 εει,

474 2739 531 2786 ει
560 2747 826 2802 nusquam
851 2733 1036 2800 deest;
1067 2731 1162 2786 sed
1191 2730 1318 2800 quia
1357 2744 1517 2785 omne
1544 2731 1686 2798 quod
1713 2731 1910 2782 malum
1943 2739 2048 2794 est,

475 2825 705 2878 scientia
754 2825 872 2894 ejus
924 2823 1009 2878 vel
1051 2822 1394 2894 prazscientia
1454 2821 1687 2875 habetur
1746 2820 2046 2890 indignum.

480 2927 502 2960 «
529 2910 675 2978 Quos
695 2924 720 2962 ἰ
755 2925 884 2983 ergo
915 2931 934 2964 (
957 2912 1216 2980 priesciit.
1243 2920 1299 2965 et
1346 2910 1769 2980 praedestinavit.
1797 2929 1815 2962 ι
1855 2909 1961 2964 Sed
1995 2921 2051 2965 ει

478 3005 580 3058 hoc
623 3004 858 3068 intuere,
889 3004 932 3058 si
961 3005 1216 3074 praescire
1243 3011 1298 3058 et
1319 3003 1710 3072 praedestinare
1732 3000 1836 3056 dici
1871 3012 2050 3070 potest

475 3094 618 3148 Deus
653 3095 716 3149 de
750 3094 839 3149 his
880 3096 970 3164 qui
1019 3094 1259 3148 nondum
1288 3103 1452 3160 sunt;
1495 3108 1564 3148 an
1595 3092 1662 3147 de
1690 3092 1775 3148 his
1810 3093 1926 3164 (65)
1951 3093 2045 3163 qui

2159 2010 2178 2043 «
2191 1990 2334 2055 Quos
2356 1990 2650 2059 praescivit,
2666 1989 2765 2045 hos
2782 1998 2834 2044 et
2849 1989 3278 2057 praedestinavit,
3292 2008 3311 2040 ι
3324 2001 3380 2043 ει
3395 2005 3546 2044 nunc
3559 1991 3710 2044 addit:

2159 2101 2177 2134 «
2208 2083 2354 2147 Quos
2371 2093 2550 2136 autem
2578 2079 3008 2150 pradestinavit,
3036 2080 3159 2135 illos
3179 2090 3236 2135 et
3255 2087 3476 2138 vocavit
3499 2092 3584 2137 :et
3601 2097 3714 2151 quos

2152 2175 2386 2237 vocavit,
2413 2171 2538 2226 illos
2571 2171 2982 2241 etjuslillcavit.
3008 2190 3028 2223 ι
3061 2171 3128 2225 Ει
3164 2173 3211 2226 si
3268 2191 3286 2224 «
3317 2173 3631 2243 przscivit»
3671 2187 3713 2229 et

2158 2282 2178 2316 «
2203 2265 2609 2333 praedestinavit
2632 2283 2650 2314 ι
2686 2262 2962 2318 communi
2993 2264 3256 2332 opinione
3286 2263 3620 2331 sentiamus,
3647 2268 3711 2320 vi-

2153 2357 2370 2411 debitur
2399 2358 2589 2426 utique
2626 2355 2717 2424 qui
2745 2357 3075 2425 justificatns
3113 2370 3222 2420 est.
3253 2369 3550 2429 propterea
3569 2360 3711 2430 justi-

2154 2449 2346 2504 licatus
2383 2464 2505 2504 esse
2538 2449 2665 2518 quia
2690 2459 2914 2504 vocatus
2957 2458 3078 2514 est;
3108 2459 3166 2504 et
3212 2452 3305 2521 qui
3358 2463 3592 2509 vocatus
3630 2465 3711 2512 est.

2151 2551 2439 2612 propterea
2479 2541 2813 2612 justiﬁcalus
2841 2556 2964 2598 esse
3007 2544 3123 2613 (70)
3149 2545 3275 2615 quia
3318 2547 3714 2615 praedestinatns

2151 2640 2268 2698 est;
2299 2639 2353 2685 et
2391 2634 2482 2700 qui
2523 2631 2939 2700 przedestinatus
2970 2645 3076 2698 est,
3119 2646 3424 2705 propterea
3462 2639 3714 2707 pra-desti-

2152 2733 2310 2779 uatus
2337 2739 2460 2778 esse
2495 2725 2622 2794 quia
2659 2713 3026 2794 prtecognitus
3060 2736 3166 2780 est.
3209 2727 3276 2782 Et
3326 2743 3556 2783 rursum
3577 2744 3714 2783 econ-

2154 2815 2320 2867 trario
2349 2813 2620 2880 intelliges
2647 2811 2758 2885 (7i)
2797 2829 2810 2865 :
2841 2814 2886 2868 si
2909 2814 3030 2883 quis
3060 2825 3242 2870 autem
3263 2816 3605 2887 justificatus
3630 2833 3712 2871 non

2151 2915 2256 2970 est,
2299 2905 2418 2961 ideo
2458 2921 2560 2960 non
2595 2917 2676 2962 εει
2699 2906 3035 2974 justilicatus
3071 2907 3200 2976 quia
3232 2924 3339 2964 non
3379 2918 3470 2965 est
3496 2920 3711 2972 vocatus;

2149 3008 2205 3052 et
2241 2999 2334 3068 qui
2368 3011 2590 3060 vocatus
2639 3017 2743 3055 non
2771 3011 2878 3067 est,
2914 3003 3036 3058 ideo
3067 3011 3295 3059 vocatus
3334 3017 3452 3056 non
3493 3011 3577 3056 est
3609 3003 3711 3070 quia

2151 3105 2256 3145 non
2288 3103 2371 3146 εει
2396 3093 2848 3161 ρτωᾱεειὶιιειιιε;
2873 3104 2927 3148 ει
2950 3095 3042 3163 (ιυί
3067 3092 3498 3163 ρι’τεάεειίιιειυε
3515 3106 3615 3146 non
3631 3103 3713 3155 est,

474 3196 602 3242 aunt
633 3187 871 3256 quidem,
908 3186 1148 3240 nondum
1183 3195 1364 3241 tamen
1409 3183 1724 3240 conformes
1756 3195 1883 3240 sunt
1913 3187 2048 3240 ima-
2075 3223 2116 3280 ο
2153 3180 2280 3235 ideo
2312 3197 2419 3236 non
2461 3197 2542 3237 est
2567 3185 2986 3250 praedestinatum
3021 3187 3148 3255 quia
3180 3200 3284 3239 non
3312 3194 3409 3240 est
3437 3187 3710 3254 pracoguio

473 3279 614 3349 ginis
641 3278 758 3332 Filii
787 3279 908 3332 sui:
935 3287 991 3331 et
1023 3278 1066 3332 si
1100 3279 1505 3348 prtescientiam
1538 3277 1592 3330 in
1634 3276 1738 3331 hoc
1770 3291 1893 3332 esse
1929 3293 2046 3331 ma-

473 3369 560 3437 gis
592 3367 864 3433 convenit,
899 3382 1062 3436 quam
1103 3367 1155 3420 in
1187 3380 1252 3420 eo
1275 3367 1419 3436 quod
1448 3365 1692 3420 futurum
1731 3366 1802 3420 sit
1827 3366 1880 3422 id
1905 3371 2048 3437 quod

474 3461 713 3514 nondum
747 3470 850 3514 est.
879 3457 937 3511 ln
978 3457 1080 3512 hoc
1107 3457 1252 3511 enim
1291 3458 1539 3512 voluntas
1577 3459 1750 3527 magis
1776 3469 1860 3514 est
1889 3474 2047 3528 quam

477 3551 817 3619 praiscientia
869 3550 1190 3606 conditoris.
1230 3549 1362 3603 Nam
1430 3550 1772 3617 prmscieulia
1827 3551 1883 3604 in
1941 3567 2048 3621 quo

474 3640 771 3710 videbitur,
812 3658 935 3698 cum
979 3643 1031 3698 id
1072 3644 1213 3714 quod
1262 3642 1507 3695 futurum
1547 3647 1651 3704 est,
1701 3643 1935 3709 pendeat
1986 3643 2040 3697 in

477 3734 712 3790 factoris
765 3736 1036 3790 arbitrio?
1076 3734 1360 3790 Videbitur
1404 3732 1656 3788 fortassis
1702 3733 1770 3787 ab
1825 3735 2050 3791 attentis

475 3825 777 3882 lectoribus
809 3827 976 3882 etiam
1013 3829 1114 3883 hoc
1157 3827 1384 3898 requiri,
1411 3843 1512 3882 cur
1537 3844 1642 3884 non
1664 3829 1884 3895 dixerit,
1920 3843 2050 3883 con-

475 3916 678 3970 formes
721 3916 845 3971 Filii
891 3917 1008 3985 sui;
1050 3919 1170 3982 sed,
1218 3916 1571 3973 «conformes
1619 3917 1875 3987 imaginis
1923 3916 2050 3972 Filii

474 4007 581 4061 sui.
608 4026 627 4060 ι
668 4007 818 4063 Dicet
851 4009 997 4063 enim
1025 4009 1117 4078 qui
1155 4011 1268 4063 hzec
1314 4009 1538 4073 excitat,
1580 4009 1705 4078 quia
1751 4011 1896 4064 sicut
1934 4009 2051 4080 ipse

473 4097 649 4153 Filius
679 4101 771 4168 qui
817 4117 836 4151 «
865 4101 1044 4170 imago
1079 4099 1173 4154 Dei
1204 4099 1494 4154 invisibilis
1521 4118 1539 4152 ι
1566 4100 1850 4166 dicitur",
1873 4116 2046 4170 quan-

477 4198 589 4244 tum
643 4191 709 4244 ad
761 4206 1048 4261 personam
1098 4197 1310 4261 spectat
1353 4188 1499 4259 (66):,
1547 4188 1688 4246 alius
1735 4201 1824 4246 est
1852 4193 1920 4248 ab
1955 4193 2046 4249 illo

477 4279 631 4348 cujus
654 4283 830 4352 iinago
857 4293 942 4338 est
973 4301 988 4337 :
1025 4283 1096 4336 ita
1124 4293 1180 4337 et
1208 4283 1298 4337 hic
1332 4297 1453 4352 quae
1483 4281 1685 4337 dicitur
1723 4284 1900 4356 imago
1923 4285 2046 4341 Filii

476 4370 617 4439 ejus,
649 4371 752 4425 alia
803 4373 962 4428 debet
1004 4387 1124 4427 esse
1155 4375 1222 4429 ab
1253 4373 1347 4429 illo
1387 4374 1497 4448 (67)
1529 4377 1684 4447 cujus
1732 4377 1912 4448 imago
1942 4390 2045 4432 est.

481 4460 546 4514 Et
572 4463 818 4531 quamvis
841 4465 1006 4518 ardua
1041 4466 1160 4520 haec
1187 4466 1477 4522 videantur
1496 4478 1550 4523 et
1570 4468 1826 4534 diliicilia,
1865 4481 2045 4524 tamen

2150 3281 2258 3328 tus.
2293 3273 2359 3327 Et
2389 3274 2511 3328 vide
2549 3275 2660 3346 (72)
2714 3277 2768 3331 in
2818 3293 2982 3346 quam
3043 3279 3338 3333 absurdam
3413 3276 3711 3332 sententiam

2151 3367 2408 3422 decidant
2453 3368 2507 3422 hi
2552 3369 2644 3437 qui
2693 3370 3092 3438 praescientiam
3145 3370 3242 3424 Dei
3287 3371 3340 3426 in
3389 3371 3502 3425 hoc
3534 3381 3708 3423 tantum

2149 3459 2451 3528 accipiunt,
2490 3461 2644 3530 quasi
2669 3460 2760 3530 qui
2779 3475 2844 3516 ea
2871 3477 2992 3531 qua:
3009 3463 3352 3531 postmodum
3386 3461 3574 3516 futura
3592 3469 3710 3524 sunt,

2150 3561 2278 3605 ante
2313 3561 2636 3621 praenoscat.
2667 3552 2948 3608 Invenitur
2967 3554 3113 3609 enim
3135 3553 3445 3608 secundum
3479 3553 3579 3607 hoc
3593 3551 3708 3622 quod

2151 3659 2313 3712 supra
2355 3645 2706 3715 exposuimus
2738 3645 2876 3715 (75),
2924 3662 3032 3701 non
3077 3631 3364 3716 praescisse
3419 3644 3565 3700 Deus
3601 3659 3709 3713 quos

2151 3749 2260 3788 non
2315 3735 2746 3805 praedestinavit.
2805 3735 2873 3790 Et
2933 3749 3152 3789 rursum
3183 3735 3226 3788 si
3269 3735 3337 3788 ad
3390 3748 3704 3789 communem

2151 3826 2429 3882 referatur
2460 3826 2877 3897 intelligentiam
2906 3826 3008 3881 hoc
3033 3827 3176 3896 quod
3199 3825 3355 3890 dicit,
3383 3827 3518 3894 quia
3553 3843 3573 3876 «
3598 3838 3707 3893 quos

2150 3920 2388 3985 vocavit,
2420 3919 2545 3975 illos
2565 3919 3048 3987 etjustificavit",
3080 3937 3101 3971 ι
3138 3918 3415 3988 ingentem
3441 3919 3703 3974 fenestram

2151 4011 2545 4080 patefaciemus
2592 4013 2678 4066 bis
2720 4012 2811 4082 qui
2844 4021 3044 4081 negant
3069 4027 3192 4066 esse
3220 4012 3273 4066 in
3309 4012 3556 4066 hominis
3575 4019 3702 4079 pote-

2152 4111 2296 4159 state
2349 4111 2409 4157 ut
2458 4102 2642 4158 salvus
2689 4101 2802 4156 fiat.
2840 4101 3010 4156 Aiunt
3049 4101 3197 4156 enim
3246 4100 3356 4154 :Si
3413 4099 3560 4154 Deus
3595 4109 3706 4166 quos

2153 4194 2449 4264 prtescivit,
2484 4193 2603 4249 illos
2633 4204 2689 4249 et
2733 4191 3170 4264 praedestinavit;
3201 4200 3257 4246 ct
3281 4205 3424 4260 quos
3455 4188 3707 4260 praedesti-

2155 4287 2329 4352 navit,
2362 4285 2488 4339 illos
2510 4293 2564 4338 et
2602 4285 2845 4348 vocavit;
2875 4292 2930 4338 et
2955 4296 3093 4352 quos
3127 4281 3366 4345 vocavit,
3410 4281 3532 4335 illos
3561 4278 3704 4347 etjn-

2153 4379 2444 4444 stillcavit;
2487 4377 2622 4432 nihil
2654 4376 2823 4445 culpa
2851 4375 3053 4430 habent
3076 4374 3132 4430 hi
3159 4373 3252 4444 qui
3286 4390 3395 4428 non
3424 4372 3703 4442 iustificati-

2154 4478 2262 4532 tur,
2309 4469 2436 4540 quia
2497 4486 2598 4524 nec
2641 4469 2820 4523 vocati
2863 4475 3011 4533 sunt,
3060 4483 3163 4524 nec
3198 4465 3596 4538 praedestinati,
3626 4474 3704 4515 nec

477 4555 597 4611 vide
628 4556 671 4609 si
697 4570 979 4625 possumus
998 4557 1124 4615 illud
1153 4559 1357 4628 dicere,
1390 4561 1537 4630 quia,
1579 4561 1829 4631 quamvis
1865 4562 2044 4617 omnis
2078 4556 2121 4611 1)
2150 4559 2487 4632 ρτωεοειιὶιί.
2515 4558 2650 4614 Tum
2679 4559 2844 4614 etiam
2881 4557 3012 4612 illud
3053 4568 3240 4627 aperte
3280 4556 3446 4612 nobis
3477 4556 3702 4610 adversa-

542 4669 587 4701 "
608 4668 652 4723 ll
688 4669 829 4724 Tim.
859 4686 920 4735 ιι,
953 4671 1043 4728 19.
1117 4673 1164 4705 ⁷⁵
1190 4673 1380 4729 Matth.
1408 4691 1507 4742 vn,
1531 4676 1622 4731 23.
1706 4676 1753 4708 "
1775 4677 1986 4732 Coloss.
2020 4677 2174 4743 1,15.
2250 4677 2299 4710 ’⁸
2330 4676 2486 4731 Rom.
2512 4691 2632 4740 vttt,
2654 4674 2745 4730 50.
2819 4675 2866 4715 ⁷⁷
2894 4674 3024 4728 ibid.
3058 4672 3148 4728 29.
3221 4672 3268 4704 ⁷⁸
3289 4670 3427 4726 ibid.
3457 4669 3546 4727 30.

547 4785 661 4846 (62)
690 4783 856 4850 Etliti,
901 4802 921 4838 «
947 4785 1226 4840 sciendum
1266 4799 1369 4843 est.
1404 4809 1422 4842 ι

547 4853 849 4928 (65)_Fieri.
902 4855 1070 4928 Deest
1111 4858 1164 4911 in
1215 4874 1348 4912 mss.
1391 4859 1670 4915 codicibus
1727 4861 1954 4928 nostris,
1991 4871 2046 4915 et

477 4925 617 4993 apud
651 4925 956 4993 Rabannm,
979 4927 1072 4980 sed
1109 4937 1288 4982 exstat
1320 4930 1372 4982 in
1404 4930 1585 4983 editis.

551 4994 665 5064 (64)
700 4992 790 5048 Sic
818 5011 950 5050 mss.
978 5004 1032 5049 et
1062 4995 1342 5052 Rabanus.
1372 4999 1511 5052 Editi
1548 5013 1694 5063 vero,
1731 5017 1749 5051 «
1777 5000 2048 5055 Discedite

479 5080 626 5144 acute
655 5079 768 5125 vos.
788 5067 1021 5144 operarii
1050 5067 1367 5134 iniquitatis,
1392 5069 1518 5138 quia
1543 5085 1648 5123 non
1667 5070 1898 5140 cognovi
1929 5085 2048 5125 vos.

480 5133 570 5187 Sic
604 5150 734 5204 ergo
756 5133 890 5188 et‘iu
924 5137 1044 5200 hoc,
1071 5155 1090 5188 ι
1130 5133 1234 5192 etc.

552 5204 664 5274 (65)
700 5204 867 5265 Editi.
910 5207 1001 5259 alii
1039 5223 1052 5258 :
1087 5225 1106 5258 «
1134 5206 1285 5261 Unde
1317 5206 1428 5270 his,
1454 5226 1472 5259 ι
1517 5207 1676 5272 alius,
1717 5209 1838 5264 «vel
1893 5210 2000 5264 his.
2026 5229 2044 5262 ι

483 5273 548 5349 _Et
581 5273 786 5342 postea,
819 5277 1117 5348 «imaginis
1155 5277 1275 5332 Filii
1320 5279 1458 5345 ejus,
1487 5288 1542 5332 et
1565 5278 1966 5349 pra-scientiam
1993 5282 2048 5335 iu

480 5341 591 5397 hoc
606 5359 744 5404 esse,
767 5363 788 5395 ν
813 5354 919 5399 etc.

552 5411 663 5491 (.66)
694 5411 785 5468 Sic
819 5425 963 5470 recte
992 5431 1094 5471 ms.
1119 5432 1259 5473 unus
1301 5416 1502 5490 Regius
1550 5434 1698 5474 num.
1732 5420 1890 5475 1659.
1923 5419 2046 5491 Cae-

482 5489 586 5559 teri
621 5497 753 5559 vero
784 5499 952 5559 ms_s.,_
971 5502 990 5536 «
1013 5501 1276 5559 quantum
1306 5493 1372 5550 ad
1397 5489 1698 5559 personam
1745 5489 2033 5559 specialius

483 5551 656 5620 (editi,
689 5568 710 5602 «
735 5554 1007 5622 specialis)
1034 5551 1120 5610 est
1153 5557 1221 5610 ab
1252 5559 1363 5622 illo,
1392 5551 1550 5616 i'ctc.

553 5622 905 5747 (GZJiﬁsb.illo.
939 5623 1064 5680 llzec
1090 5628 1197 5682 duo
1225 5631 1390 5685 verba
1442 5633 1634 5686 desunt
1663 5631 1714 5686 in
1753 5629 1907 5687 libris
1949 5645 2045 5683 an-

483 5705 564 5746 .ea
594 5705 780 5747 CUIUS.

519 5761 664 5845 .(68)
697 5762 823 5819 Mss.
844 5765 1023 5846 nostri
1046 5775 1100 5846 et
1130 5766 1469 5846 Salodianus,
1515 5789 1533 5822 «
1561 5771 1625 5846 ad
1662 5770 1803 5846 illius
1825 5787 1884 5826 se
1910 5773 2045 5826 inta-

480 5837 660 5904 ginem
694 5849 759 5894 ac
811 5837 1218 5896 similitudinem
1272 5841 1516 5897 tendat.»
1571 5840 1678 5897 Sed
1718 5851 1896 5898 tamen
1938 5857 2044 5898 vox

2157 4809 2175 4843 «
2196 4805 2256 4845 se
2279 4790 2613 4845 ireduudare
2632 4789 2861 4851 videtur.
2881 4800 2933 4844 et
2956 4804 3076 4845 eam
3099 4787 3366 4844 omittunt
3383 4785 3561 4844 ueteri
3573 4783 3698 4838 editi.

2223 4861 2335 4931 (69)
2367 4861 2532 4923 Editi,
2561 4879 2581 4911 «
2614 4859 2996 4929 magniﬁcavit.
3017 4879 3036 4911 ι

2225 4929 2336 5000 (70)
2356 4931 2496 4996 Quia
2521 4943 2729 5000 uocatus
2747 4941 2846 4994 est;
2891 4939 2938 4983 et
2965 4929 3055 5000 qui
3078 4937 3289 4982 vocatus
3322 4936 3423 4989 est.
3455 4936 3697 5000 propter“

2147 4997 2477 5072 justi/iectus
2503 5017 2631 5054 esse.
2667 4999 2791 5072 llagc
2806 4997 3191 5072 desiderantur
3221 5003 3290 5072 iri
3316 5009 3477 5072 antea
3511 4997 3668 5072 editis.

2233 5071 2345 5140 (71)
2364 5071 2530 5137 Alias,
2562 5069 2867 5137 «intelligis.
2883 5088 2902 5119 ι
2926 5069 2991 5122 Ει
3005 5081 3188 5138 postea
3207 5069 3394 5132 editi,¢
3413 5079 3467 5122 et
3483 5070 3596 5140 quia
3614 5078 3694 5116 non

2161 5138 2250 5196 est
2266 5138 2509 5204 vocatus,
2529 5141 2648 5194 ideo
2677 5157 2780 5194 non
2805 5149 2888 5192 est
2905 5140 3324 5207 praedestinatns
3341 5155 3357 5200 ;
3374 5152 3428 5192 et
3447 5138 3567 5206 quia
3587 5151 3698 5208 praf-

2158 5211 2468 5266 destinatus
2506 5226 2612 5264 non
2645 5219 2748 5273 est,
2777 5211 2896 5263 ideo
2919 5225 3023 5264 non
3061 5219 3146 5263 est
3177 5209 3560 5276 praecognitus.
3584 5226 3599 5256 υ
3627 5208 3698 5253 διε

2158 5281 2320 5334 etiam
2343 5296 2470 5334 mss.
2493 5281 2660 5334 nostri
2684 5282 2782 5334 nisi
2807 5280 2947 5348 quod
2966 5275 3200 5333 habeant
3218 5280 3372 5346 «qui»
3396 5294 3491 5346 pro
3507 5275 3688 5345 «quia.»

2160 5353 2264 5406 Sed
2299 5351 2553 5404 Rabanus
2607 5360 2666 5403 ut
2709 5352 2761 5404 iu
2798 5360 2982 5418 nostro
3004 5361 3175 5415 textu,
3211 5361 3268 5402 et
3291 5361 3440 5403 recte
3483 5349 3692 5418 quidem.

2231 5420 2344 5488 (72)
2378 5419 2448 5473 Et
2489 5421 2626 5474 vide.
2655 5419 2816 5486 Editi,
2856 5437 2877 5472 «
2903 5417 3055 5484 Vide,
3080 5438 3102 5472 ο
3142 5431 3196 5474 ει
3228 5434 3379 5484 mox,
3411 5437 3430 5470 «
3453 5416 3598 5488 quasi
3620 5416 3692 5480 qui

2151 5501 2206 5546 ct
2239 5506 2380 5555 qua}.
2405 5509 2422 5540 ι
2463 5501 2570 5544 etc.

2223 5560 2336 5629 (75)
2379 5561 2540 5625 Editi,
2588 5579 2606 5612 «
2634 5560 2928 5615 secundum
2977 5559 3090 5614 haec
3144 5568 3330 5628 postea
3386 5573 3505 5628 qua:
3553 5566 3689 5620 supra

2151 5631 2518 5698 eat-posuimus.
2552 5650 2572 5682 ι
2621 5631 2718 5685 Με.
2770 5647 2931 5694 unus,
2970 5632 3332 5702 «secundum
3361 5631 3472 5684 hac
3507 5640 3596 5696 per
3637 5641 3686 5702 es

2151 5715 2466 5772 quarrsnpt'a
2501 5702 2872 5772 exposuimus.
2903 5719 2922 5753 ι
2963 5700 3081 5772 Sic;
3105 5700 3272 5772 etiam
3303 5699 3572 5755 Rabanus.
3602 5699 3684 5772 nisi

2151 5768 2293 5837 quod
2337 5768 2609 5824 omittat}
2636 5771 2960 5830 secundum.
2993 5791 3012 5824 ι
3050 5768 3157 5827 Sed
3192 5773 3378 5827 caeteri
3419 5784 3544 5824 mss.
3569 5775 3618 5819 ut
3645 5768 3686 5816 in

2151 5851 2335 5899 nostro
2375 5851 2549 5897 texui.
