3768 6562
89 411 179 466 1195

967 405 1325 464 COMMENT.
1359 405 1428 461 IN
1469 405 1686 463 EPIST.

1732 407 1821 463 AD
1858 409 2025 467 ROM.
2067 409 2198 468 LIB.
2238 411 2350 468 Vll.
3129 418 3270 508 ":16

88 541 158 590 tur,
187 524 312 595 quod
365 538 468 580 non
504 537 692 579 omnes
740 521 836 592 qui
865 536 1151 591 vocantur,
1191 528 1356 582 etiam
1379 527 1588 597 justiii-
1619 535 1671 592 Α
1705 529 1943 584 cundum
1990 531 2380 601 propositum)
2432 529 2609 585 vocati
2650 540 2776 585 sunt
2793 531 2860 586 ⁸⁷.
2906 530 3042 587 Nam
3091 533 3146 589 hi
3173 534 3268 604 qui

91 627 241 671 rantur.
267 614 404 670 Nam
438 625 490 671 et
531 615 698 670 Judas
752 615 1031 684 apostolus
1079 628 1305 671 vocatus
1354 628 1458 683 est,
1487 619 1583 673 sed

89 726 158 764 non
195 716 264 764 est
303 707 642 774 justiﬁeatus.
684 705 836 772 Quod
883 719 939 762 et
979 709 1024 762 si
1062 707 1417 778 justilicatum
1459 724 1582 764 eum

90 801 309 858 contendat
350 800 546 870 aliquis
569 814 634 853 eo
669 799 787 867 ipso
811 815 919 868 quo
960 810 1184 856 vocatus
1211 811 1329 868 est;
1359 817 1462 854 non
1500 809 1584 857 est

89 903 187 948 certe
213 891 548 963 gloriﬁcatus.
595 891 702 945 Sed
751 902 805 946 et
844 891 918 946 illi
952 893 1021 948 de
1052 893 1249 961 quibus
1287 893 1584 962 dicitApo-

88 989 222 1055 stolus,
264 986 387 1056 quia
447 985 950 1055 «naufragaverunt
999 1001 1028 1040 a
1083 987 1186 1040 title
1214 986 1283 1050 "’,
1318 1006 1336 1038 ι
1403 986 1579 1040 vocati

86 1082 242 1150 quidem
265 1078 499 1142 fuerunt,
531 1079 624 1132 sed
659 1095 762 1131 non
797 1086 923 1131 sunt
946 1077 1255 1146 justilicati.
1291 1079 1356 1134 Et
1388 1095 1582 1133 secun-

87 1175 172 1227 dum
197 1170 449 1241 Evangelii
479 1169 764 1238 parabolas
784 1169 851 1228 δί’,
885 1169 960 1222 illi
983 1169 1049 1222 ad
1079 1184 1217 1238 quos
1266 1170 1420 1224 missi
1466 1169 1583 1223 fue-

86 1274 168 1318 rant
192 1263 336 1326 servi,
367 1270 422 1315 et
449 1270 852 1316 excusaverunt
880 1274 962 1324 se,
993 1262 1173 1315 vocati
1204 1259 1454 1327 fuerunt;
1486 1261 1581 1316 sed

86 1372 155 1409 non
178 1353 574 1424 suntjustilicati
604 1369 617 1406 :
643 1363 700 1408 et
732 1353 821 1406 ille
844 1353 936 1423 qui
965 1353 1238 1423 ingressus
1269 1354 1579 1408 convivium

87 1447 186 1516 regis
209 1461 299 1500 non
338 1445 524 1502 habuit
553 1453 761 1499 vestem
789 1443 1084 1514 nuptialem
1105 1445 1174 1510 δι,
1205 1455 1430 1500 vocatus
1459 1452 1539 1500 est
1563 1462 1578 1510 ;
1617 1459 1620 1463 '

85 1540 148 1593 sed
175 1554 262 1593 non
289 1548 372 1593 est
401 1536 750 1606 justiﬁcatus.
784 1535 920 1590 Cum
955 1549 1087 1604 ergo
1125 1536 1241 1591 haec
1271 1537 1481 1607 singula
1509 1538 1581 1591 ita

86 1648 125 1688 se
147 1632 359 1694 habeant,
399 1631 666 1699 quomodo
698 1627 969 1690 videbitur
1023 1643 1184 1683 verus
1233 1644 1355 1684 esse
1403 1643 1582 1684 sermo

83 1722 285 1792 Apostoli,
321 1736 476 1792 quem
514 1719 598 1775 vel
647 1722 714 1775 de
752 1721 1162 1792 praenoscendo,
1212 1720 1294 1774 vel
1339 1721 1406 1775 de
1443 1735 1583 1790 pra:-

85 1814 355 1876 deslinando,
389 1810 469 1865 vel
514 1811 580 1865 de
626 1811 895 1873 vocando,
942 1811 1030 1864 vel
1076 1811 1239 1865 etiam
1276 1810 1344 1865 de
1382 1811 1582 1879 justifi-

83 1906 208 1958 cando
232 1903 574 1959 memoravit?
621 1903 728 1957 Sed
765 1918 867 1972 ego
905 1903 1207 1958 secundmn
1247 1919 1312 1958 ea
1348 1921 1464 1971 qua:
1495 1920 1584 1958 su-
1616 1898 1656 1955 Β

82 2011 144 2063 pra
179 1999 528 2065 exposuimus,
576 1995 848 2066 quomodo
904 2005 1096 2050 noscat
1133 1995 1216 2051 vel
1280 2007 1583 2066 prmnoscat

83 2088 196 2150 Deus,
223 2087 280 2140 ad
319 2087 764 2143 consuetudinem
800 2087 1097 2155 Scriptura:
1121 2087 1450 2141 redeundum
1486 2102 1583 2156 pu-

84 2190 131 2242 to,
153 2193 252 2248 qua:
271 2179 554 2233 vernacula
579 2180 814 2248 quadam
853 2177 1216 2248 appellatione
1243 2179 1296 2232 in
1332 2179 1436 2233 hoc
1462 2195 1582 2234 ser-

82 2287 210 2336 mone,
237 2272 284 2325 id
314 2280 395 2325 est
455 2271 509 2324 in
541 2271 916 2341 cognoscendo
967 2269 1044 2324 uti
1085 2269 1224 2324 solet
1250 2287 1265 2324 :
1290 2270 1434 2324 velut
1458 2285 1581 2324 cum

81 2363 188 2416 dicit:
212 2381 228 2414 ι
249 2362 309 2417 Ει
326 2361 757 2432 cognovitAdam
787 2361 954 2416 Evam
979 2375 1204 2416 uxorem
1225 2375 1375 2416 suam
1402 2359 1534 2431 (74),
1558 2379 1577 2412 ι

79 2470 143 2523 pro
175 2471 228 2511 eo
255 2465 309 2511 ut
342 2455 576 2520 dicat”,
626 2455 891 2509 admistus
941 2463 1024 2509 est
1113 2455 1270 2508 uxori
1328 2468 1460 2508 sum.
1515 2453 1584 2507 Et

81 2547 222 2600 iterum
246 2547 305 2602 de
336 2547 577 2602 Rebecca
605 2547 776 2600 dicit:
813 2565 830 2598 ι
869 2545 1033 2617 Virgo
1061 2555 1203 2609 erat,
1238 2546 1322 2600 vir
1351 2561 1454 2600 non
1486 2561 1580 2600 co-

77 2651 279 2710 gnoverat
305 2657 420 2696 eam
443 2641 509 2693 ⁸³.
533 2660 552 2693 ι
582 2641 689 2694 Sed
719 2650 772 2696 et
802 2641 868 2695 de
901 2641 1026 2695 [iliis
1053 2639 1182 2694 Levi
1209 2641 1426 2703 dicitur,
1455 2654 1578 2694 cum

79 2731 460 2796 prevaricatores
487 2730 762 2798 punirent,
792 2729 917 2798 quia
948 2743 1052 2782 non
1069 2728 1386 2797 cognoverit
1411 2741 1581 2781 unus-

78 2822 248 2890 quisque
282 2831 487 2892 patrem
538 2836 692 2876 suum
725 2828 818 2873 aut
850 2829 1076 2873 matrem
1120 2833 1272 2873 suam
1287 2815 1356 2869 “.
1384 2815 1440 2870 lu
1475 2831 1582 2886 quo

81 2916 160 2968 sine
180 2914 323 2969 dubio
346 2915 448 2970 hoc
469 2915 795 2976 ostenditur,
819 2912 945 2980 quia
971 2926 1073 2965 non
1093 2910 1280 2980 junxit
1327 2908 1578 2962 allectum

78 3022 188 3061 Suum
207 3019 255 3061 et
279 3021 510 3062 amorem
527 3022 650 3062 cum
675 3014 828 3074 patre
852 3003 933 3058 vel
973 3013 1169 3056 matre.
1208 3000 1312 3056 Sed
1336 3011 1389 3054 et
1411 3001 1580 3054 multa

79 3103 311 3155 secundum
350 3103 494 3155 hunc
539 3114 758 3154 sensum
803 3098 854 3151 in
919 3095 1219 3164 Scripturis
1261 3095 1326 3149 de
1374 3108 1580 3162 cogno-

80 3193 222 3247 scendo
255 3193 490 3248 invenies
533 3191 803 3246 dictazet
849 3190 970 3243 ideo
1020 3189 1184 3242 etiam
1218 3187 1273 3241 in
1323 3187 1578 3258 praesenti

77 3284 157 3340 loco
180 3295 370 3341 constat
407 3283 721 3354 Apostolum
750 3281 1048 3337 secundum
1085 3277 1382 3348 Scriptum
1409 3291 1579 3332 sacra:

77 3381 457 3433 consuetudinem
495 3374 858 3446 cognoscendi
895 3371 1142 3442 posuisse
1163 3384 1494 3431 sermonem,
1518 3378 1579 3423 ut

76 3469 158 3524 illos
201 3473 496 3526 ostenderet
545 3465 905 3539 prmcognitos
952 3479 984 3518 a
1047 3463 1180 3530 Deo,
1240 3463 1293 3515 in
1358 3460 1576 3530 quibus,

77 3563 204 3618 sciens
224 3563 400 3634 quales
431 3569 633 3626 essent,
667 3572 908 3613 amorem
943 3571 1101 3610 suum
1129 3556 1268 3609 Deus
1296 3548 1578 3606 allectum-

76 3671 146 3723 qne
165 3657 434 3726 posuisset,
465 3652 763 3709 secundum
796 3649 942 3719 quod
969 3647 1134 3703 etiam
1167 3645 1294 3700 illud
1316 3644 1576 3714 scriptum

77 3758 157 3799 est:
182 3767 197 3798 ι
219 3747 470 3819 Cognovit
507 3745 765 3799 Dominus
783 3757 879 3797 eos
902 3739 996 3811 qui
1027 3747 1152 3794 sunt
1176 3737 1379 3809 ejus";
1408 3755 1427 3789 ι
1455 3751 1575 3790 cum

74 3841 231 3910 utique,
261 3852 513 3912 quantum
559 3838 630 3893 ad
671 3838 833 3892 istam
906 3846 1246 3890 communem
1295 3829 1575 3886 scientiam

75 3936 272 4000 pertinet,
311 3937 454 3990 Dens
501 3948 606 3987 non
637 3929 810 3986 solum
858 3941 953 3982 eos
982 3925 1074 3996 qui
1109 3925 1195 3980 sui
1223 3933 1371 3988 sunt,
1402 3923 1495 3976 sed
1521 3930 1579 3975 et

71 4042 133 4078 eos
161 4028 236 4095 qui
275 4035 461 4082 errant
511 4041 542 4078 a
593 4038 651 4078 se
700 4035 806 4074 non
853 4019 1087 4087 ignoret.
1121 4016 1228 4070 Sed
1255 4015 1576 4086 cognovisse

72 4132 158 4171 suos
187 4119 371 4172 dicitur
405 4116 545 4189 (75),
581 4116 685 4169 hoc
727 4123 813 4168 est
863 4113 916 4166 in
965 4109 1253 4164 dilectione
1296 4105 1573 4168 habuisse,

70 4210 228 4279 siliique
253 4197 506 4266 sociasse.
557 4209 634 4262 Ita
679 4221 808 4275 ergo
844 4222 862 4256 ι
890 4218 1028 4274 quos
1059 4198 1370 4270 praescivitr
1410 4197 1571 4261 Dens,

73 4301 189 4356 «illos
214 4313 265 4357 et
287 4301 723 4372 praedestinavit:
750 4308 806 4351 et
833 4311 970 4366 quos
999 4289 1420 4362 praedestinavit,
1454 4287 1572 4341 illos

68 4402 102 4444 et
137 4396 354 4459 vocavit;
381 4403 438 4447 et
470 4407 607 4463 quos
647 4392 884 4452 vocavit,
931 4386 1051 4440 illos
1095 4391 1149 4438 et
1181 4379 1518 4450 justiﬁcavit.
1546 4397 1566 4430 ι

69 4487 270 4553 Superest
304 4485 464 4541 nobis
499 4485 678 4540 adhuc
722 4482 866 4536 illius
913 4475 1231 4548 quaestionis
1279 4469 1570 4538 absolutio,

67 4579 271 4640 quomodo
304 4597 322 4629 ι
346 4592 484 4647 quos
518 4575 754 4637 vocavit,
786 4573 907 4626 illos
939 4579 991 4623 et
1024 4565 1365 4638 justilicavit,
1387 4580 1409 4616 ι
1447 4577 1568 4616 cum

67 4670 294 4724 secundum
331 4685 392 4724 ea
441 4685 561 4737 qua:
593 4681 758 4735 supra
803 4665 1058 4726 diximus,
1112 4668 1322 4713 constet
1370 4653 1569 4708 multos

65 4774 145 4814 esse
168 4775 388 4829 vocatos,
417 4774 616 4825 paucos
667 4768 846 4812 autem
893 4756 1098 4809 electos
1116 4751 1184 4804 ⁸⁵.
1219 4749 1324 4804 Sed
1359 4747 1571 4800 videtur

67 4853 153 4906 mihi
177 4871 279 4910 esse
310 4855 552 4924 quaedam
581 4850 882 4906 vocationis
910 4845 1239 4906 differentia,
1270 4842 1568 4896 secundum

65 4941 150 4999 illud
173 4949 298 5016 quod
349 4947 404 5000 in
457 4943 727 5016 superiori
758 4939 998 5012 capitulo
1032 4934 1401 5008 exposuimus,
1440 4931 1567 5000 quia

62 5047 197 5090 omnes
225 5037 436 5106 quidem
473 5033 652 5090 vocati
686 5041 828 5095 sunt,
856 5045 963 5084 non
999 5038 1178 5083 tamen
1215 5038 1403 5079 omnes
1430 5040 1448 5073 ι
1473 5035 1562 5076 se-

1609 3257 1651 3315 C

1605 4620 1649 4676 D

102 5170 133 5197 "
161 5170 173 5221 1
197 5171 322 5226 Tim.
345 5188 385 5230 ι.
421 5171 512 5225 19.
579 5171 624 5202 ⁸³
650 5168 778 5222 an.
804 5181 916 5229 xrv,
953 5165 1036 5219 17.
1111 5162 1154 5194 ³¹
1181 5160 1374 5230 Matth.
1408 5171 1542 5219 χχιι,
1581 5156 1666 5209 ll.

61 5235 92 5287 9.
147 5242 183 5270 ⁸³
207 5243 240 5294 11
266 5229 402 5296 'l‘im.
437 5258 501 5299 ll.
538 5241 620 5294 l9.
688 5239 733 5269 ⁸⁵
759 5238 946 5291 Matth.
978 5250 1070 5299 xx,
1099 5232 1188 5286 l6.
1263 5231 1306 5261 ⁸⁷
1334 5229 1492 5283 Ρωιιι.
1521 5241 1642 5289 vm,

64 5311 254 5372 tm,28.
322 5312 417 5366 ἰι
463 5311 589 5366 Cor.
635 5324 710 5372 Ix,
759 5309 852 5361 27.

108 5427 190 5497 (76)
225 5431 308 5484 Sic
354 5445 456 5484 ms.
535 5444 673 5482 unus
732 5425 930 5496 Regius
982 5421 1320 5497 nutn.16'59_.
1359 5417 1552 5497 (hateri

62 5490 149 5550 ivro
177 5490 314 5559 'mss.
363 5511 417 5555 et
467 5498 595 5551 editi
652 5490 911 5552 omittunt
965 5514 984 5547 ι
1011 5495 1196 5549 Evam.
1229 5513 1248 5545 ι
1285 5490 1560 5559 Rabanus,

65 5566 308 5684 ‘38“0"!
336 5579 521 5624 autem
543 5569 712 5623 Adam
746 5582 970 5622 uxorem
997 5579 1176 5632 suam,
1212 5577 1310 5635 pro
1328 5574 1392 5616 eo
1422 5558 1564 5628 quod

63 5647 82 5682 υ
149 5650 252 5695 Ical.
282 5662 297 5692 ι
325 5651 432 5695 etc.

66 5662 99 5684 ιιι
121 5662 142 5684 ll
176 5662 184 5669 '
416 5679 432 5697 ο

66 5783 76 5822 ι
109 5662 426 5774 ιῖἓῖέιιῖιῗιιξι
458 5723 564 5765 ms.
599 5723 758 5774 unus,
799 5727 817 5761 ι
843 5705 948 5766 Sed
976 5706 1294 5778 cognovisse
1315 5715 1408 5759 eos
1431 5697 1572 5754 dici-

80 5789 138 5822 llr.
158 5796 172 5822 ι

80 5789 172 5828 um

1693 621 1992 676 secundum
2034 624 2374 692 propositum
2424 624 2650 690 bonum,
2677 632 2734 678 et
2785 625 2980 679 bonam
3017 625 3271 681 volunta-

1695 720 1798 766 tem
1842 729 2004 782 quam
2051 717 2200 770 circa
2231 715 2323 770 Dei
2358 716 2566 772 cultum
2609 724 2824 786 gerunt,
2852 719 3272 790 vocantur,~ipsi

1692 805 1936 874 suntqui
1969 824 1987 856 ι
2016 811 2311 862 secundum
2347 811 2686 879 propositum
2715 829 2736 862 ι
2775 810 2954 865 vocati
2991 811 3268 880 dicuntur,

1693 907 1748 952 et
1807 897 1897 951 isti
1935 909 2063 953 sunt
2107 901 2200 969 qui
2251 902 2428 956 vocati
2466 901 2860 972 justiﬁcantur.
2912 903 3066 958 Bono
3122 905 3270 959 enim

1695 1004 1885 1044 eorum
1930 993 2214 1061 proposito
2241 994 2430 1048 deerat
2472 994 2589 1048 sola
2647 996 2883 1050 vocatio.
2915 995 2978 1050 Hi
3015 1011 3145 1052 vero
3175 998 3269 1066 qui

1689 1081 1850 1152 605
1880 1097 1983 1137 non
2021 1084 2219 1138 habent
2252 1085 2450 1138 bonum
2480 1085 2760 1156 ﬁxumque
2809 1093 3148 1156 propositum
3182 1087 3272 1142 vel

1691 1189 1820 1245 erga
1851 1175 2094 1230 divinum
2122 1177 2352 1241 cultum,
2384 1177 2467 1232 vel
2500 1193 2628 1248 erga
2657 1193 2792 1247 opus
2825 1179 3048 1245 bonum,
3071 1194 3272 1234 vocan-

1691 1275 1780 1319 tur
1803 1267 2022 1335 quidem
2051 1277 2108 1322 et
2133 1268 2263 1338 ipsi,
2289 1284 2357 1323 ne
2384 1269 2464 1324 eis
2489 1272 2772 1324 excusatio
2810 1271 3174 1340 relinquatur,
3215 1279 3273 1326 et

1691 1355 1808 1411 haec
1834 1358 1948 1426 ipsa
1975 1359 2186 1426 possint
2225 1359 2441 1414 causari
2484 1373 2606 1414 cum
2644 1360 2961 1428 judicantur
2987 1375 3003 1415 :
3032 1360 3170 1427 Quia
3213 1371 3270 1418 et

1691 1462 1792 1502 nos
1830 1449 1874 1504 si
1911 1451 2088 1505 vocati
2114 1451 2426 1516 fuissemus,
2453 1453 2818 1521 potuissemus
2849 1453 3036 1523 utique
3068 1451 3271 1522 justiﬁ-

1689 1542 1835 1609 cari;
1859 1551 1913 1596 et
1939 1557 2042 1597 non
2066 1543 2237 1598 solum
2257 1545 2567 1615 justillcari,
2594 1547 2687 1600 sed
2715 1555 2770 1600 et
2792 1547 3116 1616 gloriticari.
3145 1546 3270 1600 Ideo

1688 1646 1819 1701 ergo
1848 1643 2114 1686 vocantur
2139 1632 2358 1701 quidem
2389 1641 2445 1687 et
2476 1632 2611 1704 ipsi;
2644 1634 2739 1688 sed
2773 1635 2929 1703 quasi
2962 1635 3008 1688 si
3035 1635 3088 1688 in
3120 1644 3269 1690 terra

1688 1732 1906 1793 petrosa
1941 1724 2264 1778 setninetur-
2289 1738 2498 1789 semen,
2554 1727 2663 1780 cito
2715 1727 2936 1796 quidem
2981 1727 3266 1793 exoritur;

1690 1810 2031 1866 increscente
2077 1821 2260 1866 autem
2306 1812 2716 1868 tribulationum
2771 1815 2919 1880 sole,
2975 1815 3104 1885 quia
3157 1831 3268 1873 non

1687 1901 1889 1956 habent
1919 1907 2084 1957 altam
2113 1889 2350 1959 radicem
2387 1904 2514 1960 boni
2543 1907 2826 1978 propositi,
2854 1910 3118 1964 continuo
3141 1921 3269 1964 am-

1686 2003 1845 2048 scunt
1891 2004 1946 2049 et
1983 2005 2212 2064 pereunt
2247 1997 2314 2051 ‘0.
2367 1998 2431 2052 Et
2464 1999 2562 2068 ipsi
2605 2009 2733 2055 sunt
2779 2002 2845 2057 de
2897 2003 3097 2072 quibus
3131 2002 3268 2060 dicit

1683 2082 1996 2154 Apostolus,
2028 2085 2154 2154 quia
2195 2105 2215 2137 ι
2249 2087 2713 2158 naufragaverunt
2752 2107 2782 2146 a
2836 2091 2942 2148 ﬁde
2959 2091 3027 2147 ⁸⁸.
3055 2112 3076 2146 ι
3115 2092 3264 2162 Quos

1684 2187 1815 2242 ergo
1837 2174 2073 2237 vocavit,
2101 2175 2152 2228 id
2180 2185 2284 2239 est,
2316 2191 2455 2244 quos
2482 2179 2778 2234 secundum
2804 2182 3143 2251 propositum
3165 2197 3264 2238 vo-

1686 2264 1828 2316 cavit
1854 2263 2004 2330 boni,
2053 2265 2177 2320 illos
2204 2276 2262 2319 et
2287 2267 2628 2335 justillcavit.
2667 2270 2822 2337 Quod
2864 2273 2968 2328 etsi
3014 2291 3034 2326 ι
3061 2287 3267 2329 secun-

1685 2353 1814 2407 dum
1846 2356 2180 2424 propositum
2207 2355 2285 2408 ⁹⁰ι
2309 2357 2376 2410 ad
2410 2357 2578 2412 Deum
2615 2361 2910 2428 referatur,
2947 2363 3052 2419 hoc
3080 2375 3188 2431 est,
3208 2376 3268 2421 ut

1685 2447 1984 2500 secundum
2031 2446 2125 2500 Dei
2171 2448 2532 2517 propositum,
2583 2452 2676 2519 qui
2705 2453 2886 2508 sciens
2925 2454 2979 2508 in
3017 2455 3099 2511 eis
3131 2455 3264 2512 reli-

1685 2537 1890 2605 giosam
1920 2549 2179 2602 mentem,
2205 2548 2262 2594 et
2285 2538 2477 2594 salutis
2501 2540 2683 2597 inesse
2699 2544 3054 2612 desiderium,
3080 2548 3262 2604 vocati

1685 2629 1958 2693 dicantur,
2000 2644 2108 2683 non
2147 2630 2422 2685 videbitur
2457 2632 2542 2688 his
2572 2649 2692 2701 quae
2713 2638 3066 2701 exposuimus
3093 2640 3262 2695 etiam

1685 2719 1787 2774 hoc
1817 2735 1940 2774 esse
1967 2721 2324 2776 contrarium.
2367 2723 2481 2778 Hoc
2508 2739 2638 2794 ergo
2670 2737 2827 2794 pacto
2857 2743 3030 2798 neque
3053 2731 3107 2784 in
3128 2745 3267 2800 pra:-

1683 2811 1912 2865 scientla
1941 2810 2032 2864 Dei
2064 2811 2149 2866 vel
2185 2812 2376 2868 salutis
2399 2815 2485 2870 vel
2519 2818 2844 2884 perditionis
2874 2829 3073 2874 nostra:
3097 2836 3265 2878 causa

1683 2905 1972 2971 consistit;
2003 2919 2180 2974 neque
2202 2904 2522 2973 jnstilicatio
2547 2924 2615 2963 ex
2646 2909 2763 2964 sola
2798 2913 3083 2969 vocatione
3124 2929 3262 2984 pen-

1685 2995 1868 3057 debit;
1901 3010 2076 3065 neque
2104 2997 2398 3067 gloriﬁcari
2429 2999 2496 3054 de
2525 3010 2711 3055 nostra
2741 3003 2957 3071 penitus
2987 3013 3262 3073 potestate

1685 3086 1956 3140 sublatum
1999 3096 2104 3145 est.
2152 3086 2288 3142 Nam
2343 3098 2400 3142 et
2445 3088 2491 3144 si
2543 3095 2816 3147 communi
2869 3095 3147 3151 intellectu
3191 3097 3262 3153 de

1686 3178 2035 3246 prtescientia
2075 3181 2402 3246 sentiamus,
2433 3196 2542 3236 non
2574 3193 2866 3253 propterea
2890 3189 2996 3241 erit
3032 3188 3260 3257 aliquid,

1685 3271 1812 3337 quia
1843 3270 1893 3322 id
1925 3271 2028 3324 scit
2061 3270 2200 3325 Deus
2233 3271 2471 3326 futurum
2511 3290 2526 3327 :
2569 3276 2663 3330 sed
2702 3278 2829 3346 quia
2875 3278 3117 3334 futurum
3152 3289 3260 3347 est,

1686 3364 1858 3416 scitur
1886 3377 1916 3416 a
1951 3363 2064 3416 Deo
2096 3374 2383 3430 antequam
2428 3367 2538 3420 ﬁat.
2573 3367 2708 3422 Nam
2730 3378 2791 3423 et
2816 3370 2890 3439 si,
2935 3373 3087 3428 verbi
3128 3388 3260 3443 gra-

1688 3455 1782 3520 tia,
1819 3453 2148 3525 ﬁngeremus
2183 3456 2296 3527 (76)
2332 3457 2496 3511 Deum
2522 3475 2627 3513 non
2662 3475 3000 3528 praenoscere
3024 3463 3260 3534 aliquid,

1685 3545 1928 3601 futurum
1954 3547 2073 3601 sine
2097 3548 2262 3602 dubio
2282 3558 2406 3604 erat
2431 3553 2574 3615 quod
2609 3561 2712 3616 est,
2741 3554 2814 3607 ita
2845 3563 2904 3608 ut
2936 3565 3056 3610 est:
3091 3566 3263 3628 utpu-

1687 3649 1758 3706 ta,
1803 3639 1971 3694 Judas
2011 3639 2254 3705 proditor
2295 3641 2474 3696 factus
2521 3653 2625 3708 est,
2655 3653 2709 3698 et
2748 3646 2849 3700 hoc
2899 3649 2968 3700 ita
3019 3648 3262 3706 futurum

1683 3731 1960 3798 prophetae
2007 3729 2405 3798 praedixerunt.
2461 3732 2578 3787 Non
2620 3750 2750 3805 ergo
2795 3738 2923 3804 quia
2979 3741 3256 3809 propheta:

1683 3821 2070 3891 prazdixerunt,
2100 3820 2304 3874 idcirco
2333 3823 2576 3891 prodidit
2623 3822 2830 3890 Judas;
2862 3826 2956 3880 sed
3000 3828 3131 3896 quia
3176 3829 3262 3883 fu-

1685 3918 1838 3964 turus
1862 3916 2009 3965 esset
2050 3910 2316 3980 proditor,
2365 3925 2429 3966 ea
2458 3927 2578 3980 qua:
2611 3914 2701 3968 ille
2741 3930 2810 3970 ex
2856 3919 3122 3987 propositi
3172 3921 3259 3976 sui

1684 4003 1923 4070 nequitia
1955 4015 2210 4074 gesturus
2237 4015 2358 4058 erat
2385 4006 2762 4074 praedixerunt
2790 4011 3102 4077 prophetae:
3133 4027 3257 4068 cum

1682 4096 1871 4164 utique
1902 4094 2074 4151 Judas
2106 4096 2160 4150 in
2191 4105 2464 4167 potestate
2491 4098 2768 4154 habuisset
2796 4110 2857 4155 ut
2886 4111 3032 4157 esset
3063 4103 3259 4160 similis

1680 4185 1842 4241 Petro
1869 4195 1923 4242 et
1941 4186 2156 4252 Joanni,
2185 4189 2229 4243 si
2253 4188 2552 4244 voluisset:
2583 4191 2680 4245 sed
2714 4191 2876 4261 elegit
2901 4193 3143 4262 pecunia:
3163 4209 3258 4251 cu-

1680 4279 1962 4347 piditatem
1996 4277 2168 4347 magis
2198 4293 2361 4348 quam
2386 4279 2957 4348 apostolici-consortii
2983 4282 3252 4352 gloriam:
3349 4355 3356 4362 _

1680 4379 1734 4424 et
1771 4370 1911 4424 hanc
1948 4369 2064 4438 ejus
2102 4367 2430 4426 voluntatem
2457 4367 2700 4426 futuram
2742 4372 3099 4441 pracvidentes
3125 4389 3258 4446 pro-

1679 4464 1874 4534 phetae,
1912 4461 2178 4516 librorum
2220 4461 2494 4517 tradidere
2535 4464 2926 4520 monumentis.
2977 4464 3048 4522 Ut
3073 4476 3253 4522 autem

1681 4555 1824 4609 scias
1852 4553 1978 4622 quia
2010 4568 2116 4608 non
2158 4551 2212 4604 in
2243 4552 2591 4622 praescientia
2622 4553 2718 4609 Dei
2747 4555 3041 4625 unicuique
3059 4556 3253 4613 salutis

1678 4662 1839 4702 causa
1874 4646 2093 4712 ponitur
2116 4641 2250 4713 (77),
2283 4645 2376 4698 sed
2411 4645 2464 4698 in
2493 4647 2771 4715 proposito
2800 4656 2856 4702 et
2875 4648 3092 4702 actibus
3114 4648 3251 4716 suis,

1677 4741 1799 4795 vide
1827 4738 2049 4792 Paulum
2086 4745 2363 4791 verentem
2389 4752 2456 4791 ne
2497 4737 2639 4794 forte
2667 4755 2787 4794 cum
2827 4739 2946 4793 aliis
2981 4739 3250 4808 praedica-

1677 4830 1837 4896 verit,
1899 4829 2013 4899 ipse
2061 4830 2324 4900 reprobus
2376 4827 2669 4893 elﬁciatur,
2723 4842 3002 4882 macerare
3052 4842 3251 4898 corpus

1677 4935 1857 4986 suum,
1895 4929 1952 4975 et
1999 4921 2272 4992 subjicere
2307 4920 2556 4975 servituti
2600 4921 2668 4973 ἰ.
2722 4919 2916 4972 Adhuc
2960 4919 3249 4974 adversum

1678 5028 1773 5072 eos
1800 5012 1892 5082 qui
1927 5011 2081 5069 nobis
2117 5011 2427 5081 hujusmodi
2451 5012 2776 5080 quaestiones
2808 5008 3076 5078 objiciunt
3107 5009 3245 5082 (78),

2229 5150 2276 5182 ⁸³
2298 5149 2598 5209 Gemrmv,
2630 5149 2714 5202 l6.
2789 5148 2838 5180 ⁸⁸
2868 5147 3022 5203 Deut.
3051 5164 3245 5217 χχχιιι,

2498 5221 2545 5251 ⁸⁸⁵
2574 5218 2750 5272 lTint.
2783 5233 2816 5281 ι,
2847 5218 2932 5272 19.
3009 5219 3056 5252 ⁹⁰
3083 5219 3242 5276 Rom.

1741 5154 1786 5186 ⁸¹
1810 5153 1947 5208 Gen.
1978 5167 2050 5213 IV,
2085 5152 2138 5206 1.

1670 5224 1761 5280 28.
1839 5225 1882 5254 3"
1903 5223 2096 5276 Matth.
2128 5236 2248 5287 xm,
2275 5221 2329 5284 5,
2360 5219 2415 5273 6.

1737 5413 1848 5484 (76)
1883 5411 2051 5475 Alias,
2095 5428 2123 5484 ¢_
2150 5409 2424 5484 fingimus.
2463 5425 2483 5458 ι
2518 5405 2722 5484 Deinde
2747 5407 2901 5472 editi,
2953 5424 2974 5459 ι
3015 5407 3240 5484 aliquid,

1667 5477 1909 5551 futurqu
1943 5485 2060 5551 sine
2095 5480 2424 5541 dubioerat,
2453 5481 2597 5546 quod
2628 5477 2726 5542 ita,
2771 5489 2828 5532 ut
2862 5485 2989 5550 puto
3022 5477 3142 5551 (aL,
3186 5490 3246 5536 ιιι

1666 5558 1829 5623 ρυιιι)
1856 5545 2044 5623 ludas,
2065 5567 2085 5601 ι
2122 5558 2229 5623 e_t_c.

1740 5615 1856 5693 (77)
1888 5619 2056 5693 Editi,
2089 5636 2110 5669 ι
2148 5615 2424 5693 Ut_autem
2461 5615 2606 5670 scias
2653 5633 2777 5693 non
2803 5618 2854 5672 in
2892 5615 3239 5693 prmscientia

1671 5687 1768 5750 Dei
1809 5687 2104 5755 unicuique
2153 5687 2345 5742 salutis
2393 5701 2612 5739 causam
2656 5689 2803 5754 poni.
2836 5708 2854 5740 ι
2890 5687 3240 5742 δεύοιιιιιεε

1671 5776 1802 5817 mss.
1838 5769 1893 5814 et
1928 5760 2181 5812 Habanus
2214 5765 2274 5809 ut
2308 5757 2358 5808 in
2395 5763 2580 5810 nostro
2610 5765 2781 5812 textu.

1747 5830 1858 5887 (78)
1890 5827 2061 5887 Alias.
2101 5846 2119 5881 ι
2156 5836 2210 5882 et
2237 5826 2504 5890 subjicere
2535 5827 2813 5884 servituti.
2840 5825 2952 5883 Hoc
2983 5827 3244 5884 adversus
