3766 6546
461 372 596 428 11⁴Ξ7

1933 357 2256 415 ORIGENIS

458 496 622 548 etiam
643 494 774 547 hinc
799 503 1089 561 possumus
1120 487 1342 541 dicere:
1378 484 1436 538 Si
1467 497 1606 553 quos
1628 481 1923 553 prazscivit,
1964 481 2033 534 il-
2064 486 2113 543 Α
2142 477 2236 532 Dei
2290 473 2501 531 habitat
2547 471 2600 525 in
2631 468 2888 537 nobis“,
2923 478 2982 525 et
3016 467 3160 539 quod
3198 466 3437 536 Spiritus
3479 463 3690 532 Christi,

460 590 542 643 los
569 597 626 642 et
651 582 1098 656 praedestinavit;
1151 594 1257 633 non
1303 587 1486 633 autem
1519 590 1713 632 omnes
1750 573 2033 642 praedesti-

459 682 610 738 navit
632 696 649 744 ;
674 691 805 748 ergo
829 691 935 730 non
961 686 1153 728 onmes
1186 670 1500 739 praescivit:
1535 677 1590 723 et
1618 667 1915 721 secundum
1940 680 2036 719 eos

459 782 620 830 erunt
654 771 834 840 aliqua
855 782 979 838 quae
1003 768 1215 837 ignoret
1247 764 1409 818 Deus.
1441 762 1498 816 Si
1529 776 1661 816 vero
1691 772 2036 829 praenoscere

459 864 760 920 secundum
788 859 891 914 hoc
921 856 1225 925 accipiatur
1255 853 1400 923 quod
1441 866 1603 922 supra
1642 849 1903 912 diximus,
1931 846 2035 900 hoc

459 967 564 1020 est,
604 955 658 1008 in
688 951 940 1007 allectum
1001 946 1246 1015 recipere
1296 944 1508 1008 sibique
1553 941 1786 1001 sociare,
1843 953 2032 991 verum

460 1049 570 1104 erit
599 1045 732 1116 quia
762 1043 907 1100 sicut
939 1056 1044 1096 non
1076 1052 1266 1093 omnes
1299 1031 1727 1106 pnedestinavit,
1763 1030 1834 1083 ita
1861 1043 2036 1096 neque

459 1155 649 1197 omnes
671 1135 1054 1210 prmeognovit.
1105 1131 1198 1187 Sic
1243 1130 1391 1183 enim
1420 1138 1472 1181 et
1501 1126 1659 1180 Jesus
1694 1123 1804 1192 (79)
1836 1122 2036 1176 dicitur

461 1249 568 1288 non
597 1228 915 1301 cognovisse
949 1235 1229 1295 peccatum
1262 1222 1331 1276 θ’.
1367 1216 1746 1287 Nnnquidnam
1772 1214 2020 1268 dicemus

459 1325 588 1393 quia
621 1319 879 1376 nescierit
911 1316 1068 1371 Jesns
1101 1315 1230 1383 quid
1261 1321 1406 1367 esset
1439 1318 1747 1380 peccatum,
1791 1307 1892 1360 hoc
1927 1314 2033 1369 est,

459 1417 584 1485 quia
621 1413 876 1468 nescierit
898 1408 1251 1465 homicidium
1283 1414 1564 1473 peccatum
1597 1417 1740 1466 esse,
1777 1400 1856 1454 vel
1885 1399 2034 1454 adul-

463 1509 679 1571 terium,
713 1505 799 1560 vel
823 1504 1047 1566 lurtmn,
1075 1510 1130 1554 et
1160 1499 1247 1553 his
1275 1496 1512 1552 similia?
1538 1497 1618 1548 An
1649 1495 1753 1549 hoc
1777 1501 1862 1547 est
1892 1492 2034 1559 quod

459 1602 659 1653 dieitttr
714 1598 925 1651 nescire
982 1601 1295 1663 peccatum,
1351 1587 1477 1656 quia
1535 1594 1760 1655 peccato
1811 1599 1872 1638 se
1927 1598 2034 1636 non

461 1692 698 1754 miscuit,
725 1703 901 1757 neque
933 1684 1160 1739 adhzesit
1180 1683 1227 1736 ei
1255 1681 1562 1751 peccatum?
1596 1678 1687 1733 Sic
1703 1686 1758 1734 et
1777 1676 1901 1731 alibi
1921 1673 2032 1745 (80)

460 1785 723 1852 scriptum
757 1788 844 1834 est
867 1777 951 1832 “:
993 1794 1011 1826 t
1046 1774 1144 1841 Qui
1178 1779 1364 1827 servat
1397 1771 1734 1833 mandatum,
1777 1783 1882 1822 non
1935 1782 2029 1820 co-

2135 566 2223 621 vel
2254 567 2505 622 Christus
2537 567 2590 621 in
2615 563 2772 619 nobis
2799 572 2884 616 est
2903 561 2985 624 ⁸⁸,
3011 559 3095 614 vel
3127 559 3272 628 quod
3323 556 3562 626 Spiritus
3594 557 3690 626 ejus

2137 657 2228 726 qui
2259 656 2543 712 suscitavit
2575 654 2855 708 Christum
2899 665 2928 704 a
2979 651 3206 704 mortuis
3227 649 3393 720 606
3419 646 3622 700 habitat
3651 652 3689 700 in

2137 747 2296 802 nobis
2326 749 2342 778 ¹
2367 746 2480 818 (85)
2500 791 2515 813 ,
2551 747 2638 800 vel
2671 745 2815 814 quod
2840 741 3042 811 Spiritu
3072 741 3165 795 Dei
3195 743 3428 810 agimur,
3458 738 3545 793 vel
3573 747 3690 806 quod

2137 838 2386 907 spiritum
2435 839 2740 909 adoptionis
2772 835 3083 903 accepimus
3114 836 3171 900 ’ς
3220 832 3305 887 vel
3334 831 3479 901 quod
3525 846 3692 886 sumus

2137 930 2232 985 lilii
2265 931 2353 984 Dei
2381 941 2436 984 et
2458 931 2699 985 lneredes
2721 938 2772 981 et
2793 924 3102 980 comet-edes
3133 923 3337 977 Christi
3365 923 3425 988 ³;
3462 922 3550 976 vel
3570 925 3691 991 quod

2138 1021 2412 1092 primitias
2454 1021 2692 1091 Spiritus
2714 1017 3084 1088 accipimus‘;
3126 1015 3209 1070 vel
3247 1017 3390 1086 quod
3424 1017 3546 1085 ipse
3585 1016 3691 1085 Spi-

2137 1115 2277 1170 ritus
2332 1113 2638 1182 interpellat
2681 1128 2779 1182 pro
2827 1109 2983 1164 nobis
3027 1109 3320 1178 gemitibus
3376 1108 3693 1164 inenarrabi-

2137 1206 2279 1261 libus
2306 1205 2368 1272 ';
2417 1205 2500 1261 vel
2540 1206 2682 1275 quod
2735 1206 2991 1258 universa
3025 1213 3276 1259 creatura
3316 1203 3480 1257 nobis
3519 1217 3694 1271 conge-

2143 1295 2329 1350 miscit
2374 1305 2430 1350 et
2478 1293 2808 1358 condolet‘;
2866 1291 2951 1345 vel
2993 1293 3138 1360 quod
3184 1290 3371 1343 omnia
3427 1288 3587 1342 nobis
3622 1302 3694 1341 co-

2136 1395 2435 1456 operantur
2462 1387 2515 1439 in
2545 1387 2742 1439 bonum
2777 1385 3129 1456 diligentibus
3162 1381 3333 1435 Deum
3353 1380 3374 1410 "
3405 1398 3422 1445 ;
3449 1379 3536 1434 vel
3576 1380 3694 1446 quod

2137 1479 2435 1531 secundmu
2467 1477 2800 1545 propositum
2830 1475 3005 1529 vocati
3042 1488 3255 1534 smnus,
3284 1481 3345 1526 et
3375 1469 3692 1540 praecogniti,

2136 1578 2189 1625 et
2216 1570 2606 1639 praadestinati,
2635 1567 3007 1636 etjustilicati,
3039 1575 3094 1621 et
3121 1563 3412 1635 gloriﬁcati
3435 1561 3485 1615 ⁸.
3514 1561 3694 1615 Horum

2136 1663 2341 1717 etenim
2367 1661 2604 1715 omnium
2636 1660 2798 1714 veluti
2830 1659 3099 1730 epilogum
3133 1657 3343 1712 lactens
3381 1652 3525 1726 (84),
3551 1662 3605 1706 et
3638 1653 3696 1704 si-

2141 1753 2250 1808 mul
2278 1753 2461 1808 omnia
2499 1760 2754 1820 repetens
2782 1751 2860 1804 ait
2892 1768 2908 1806 :
2968 1769 2986 1802 ι
3017 1749 3159 1818 Quid
3201 1763 3335 1819 ergo
3374 1747 3620 1802 dicemus
3644 1745 3696 1797 ad

458 1839 681 1942 gnoscet
735 1871 935 1922 malum
982 1839 1233 1924 ver—bum,
1279 1881 1299 1912 ι
1355 1861 1458 1916 hoc
1511 1869 1596 1914 est
1647 1875 1754 1914 non
1803 1858 2036 1928 recipiet
2067 1845 2111 1904 Β
2140 1847 2255 1901 hare
2269 1847 2316 1899 ’ἲ
2345 1865 2364 1898 ι
2391 1845 2494 1900 boc
2520 1853 2626 1910 est,
2661 1844 2728 1898 ad
2749 1843 2862 1897 hac
2885 1841 3066 1896 omnia
3095 1857 3214 1912 qua:
3240 1857 3409 1911 supra
3435 1839 3695 1893 diximus:

460 1973 685 2038 vernum
738 1957 967 2021 malum,
1007 1970 1114 2009 non
1159 1955 1365 2016 credet,
1403 1967 1510 2007 non
1555 1951 1790 2006 libenter
1829 1951 2034 2012 audiet.

460 2069 639 2122 neque
673 2050 924 2105 admittet
949 2048 1158 2116 ingredi
1194 2055 1432 2100 mentem
1462 2058 1642 2098 suam.
1679 2058 1699 2092 ι
1727 2040 1876 2107 Quos
1907 2059 1923 2091 ι
1949 2055 2038 2095 er-

461 2160 531 2214 go
561 2143 857 2198 secundum
899 2141 1046 2194 hunc
1073 2137 1293 2191 modum
1322 2154 1342 2188 t
1376 2133 1651 2208 prmscirit
1687 2152 1706 2184 ι
1743 2131 1905 2194 Dens,
1936 2150 1955 2183 ι
1981 2131 2040 2184 il-

462 2237 542 2290 los
573 2247 629 2290 et
657 2233 1108 2304 praedestinavit;
1140 2242 1196 2286 et
1217 2245 1357 2299 quos
1387 2226 1814 2298 pne-destinavit,
1846 2224 1966 2280 illos
1983 2232 2041 2279 et

459 2329 694 2392 vocavit,
719 2345 740 2378 ι
783 2343 846 2381 ea
879 2323 1184 2378 vocationis
1231 2321 1590 2376 distinctione
1618 2333 1724 2387 qua
1759 2317 2036 2371 diximus:

464 2440 482 2471 ι
523 2432 577 2472 ει
603 2433 738 2488 quos
784 2418 1025 2482 vocavit,
1059 2415 1181 2471 illos
1213 2424 1267 2469 et
1295 2413 1619 2481 justilicavit
1650 2430 1663 2466 :
1694 2420 1748 2466 et
1776 2425 1914 2481 quos
1949 2409 2038 2480 ju-

457 2511 736 2573 stiticavit,
764 2509 884 2563 illos
905 2518 960 2560 et
985 2505 1354 2577 gloriﬁcavit.»
1393 2503 1465 2557 De
1492 2501 1885 2574 gloriﬁcatiouc
1914 2513 2042 2570 pos-

461 2616 650 2655 smnns
675 2611 731 2654 et
765 2600 819 2654 in
861 2598 1118 2668 praesenti
1170 2595 1370 2650 saeculo
1423 2597 1722 2648 secundum
1770 2591 1881 2663 (81)
1909 2589 2040 2645 illud

463 2693 765 2764 intelligere
805 2691 946 2761 quod
995 2690 1128 2744 dicit
1171 2686 1470 2756 Apostolus
1493 2685 1539 2717 “
1579 2702 1594 2740 :
1655 2703 1673 2735 σ
1707 2684 1816 2738 Nos
1856 2693 2039 2738 autem

458 2801 649 2841 omnes
683 2784 923 2839 revelata
959 2782 1098 2838 facie
1127 2782 1358 2851 gloriam
1411 2780 1622 2835 Domini
1669 2777 2039 2848 speculantes,

457 2879 647 2933 eadem
679 2877 914 2945 imagine
942 2874 1403 2928 transformamur
1438 2889 1466 2925 a
1501 2871 1669 2942 gloria
1703 2872 1755 2924 in
1783 2869 2036 2939 gloriam,

463 2983 713 3038 tauquam
738 2984 767 3020 a
795 2968 1004 3022 Domini
1039 2967 1268 3036 Spiritu.
1304 2984 1322 3016 ι
1366 2959 1457 3018 Est
1483 2978 1614 3030 ergo
1638 2973 1691 3016 et
1719 2963 1832 3015 hanc
1863 2961 2036 3028 gloria

460 3077 620 3133 quam
639 3062 922 3133 iustificati
957 3062 1159 3130 quique
1185 3061 1236 3112 in
1265 3058 1517 3129 praesenti
1547 3057 1658 3110 vita
1689 3055 2035 3124 percipiunt:

459 3163 545 3210 est
574 3165 631 3211 et
668 3155 757 3208 illa
794 3170 914 3222 quae
953 3163 1209 3224 speratur
1243 3152 1295 3202 in
1331 3151 1534 3213 futuro,
1567 3165 1691 3204 cum
1711 3163 1912 3218 corpus
1935 3147 2036 3200 hoc

462 3247 782 3302 humilitatis
809 3257 1008 3300 nostra:
1049 3246 1191 3314 quod
1227 3263 1244 3291 ε
1271 3243 1575 3296 seminatur
1603 3242 1656 3294 in
1680 3238 2035 3294 contumelia.

461 3349 648 3408 surget
685 3340 737 3392 in
767 3340 938 3408 gloria
966 3339 1011 3369 ”
1043 3355 1055 3390 :
1095 3356 1115 3388 ι
1146 3348 1347 3391 etcum
1390 3353 1408 3384 ι
1443 3334 1582 3388 sicut
1607 3333 1708 3386 alia
1745 3341 1829 3386 est
1864 3332 2036 3401 gloria

460 3425 611 3488 solis,
643 3435 698 3478 et
745 3427 849 3478 alia
893 3425 1061 3494 gloria
1102 3424 1262 3487 Iumu,
1296 3434 1348 3477 et
1381 3423 1486 3476 alia
1518 3421 1687 3491 gloria
1731 3421 2040 3482 stellarum,

460 3525 516 3568 et
547 3517 687 3569 sicut
731 3517 885 3571 stella
917 3531 947 3568 a
979 3514 1135 3568 stella
1177 3514 1356 3566 dill'ert
1407 3513 1458 3567 in
1488 3512 1683 3582 gloria,
1730 3513 1803 3566 ita
1847 3511 1954 3565 erit
1985 3522 2042 3565 et

466 3608 792 3661 resurrectio
820 3616 1156 3661 mortuorum
1177 3606 1224 3637 9‘
1253 3605 1395 3670 (89.).
1418 3623 1434 3652 ι

530 3700 583 3753 9.
629 3716 648 3750 ι
683 3698 820 3765 Quid
867 3713 998 3768 ergo
1047 3698 1291 3752 dicemus
1327 3698 1392 3749 ad
1444 3696 1603 3750 haec?
1639 3696 1695 3749 Si
1751 3695 1891 3761 Deus
1939 3710 2037 3764 pro

462 3791 640 3856 nobis,
670 3792 792 3860 quis
820 3800 1008 3845 contra
1037 3791 1174 3843 nos?
1201 3790 1301 3856 Qui
1332 3790 1495 3844 etiam
1531 3789 1750 3858 proprio
1774 3789 1913 3843 Filio
1937 3803 2038 3843 suo

464 3897 570 3935 non
601 3881 858 3949 pepercit,
891 3881 984 3935 sed
1013 3897 1108 3949 pro
1136 3880 1292 3934 nobis
1324 3879 1579 3933 omnibus
1617 3879 1840 3932 tradidit
1863 3878 2034 3943 illum,

462 3975 732 4041 quomodo
772 3989 875 4025 non
925 3971 1087 4025 etiam
1142 3989 1262 4024 cunt
1311 3973 1402 4026 illo
1435 3971 1620 4025 omnia
1675 3970 1833 4024 nubis
1865 3971 2036 4022 dona-

463 4063 650 4116 bit"?
679 4082 698 4114 ι
752 4063 892 4117 Deus
933 4065 1207 4131 quomodo
1235 4079 1333 4132 pro
1371 4063 1524 4118 nobis
1557 4063 1650 4123 sit,
1687 4061 2033 4116 manifestum

461 4163 548 4209 est
579 4168 649 4206 ex
673 4154 756 4207 his
782 4170 905 4223 quae
936 4169 1096 4223 supra
1124 4154 1394 4223 exposuit,
1430 4154 1481 4206 id
1503 4161 1586 4206 est
1623 4152 1771 4220 quod
1795 4150 2034 4221 Spiritus

529 4281 575 4311 θ’
604 4278 642 4331 ll
687 4277 813 4333 Cor.
859 4294 912 4341 v,
965 4279 1055 4334 2|.

461 4349 552 4402 '52.
626 4348 676 4381 "
729 4349 859 4403 ibid.
905 4350 959 4404 9.
1035 4351 1081 4383 ⁹⁹
1120 4351 1249 4405 ibid.
1288 4352 1374 4407 10.
1450 4353 1622 4406 ‘ibid.
1655 4352 1741 4405 11.

463 4419 482 4449 ⁷
520 4420 646 4473 ibid.
695 4417 784 4472 28.
859 4420 880 4452 ⁸
912 4420 1042 4476 ibid.
1081 4420 1173 4487 29,
1209 4422 1302 4477 50.
1375 4423 1396 4456 ⁹
1426 4421 1557 4477 ibid.
1587 4422 1676 4477 ⁸51.

467 4487 511 4518 ⁸⁸
535 4490 664 4543 ibid.
701 4489 790 4551 15,
832 4491 920 4546 16.

463 4619 584 4668 eos,
611 4605 700 4674 qui
731 4604 886 4660 nobis
932 4605 1238 4675 huiusmodi

464 4675 559 4734 a|.,
600 4692 618 4725 ι
655 4684 895 4739 movent,
924 4693 943 4726 ι
972 4687 1079 4730 etc.

534 4743 649 4816 (79)
681 4743 770 4797 Sic
799 4755 946 4817 recte
969 4761 1070 4800 ms.
1102 4763 1238 4800 unus
1261 4747 1458 4817 Regius
1482 4766 1631 4803 nttm.
1658 4747 1812 4803 1659.
1837 4747 2030 4803 ϐωιετί

464 4812 594 4868 vero
616 4812 768 4885 mss.,
799 4812 1057 4869 Rabanus
1079 4824 1133 4870 et
1153 4818 1280 4870 editi
1305 4812 1392 4874 hic
1418 4829 1472 4874 et
1495 4819 1634 4874 infra
1663 4819 1860 4874 habent
1882 4837 1902 4870 ι
1928 4820 2026 4885 is,»

463 4887 557 4950 al.,
594 4884 747 4954 «his,
780 4904 798 4936 ι
835 4901 932 4954 pro
977 4904 996 4936 ι
1023 4885 1200 4941 Jesus.
1236 4905 1254 4937 ι

535 4953 648 5025 (80)
673 4953 846 5025 Ειίίιὶ,
875 4972 893 5003 ι
926 4957 1073 5010 Sicut
1103 4967 1156 5008 et
1181 4958 1328 5012 alibi.
1365 4976 1385 5010 ι

680 5024 1009 5104 Secundum.
1047 5026 1203 5081 Deest
1240 5027 1476 5104 in__lib_ris
1504 5038 1662 5083 antea
1691 5029 1878 5104 editis.

537 5095 650 5165 (8‘2)
677 5095 944 5175 Sicnrecte
979 5112 1080 5150 ms.
1115 5112 1255 5154 unus
1289 5098 1485 5175 Ile‘gius
1509 5116 1654 5152 nmn.
1684 5099 1820 5157 1659
1848 5100 2032 5175 et

468 5163 663 5244 imitus.
704 5163 842 5244 Εῤίιί
879 5181 1007 5220 Vero
1038 5176 1092 5219 et
1127 5183 1256 5244 mss.
1303 5163 1417 5244 alii,
1464 5187 1483 5219 ι
1533 5184 1655 5223 cum
1683 5185 1904 5244 __corpus
1937 5173 2038 5224 hoc

469 5235 788 5290 humilitatis
813 5248 1010 5289 nostra:
1028 5237 1327 5308 seminatur
1352 5239 1402 5292 in
1423 5238 1774 5304 contumelia,
1795 5235 1845 5294 et
1875 5259 1892 5291 ι
1916 5241 2038 5308 (al.,

469 5308 1056 5385 deestteti‘._«sut'_get_in
1091 5306 1291 5385 gloria;
1321 5318 1376 5363 et
1397 5319 1483 5385 est
1506 5311 1609 5363 alia
1639 5311 1810 5385 gloria
1843 5328 1882 5385 ιΔ
1918 5306 2038 5378 (aL,

479 5380 694 5450 «etcum
712 5373 814 5427 alia
855 5373 1023 5450 gloria
1041 5393 1071 5450 Δί
1095 5373 1123 5429 ἶ
1157 5378 1255 5450 a_l.,
1291 5397 1316 5450 ι
1348 5389 1404 5434 ει
1431 5382 1572 5434 sicut
1611 5373 1716 5433 alia
1750 5373 2037 5450 gloria)....

467 5443 700 5524 etstelloa
727 5458 758 5496 a
792 5445 943 5524 stella
971 5446 1152 5501 diﬁ'ert
1187 5447 1252 5524 in_
1272 5448 1522 5505 claritate
1552 5469 1571 5501 ι
1606 5449 1724 5518 (aL,
1752 5443 1780 5502 ἱ
1817 5465 1847 5504 a
1875 5443 2038 5505 clari-

473 5515 606 5581 tate)
633 5515 712 5568 sic
741 5515 848 5566 erit
876 5515 928 5568 in
963 5518 1364 5574 resurrectione
1395 5515 1785 5574 mortuorunm

539 5581 746 5668 (85)‘Et
771 5589 909 5668 quasi
938 5583 1168 5666 Spiritus
1190 5585 1406 5668 Christi,
1436 5589 1781 5668 vel_Christ_u_s
1805 5591 1859 5668 in
1887 5590 2034 5643 nobis

468 5664 565 5715 est,
597 5653 673 5735 νει
696 5655 837 5735 quod.
861 5653 1094 5735 Spiritus
1118 5657 1232 5735 ejus
1261 5660 1352 5735 qui
1385 5653 1658 5714 suscitat-it
1692 5659 1956 5714 Christum
2001 5676 2036 5712 a

468 5722 713 5804 mortuis,
748 5722 947 5804 habitat
972 5725 1028 5804 in
1049 5722 1232 5804 nobis.
1260 5722 1382 5788 llaec
1419 5746 1684 5800 nusquam
1717 5739 2037 5800 comparent

467 5794 522 5847 iu
551 5794 704 5850 libris
736 5803 895 5849 antea
933 5795 1110 5850 editis.

1131 4282 1177 4312 ⁹³
1205 4281 1382 4336 Eccle.
1412 4295 1529 4342 vm,
1557 4281 1610 4335 5.
1689 4281 1736 4312 ’δ
1764 4279 1806 4334 ll
1831 4281 1958 4334 Cor.
1994 4297 2030 4336 ιι

2151 4283 2197 4331 Β.
2273 4281 2319 4312 ⁸⁵
2351 4280 2366 4332 1
2399 4281 2523 4332 Cor.
2556 4295 2646 4345 xv,
2683 4279 2772 4333 15.
2793 4279 2840 4310 ⁹⁶
2875 4278 3008 4331 ibid.
3036 4277 3130 4332 41.

1821 4353 1994 4405 ‘ibid.
2026 4351 2226 4413 14,15.
2304 4351 2324 4382 ³
2351 4352 2482 4404 ibid.
2504 4350 2588 4403 l7.
2666 4349 2821 4403 ‘tltid.
2852 4347 2945 4402 23.

1757 4422 1801 4454 ¹⁶
1835 4420 2027 4477 lPetr.
2060 4438 2113 4487 ν,
2154 4422 2210 4477 8.
2285 4423 2324 4452 ¹¹
2355 4421 2496 4474 Ρμειι.
2534 4436 2683 4486 χχιιι,
2723 4420 2773 4472 1.

1285 4608 1619 4678 quaestiones
1667 4609 1956 4674 suscitant,
2009 4628 2028 4662 ι
2066 4615 2114 4675 D

2139 1941 2262 2010 quia
2297 1939 2341 1993 si
2370 1940 2450 1993 sic
2491 1938 2632 1992 Deus
2663 1951 2762 2006 pro
2789 1937 2946 1990 nobis
2973 1946 3080 2002 est,
3108 1946 3168 1989 ut.
3191 1935 3308 1989 haec
3341 1933 3508 1988 nobis
3529 1941 3698 1986 cuncta

2139 2029 2502 2094 concesserit,
2545 2029 2669 2099 quis
2701 2043 2825 2082 esse
2866 2029 3154 2082 adversum
3190 2023 3288 2080 nos
3314 2025 3568 2096 poterit?
3600 2023 3696 2077 Non

2139 2140 2247 2195 quo
2285 2124 2504 2178 omnino
2529 2122 2800 2178 neminem
2822 2121 2976 2175 nobis
2997 2135 3120 2175 esse
3143 2120 3290 2174 dicat
3312 2117 3697 2174 adversarium:

2140 2217 2383 2287 alioquin
2424 2216 2698 2289 quomodo
2727 2215 2895 2271 stabit
2921 2215 3052 2269 illud
3081 2212 3194 2286 (85)
3221 2215 3370 2282 quod
3402 2213 3609 2267 dictum
3633 2219 3700 2264 est

2140 2324 2170 2364 a
2198 2307 2402 2365 Petro:
2443 2327 2462 2362 ι
2505 2307 2870 2363 Adversarius
2923 2315 3106 2361 vester
3155 2304 3409 2361 diabolus
3438 2303 3587 2357 sicut
3633 2300 3702 2354 leo

2139 2402 2362 2472 rugiens
2394 2402 2593 2457 circuit
2629 2417 2882 2472 quaerens
2908 2416 3068 2472 quem
3101 2405 3413 2454 transroret
3438 2396 3536 2450 “‘l
3559 2415 3578 2448 ι
3613 2393 3701 2448 Sed

2140 2495 2247 2550 hoc
2269 2508 2354 2550 εει
2384 2495 2529 2564 quod
2567 2495 2829 2559 ostendit,
2863 2495 2987 2564 quia
3033 2494 3146 2548 Deo
3175 2500 3377 2561 agente
3411 2505 3521 2558 pro
3548 2487 3703 2547 nobis

2139 2586 2559 2658 contemptibilis
2603 2596 2658 2642 et
2701 2587 2880 2641 nullus
2931 2585 3160 2640 ellicitur
3217 2582 3330 2652 (86)
3364 2582 3705 2638 adversarius

2139 2688 2339 2734 nosn-r.
2379 2674 2638 2731 Similiter
2672 2686 2850 2730 autem
2871 2684 2926 2730 et
2941 2674 3107 2729 David
3137 2673 3267 2728 dicit
3289 2673 3329 2703 "
3360 2689 3375 2725 :
3414 2689 3433 2722 ι
3469 2671 3708 2725 Dominus

2142 2769 2470 2824 illutninatio
2531 2783 2672 2834 mea,
2701 2778 2755 2821 et
2787 2767 3038 2821 Salvator
3060 2781 3235 2829 meus,
3269 2779 3430 2834 quem
3475 2760 3708 2817 timebo?

2139 2861 2398 2916 Dowinus
2421 2871 2701 2929 protei-tor
2717 2859 2841 2912 vita:
2858 2873 3008 2921 mete,
3025 2872 3053 2909 a
3076 2872 3184 2926 quo
3211 2854 3540 2926 trepidabo?
3558 2873 3577 2906 ι
3610 2852 3706 2906 Non

2137 2969 2266 3023 ergo
2309 2952 2514 3006 nullum
2545 2953 2677 3005 dicit
2709 2965 2829 3005 esse
2863 2966 3024 3018 quem
3055 2957 3281 3008 metuat,
3319 2957 3382 3000 et
3416 2947 3514 3016 qui
3545 2947 3709 2999 adver-

2138 3054 2288 3098 setur
2318 3042 2391 3104 ei,
2433 3042 2526 3097 sed
2562 3043 2833 3111 quamvis,
2884 3041 3092 3106 inquit,
3135 3056 3155 3090 ι
3186 3039 3520 3107 appropient
3567 3050 3708 3102 super

2140 3150 2229 3190 me
2256 3144 2314 3188 ιιι
2342 3134 2507 3189 edant
2529 3148 2725 3188 carnes
2756 3147 2904 3186 meas
2930 3131 3022 3200 qui
3070 3130 3340 3184 tribulaut
3377 3144 3471 3182 me
3519 3125 3707 3181 inimici

2145 3227 2247 3281 ιιιεί
2284 3227 2350 3290 ⁸⁸,
2389 3245 2407 3278 ι
2449 3235 2630 3278 tamen
2664 3225 2894 3277 Domino
2927 3222 3255 3276 defendente
3305 3222 3480 3276 vitam
3527 3237 3704 3278 meam.

2146 3336 2166 3371 ι
2197 3317 2453 3372 inﬁrmati
2485 3315 2598 3388 (87)
2634 3323 2786 3380 sunt,
2815 3324 2870 3368 et
2904 3314 3274 3369 ceciderunt.»
3313 3315 3425 3369 Dat
3467 3326 3707 3384 partem

2144 3407 2399 3460 indicium
2432 3407 2728 3459 maximum
2773 3403 3014 3473 iungentis
3056 3419 3187 3473 erga
3231 3419 3328 3458 nos
3362 3406 3580 3458 amoris
3611 3404 3704 3463 Dei.

2143 3499 2233 3568 qui
2264 3499 2316 3551 in
2347 3507 2578 3561 tantum,
2617 3495 2794 3566 inquit
2817 3495 2882 3560 “,
2923 3513 3020 3551 nos
3061 3499 3283 3564 dilexit,
3315 3509 3377 3551 ut
3419 3513 3525 3553 nec
3558 3517 3576 3549 ι
3604 3512 3709 3566 pro-

2142 3595 2258 3660 prio
2277 3593 2413 3648 Filio
2431 3608 2532 3647 suo
2560 3610 2582 3647 ι
2611 3592 2931 3662 pepercerit,
2961 3611 2980 3644 ι
3008 3593 3100 3647 sed
3125 3609 3223 3664 pro
3253 3595 3419 3648 nobis
3445 3595 3704 3648 omnibus:

2144 3689 2209 3742 ad
2252 3687 2563 3755 passionem
2596 3688 2880 3742 tradiderit
2935 3704 2954 3737 ι
2997 3702 3116 3741 eum
3149 3686 3285 3757 (88).
3325 3706 3342 3739 ι
3409 3687 3480 3741 Ει
3511 3697 3569 3741 ιιι
3609 3700 3708 3740 Ina-

2140 3779 2262 3847 jore
2311 3794 2410 3832 nos
2453 3777 2820 3833 admiratione
2858 3779 3297 3846 constringeret,
3339 3779 3564 3832 addidit
3609 3792 3706 3830 ser-

2147 3887 2358 3924 monem
2380 3871 2619 3940 ingentis
2641 3871 2828 3924 arcani
2864 3871 3139 3924 conscium
3175 3869 3387 3930 dicens,
3412 3870 3548 3939 quia
3569 3887 3588 3921 ‹
3608 3885 3708 3937 pro-

2145 3963 2265 4031 prio
2293 3962 2432 4016 Filio
2475 3978 2573 4016 suo
2605 3978 2707 4016 non
2740 3965 3002 4034 pepercit.
3040 3980 3058 4012 ι
3099 3961 3321 4016 Dixerat
3360 3964 3520 4016 enim
3570 3976 3707 4026 snpe-

2144 4053 2258 4108 rius
2295 4055 2358 4118 ’i,
2413 4055 2537 4122 quia
2595 4056 2759 4109 etiam
2817 4070 2917 4110 nos
2965 4055 3056 4124 qui
3111 4053 3368 4122 spiritum
3422 4052 3710 4122 adoptionis

2144 4146 2464 4216 accipimus,
2497 4146 2590 4200 lilii
2625 4146 2716 4201 Dei
2763 4161 2969 4201 sumus.
3023 4142 3102 4200 Ne
3131 4158 3262 4214 ergo
3302 4144 3592 4198 communi
3623 4144 3709 4195 ista

3203 4276 3247 4307 "'
3295 4274 3464 4330 Rom.
3499 4275 3709 4336 vttt,3|,

3027 4348 3047 4380 ⁵
3085 4347 3218 4401 ἱι-ἰό.
3253 4346 3344 4398 9.6.
3407 4345 3432 4376 ⁸
3466 4347 3598 4399 ibid.
3632 4344 3709 4401 Β.

2852 4419 2896 4448 ¹¹
2924 4420 3050 4474 ibid.
3082 4419 3138 4471 2.
3216 4417 3259 4448 ¹³
3295 4415 3464 4469 Iliun.
3495 4431 3612 4480 vm,
3633 4415 3706 4468 3'2.

2210 4606 2322 4677 (81)
2363 4605 2644 4676 Epilogum
2676 4605 2896 4677 faciens.
2934 4605 3135 4677 Omnes
3166 4615 3299 4656 mss.
3333 4602 3513 4677 nostri
3536 4612 3589 4677 e_t
3615 4601 3706 4653 Ra-

2141 4671 2336 4741 baitus,
2375 4671 2878 4743 c'ana'cephaleosin
2968 4675 3192 4727 faciens.
3245 4691 3263 4723 ι
3323 4671 3486 4736 Quod
3542 4671 3708 4725 Gram:

2140 4747 2280 4802 idem
2309 4759 2393 4800 est
2424 4761 2488 4800 ac
2523 4743 2716 4800 Latine
2752 4764 2772 4796 c
2807 4744 3100 4815 epilogum,
3133 4761 3154 4795 ι
3189 4757 3288 4797 seu
3332 4760 3353 4793 ι
3387 4757 3582 4796 rerum
3612 4743 3706 4794 ml.

2138 4816 2444 4872 lectionem.
2477 4833 2516 4880 ιη,

2212 4886 2324 4958 (85)
2367 4877 2527 4949 Editi,
2585 4902 2604 4936 ι
2638 4884 2917 4958 Quomodo
2961 4883 3107 4936 enim
3157 4881 3325 4958 stabit
3366 4877 3536 4944 illud,
3565 4892 3709 4936 θείς..

2141 4949 2340 5012 omissa
2377 4971 2531 5021 voce,
2573 4973 2592 5004 ι
2627 4949 2889 5024 alioquin,
2923 4972 2942 5005 ι
2981 4967 3140 5023 quam
3176 4949 3488 5020 praeierunt
3538 4963 3709 5004 names

2144 5043 2276 5082 mss.
2309 5038 2361 5082 et
2401 5026 2675 5081 Rabanus.

2218 5097 2330 5168 (86)
2358 5097 2505 5168 Editi
2529 5096 2802 5168 plerique.
2835 5110 2884 5168 __t_
2911 5092 3027 5168 Sed
3046 5092 3147 5168 hoc
3179 5090 3450 5155 OSlelttlil,
3476 5090 3705 5159 quia.....

2141 5179 2192 5222 et
2224 5163 2357 5221 nihil
2389 5186 2405 5216 ι
2439 5167 2558 5236 (aL,
2591 5183 2610 5216 ι
2644 5176 2699 5219 et
2733 5165 2912 5231 nihili)
2946 5163 3197 5236 eﬂiritttr,
3234 5179 3252 5210 ι
3288 5173 3392 5236 etc.

2215 5238 2328 5308 (8‘7)
2359 5229 2457 5291 Sic
2480 5229 2727 5359 plerique
2757 5229 2910 5300 mss.,
2951 5232 3208 5284 liabanus
3238 5241 3296 5284 et
3321 5231 3482 5284 editi.
3511 5229 3608 5311 bis.
3642 5238 3711 5307 ta-

2215 5324 2266 5359 ιιι
2311 5323 2449 5359 unus
2538 5319 2692 5359 catus
2727 5320 2875 5357 nunt.
2927 5302 3087 5359 1659.
3129 5319 3150 5352 ι
3184 5305 3277 5354 sed
3325 5317 3480 5359 t'ttttl,
3530 5309 3707 5359 tnqutt.

2143 5299 2266 5362 men
2311 5299 2449 5361 unus
2483 5299 2692 5372 Regius
2727 5320 2875 5357 nunt.
2927 5302 3087 5366 1659,
3129 5319 3150 5352 ι
3184 5305 3277 5354 sed
3325 5317 3480 5366 t'ttttl,
3530 5299 3707 5366 inquit.

2145 5378 2466 5458 appropient
2481 5389 2642 5443 super
2660 5389 2770 5458 me“
2765 5381 3021 5458 nocentes
3049 5381 3110 5458 ut
3132 5373 3301 5458 edant
3325 5384 3530 5449 carnes
3552 5382 3707 5458 metas.

2143 5439 2331 5528 quin;
2367 5447 2489 5515 ipsi,
2522 5439 2700 5500 meam
2731 5443 2964 5498 Domino
2988 5441 3314 5496 defendente
3338 5441 3538 5502 vitam,
3573 5439 3710 5491 inﬁr-

2143 5529 2298 5578 lllall,
2324 5536 2342 5568 ι
2378 5528 2483 5570 ΜΟ.

2215 5587 2328 5655 (88)
2367 5584 2534 5651 Editi,
2586 5583 2872 5655 «tradidit
2901 5597 3110 5655 eum.)
3165 5579 3368 5655 Deinde
3416 5595 3526 5634 rus.
3586 5588 3711 5655 unus

2145 5646 2346 5726 Regius
2379 5646 2531 5710 num.
2579 5654 2742 5718 1659,
2787 5671 2807 5705 ι
2837 5653 2903 5706 Ει
2934 5662 2999 5726 ut
3022 5651 3088 5706 ad
3119 5650 3373 5726 maiorem
3409 5665 3516 5702 nos
3547 5646 3708 5726 admi-

2145 5719 2410 5781 rationem
2434 5727 2854 5794 constringeret,
2880 5722 3050 5785 addit,
3079 5739 3098 5772 ο
3128 5731 3240 5775 etc.
3260 5721 3366 5776 Sed
3380 5719 3572 5776 calari
3596 5734 3709 5777 Illo},

2149 5798 2408 5853 [tabanus
2431 5806 2484 5850 et
2510 5796 2642 5851 editi
2675 5793 2733 5848 ut
2762 5793 2815 5848 ιιι
2845 5803 3031 5848 nostro
3067 5799 3238 5845 testu.
