3768 6534
86 408 194 463 iter

973 414 1316 470 COMMENT.
1360 415 1424 469 IN
1467 416 1686 472 EPlST.
1729 418 1817 470 Al)
1858 419 2022 474 ROM.
2065 421 2190 476 LIB.
2237 425 2346 480 Vll.

3159 441 3295 495 H50

81 523 404 592 appellatione
459 524 690 578 ﬁliorn-n
742 545 903 580 unum
949 531 1185 598 aliquem
1228 549 1293 587 ex
1335 534 1418 587 his
1448 535 1621 590 tradi-
1652 542 1698 597 Α
1731 537 1814 588 nia
1856 539 2012 592 nobis
2047 541 2266 595 donabit
2296 559 2310 595 :
2339 563 2356 595 ι
2404 546 2502 598 hoc
2529 555 2631 612 est,
2677 548 2774 618 ips:
2809 549 3024 620 quidem
3077 567 3134 608 ut
3181 561 3291 610 hai-

82 617 194 670 ditse
222 624 510 680 putaretur
532 619 623 685 qui
654 619 705 670 in
743 619 881 673 ﬁlins
916 621 1240 676 videbantur
1272 626 1488 688 adsciti,
1524 625 1621 679 ad-

81 706 190 760 didit
227 722 246 754 ι
280 707 507 774 proprio
553 707 713 772 Filio,
749 727 766 759 ι
816 721 871 762 ut
921 726 1041 763 enin
1075 713 1165 780 qui
1202 713 1350 769 solus
1396 733 1463 769 ex
1503 718 1621 785 ipso

82 795 165 849 Deo
189 793 439 849 ineﬂ'abili
470 798 751 852 nativitate
771 812 1082 868 generatur,
1121 809 1450 860 ostenderet.
1479 826 1495 856 ι
1519 805 1620 861 Pro

78 887 202 941 nobis
243 902 375 956 ergo
419 890 673 943 omnibus
715 893 933 944 tradidit
973 909 1118 958 enm,
1155 913 1173 944 ι
1211 910 1314 947 ιιοη
1366 897 1454 949 illa
1512 910 1618 951 tra-

79 979 244 1031 ditione
272 993 378 1047 qua
409 981 676 1050 scriptum
719 994 800 1037 est
828 984 870 1013 ¹⁸
911 1003 925 1037 :
961 1003 978 1035 ι
1017 984 1214 1040 Tradet
1243 996 1418 1041 autem
1455 989 1619 1042 frater

79 1071 261 1123 fratrem
296 1072 348 1124 in
388 1086 644 1140 mortem,
689 1085 743 1128 et
777 1087 1028 1144 parentes
1064 1078 1224 1141 ﬁlios,
1257 1098 1274 1129 ι
1319 1081 1412 1134 sed
1447 1084 1616 1135 tradi-

77 1165 191 1216 disse
213 1179 330 1216 eum
359 1165 566 1220 dicitur
597 1167 698 1220 hoc
728 1167 867 1235 ipso,
899 1170 1040 1237 quod
1076 1186 1199 1224 cum
1239 1171 1290 1224 in
1320 1172 1486 1225 forma
1522 1173 1613 1228 Dei

73 1267 205 1317 'essct,
227 1271 426 1325 passus
459 1267 546 1312 est
574 1274 694 1311 eum
718 1261 994 1315 exinanire
1024 1262 1282 1332 scipsuni,
1307 1272 1359 1317 et
1389 1263 1612 1320 fortnam

73 1350 184 1399 servi
215 1350 520 1418 suscipere,
553 1361 604 1404 et
644 1366 811 1420 usque
840 1355 908 1406 ad
945 1363 1173 1407 mortem
1213 1357 1393 1408 crucis
1423 1370 1614 1423 perve-

71 1441 163 1492 nire
184 1439 259 1492 ¹⁶ς
289 1450 351 1493 nt
396 1442 449 1494 in
483 1443 599 1512 ipso
638 1445 890 1500 omnibus
927 1445 1233 1514 exemplum
1288 1446 1613 1502 obedientia:

71 1538 279 1590 poneret,
301 1538 360 1580 et
384 1529 525 1581 viain
547 1533 960 1586 resurrectionis
982 1534 1206 1589 mortuis
1225 1536 1458 1602 aperiret
1475 1536 1606 1606 (89).

74 1615 200 1667 «Pro
252 1619 516 1673 omnibus
576 1634 704 1690 ergo
764 1622 983 1675 tradidit
1047 1639 1190 1677 eum.
1228 1642 1246 1674 ι
1287 1623 1400 1677 Non
1440 1623 1608 1678 solum

69 1723 141 1770 pro
168 1709 396 1774 sanctis,
433 1728 540 1766 non
573 1712 744 1766 solum
775 1729 874 1782 pro
907 1717 1136 1786 magnis,
1169 1716 1264 1770 sed
1301 1726 1352 1770 et
1381 1731 1477 1784 pro
1508 1717 1610 1771 mi-

70 1798 216 1860 nimis,
248 1808 303 1851 et
347 1816 450 1868 pro
491 1803 741 1856 omnibus
780 1802 889 1873 (90)
947 1806 1170 1859 omnino
1226 1807 1317 1872 qui
1377 1815 1505 1860 sunt
1553 1805 1608 1859 in

1731 631 1864 692 redi,
1902 632 2059 686 nobis
2084 649 2216 688 vero
2255 647 2313 687 ut
2343 639 2716 693 colum-edibus
2752 641 2868 710 ejus
2911 646 3118 712 pariter
3167 665 3288 704 cum

1728 721 1843 790 ipso
1876 725 2077 790 perl'rni
2111 727 2358 782 universa
2391 727 2606 782 dabitur
2637 743 2914 787 creatura.

1797 815 1880 868 10.
1923 835 1942 868 ι
1975 815 2107 881 Quis
2136 821 2418 872 accusabit
2447 822 2709 877 adversus
2734 823 2936 880 electos
2970 827 3108 881 Dei?
3151 827 3292 882 Deus

1724 903 1812 970 qui
1863 901 2168 972 justiﬁcat;
2223 910 2343 976 quis
2406 920 2488 964 est
2541 914 2632 979 qui
2698 915 3066 970 condemnet?
3124 917 3284 988 607

1724 995 1973 1050 Christus
2038 995 2192 1052 Jesus
2258 1002 2348 1068 qui
2421 1014 2671 1058 mortuus
2727 1017 2850 1070 est,
2918 1008 3025 1062 imo
3108 1020 3286 1064 autem

1724 1087 1813 1154 qui
1854 1090 2168 1148 resurrexit.
2209 1095 2298 1156 qui
2331 1095 2507 1148 estad
2538 1096 2812 1150 dexteram
2849 1099 2961 1166 Dei,
2997 1103 3087 1170 qui
3124 1103 3287 1162 etiam

1725 1175 2032 1242 interpellat
2061 1193 2157 1245 pro
2187 1179 2340 1233 nobis
2366 1182 2427 1234 η.
2471 1203 2489 1234 ι
2542 1186 2766 1240 Videtur
2798 1188 2928 1242 mihi
2979 1192 3120 1259 quod
3164 1193 3285 1248 ait:

1729 1284 1744 1312 ι
1778 1265 1908 1330 Quis
1941 1270 2217 1324 accusabit
2254 1273 2513 1328 adversus
2531 1276 2734 1332 electos
2762 1278 2900 1333 Dei?
2934 1299 2954 1332 ι
2985 1282 3049 1335 de
3075 1283 3290 1337 diabolo

1721 1357 1922 1412 dicere.
1965 1359 2152 1414 Nullus
2187 1365 2330 1415 enim
2369 1367 2441 1418 ita
2473 1367 2676 1422 electus
2701 1379 2754 1423 et
2784 1371 2852 1424 ita
2889 1388 3112 1442 magnus
3147 1374 3283 1446 (95),

1721 1462 1879 1515 quem
1933 1449 2023 1502 ille
2058 1466 2165 1505 non
2213 1455 2408 1509 audeat
2452 1471 2748 1526 accusare,
2787 1463 2888 1517 nisi
2933 1465 3077 1518 illum
3112 1468 3282 1522 solum

1725 1557 1743 1588 ι
1781 1541 1872 1608 qui
1901 1552 2183 1610 peccatum
2220 1561 2322 1600 non
2350 1546 2475 1602 fecit
2506 1551 2572 1612 ι’,
2609 1570 2628 1602 ι
2668 1553 2758 1621 qui
2791 1565 2846 1607 et
2877 1556 3086 1610 dicebat
3124 1559 3234 1629 (96)
3265 1578 3280 1613 :

1725 1649 1742 1679 ι
1784 1629 1937 1684 Nunc
1964 1634 2108 1688 venit
2147 1635 2400 1705 princeps
2427 1640 2584 1706 hujus
2615 1644 2820 1708 mutuli,
2858 1654 2911 1698 et
2944 1647 2994 1699 in
3034 1663 3117 1701 me
3151 1649 3280 1703 nihil

1720 1725 1924 1780 invenit
1953 1728 2019 1780 ὀ.
2059 1747 2077 1780 ι
2119 1727 2224 1782 Sed
2272 1733 2518 1798 quamvis
2568 1735 2654 1788 ille
2697 1746 2888 1794 exerat
2934 1739 3045 1811 (97)
3094 1743 3283 1810 nequi-

1721 1819 1846 1871 tiam
1877 1819 2134 1887 propositi
2168 1822 2273 1887 sui,
2304 1824 2413 1878 Deo
2438 1825 2775 1894 justiﬁcante
2797 1839 2852 1884 et
2879 1831 3091 1888 delente
3139 1835 3281 1888 sicut

69 1889 270 1943 Ecclesia
317 1892 552 1946 tradidit
585 1891 780 1946 Filium
814 1895 1090 1963 proprium
1141 1895 1301 1950 Pater
1336 1912 1349 1948 :
1383 1907 1435 1951 et
1483 1895 1599 1951 ideo

1730 1913 1903 1967 urbem
1933 1915 2267 1984 iniquitatem
2315 1919 2607 1973 electorum
2659 1939 2882 1978 suorum
2911 1927 2977 1990 ¹¹,
3029 1937 3083 1981 et
3133 1930 3277 1984 sicut

64 1981 193 2032 etiam
236 1980 280 2035 si
334 1982 692 2037 minimorum
721 1984 956 2052 aliquem
992 1995 1046 2039 et
1079 1986 1413 2040 inﬁrmorum
1448 1987 1609 2040 lredat

63 2072 174 2137 quis,
223 2075 548 2142 percutiens
597 2075 713 2144 ejus
769 2076 1040 2129 inﬁrmam
1103 2078 1513 2144 conscientiam,
1553 2079 1604 2131 in

63 2163 304 2219 tLliristum
348 2182 584 2234 peccare
624 2169 840 2229 dicitur,
877 2168 1134 2236 quoniam
1187 2170 1402 2238 quidem
1444 2185 1604 2224 scan-

62 2257 225 2309 dalizat
252 2259 504 2312 animam
537 2276 633 2330 pro
663 2270 767 2330 qna
789 2261 1037 2314 Christus
1065 2273 1308 2316 mortuus
1334 2271 1438 2318 est.
1469 2261 1604 2329 Quia

62 2367 158 2417 ergo
184 2367 274 2419 pro
307 2353 574 2407 omnibus
614 2353 770 2406 nobis
805 2352 1027 2404 tradidit
1055 2349 1250 2405 Filinm
1287 2354 1604 2415 Pater,nul-

63 2442 122 2495 lus
147 2445 392 2508 omnino,
431 2459 501 2497 ne
533 2444 792 2496 minimus
829 2445 1046 2512 quidem
1080 2444 1170 2511 qui
1200 2453 1281 2497 est
1316 2445 1367 2498 in
1421 2445 1602 2501 Eccles

61 2533 137 2593 sia,
177 2533 613 2589 contemnendus
651 2543 768 2589 est:
804 2544 858 2590 et
898 2536 1018 2589 ideo
1061 2536 1321 2589 Dominus
1358 2535 1472 2605 ipse
1525 2539 1606 2591 di-

57 2625 182 2676 cebat
212 2643 226 2679 :
277 2643 296 2676 ι
338 2621 400 2678 Si
435 2626 560 2694 quis
600 2626 1051 2680 scandalizaverit
1082 2644 1244 2681 unum
1279 2644 1346 2682 ex
1389 2630 1602 2696 pusillis

58 2715 150 2770 istis
179 2719 448 2783 minimis,
487 2718 706 2786 expedit
733 2719 928 2773 molam
963 2718 1074 2789 (9|)
1101 2720 1392 2774 asinariam
1440 2722 1600 2790 ligari

55 2808 168 2860 circa
197 2807 400 2862 collum
437 2808 576 2876 ejus,
606 2815 658 2862 et
679 2808 1139 2878 prmcipitarienm
1171 2812 1221 2863 in
1245 2826 1415 2875 mare,
1440 2826 1599 2880 quam

56 2910 98 2952 ut
121 2901 455 2955 scandalizet
484 2917 646 2954 unum
668 2917 732 2956 ex
759 2903 842 2956 his
868 2901 930 2955 ".
963 2920 982 2952 ι
1029 2902 1168 2956 Deus
1196 2917 1344 2972 ergo,
1375 2904 1465 2974 qui
1503 2921 1600 2959 nos

53 2993 282 3055 pretiosos
339 2995 554 3062 proprii
606 2993 725 3048 Filii
775 3009 874 3062 pro
920 2995 1073 3049 nobis
1127 2995 1425 3063 pretiosum
1478 2995 1600 3049 fun-

54 3085 195 3136 dendo
232 3087 566 3154 sanguinem
618 3085 770 3148 fecit,
806 3103 824 3136 ι
861 3087 1133 3154 quomodo
1183 3101 1290 3140 non
1322 3101 1442 3140 cum
1480 3086 1597 3156 ipso

52 3176 196 3228 munia
227 3178 395 3230 nobis
428 3179 694 3232 donabit?
723 3199 741 3230 ι
781 3178 924 3233 Nihil
956 3188 1040 3232 est
1080 3179 1224 3234 enim
1264 3181 1380 3234 sive
1409 3179 1597 3234 visibi-

51 3267 117 3328 lis,
151 3259 261 3322 siv'e
287 3270 590 3323 invisibilis
622 3270 733 3340 (99.)
769 3281 1054 3335 creatura),
1083 3271 1224 3338 quod
1251 3270 1389 3325 Filio
1423 3271 1599 3340 possit

51 3358 292 3427 adazquari
323 3377 340 3413 :
375 3358 525 3413 nullo
561 3371 705 3414 enim
739 3370 897 3430 pacto
922 3361 1154 3414 creatori
1201 3377 1298 3415 suo
1346 3373 1596 3415 creatura

50 3459 192 3511 potest
213 3449 504 3512 conferri;
531 3461 585 3503 et
607 3449 651 3503 si
683 3460 901 3504 creator
921 3450 1036 3518 ipse
1064 3453 1294 3504 donatus
1317 3460 1398 3506 est
1418 3451 1595 3514 nobis,

49 3544 289 3605 quomodo
333 3557 446 3595 non
481 3558 601 3596 cum
639 3543 756 3612 ipso
787 3543 945 3596 nobis
975 3544 1151 3596 omnis
1190 3542 1302 3614 (95)
1345 3553 1595 3598 creatura

47 3630 345 3683 donabitur?
384 3629 645 3696 Quamvis
675 3645 857 3686 sermo
893 3631 980 3684 hic
1011 3631 1300 3701 dupliciter
1321 3634 1491 3701 possit
1514 3634 1599 3688 in-

49 3721 205 3790 lrlligi,
227 3724 280 3777 id
305 3734 418 3788 est,
445 3726 589 3792 quod
625 3741 643 3774 ι
671 3740 793 3778 cum
821 3723 909 3778 illo
936 3724 1092 3777 nobis
1113 3726 1294 3778 omnia
1320 3725 1592 3780 donabit.»

44 3808 151 3865 Nam
181 3825 230 3868 et
259 3815 372 3868 hoc
401 3825 580 3884 potest
609 3816 776 3869 videri
822 3816 962 3883 quod
993 3816 1039 3869 si
1076 3816 1370 3870 habeamus
1411 3817 1464 3870 in
1496 3832 1597 3870 no-

48 3906 108 3956 bis
134 3905 420 3960 Christum
468 3907 761 3960 secundum
806 3906 909 3961 hoc
941 3907 1084 3975 quod
1135 3906 1367 3963 Verbum
1410 3917 1466 3962 et
1506 3923 1595 3962 sa-

42 3998 240 4064 pientia,
276 4012 333 4052 et
361 3998 589 4060 veritas,
613 3998 915 4067 etjustitia,
944 4011 999 4055 et
1039 4016 1139 4070 pax
1167 4009 1272 4063 est,
1300 4009 1354 4053 et
1397 4011 1594 4054 caetera

43 4092 194 4144 omnia
223 4108 349 4161 quin
382 4094 450 4145 de
479 4107 542 4146 eo
575 4095 776 4162 scripta
802 4103 948 4157 sunt,
982 4109 1104 4148 cum
1131 4094 1231 4147 hac
1258 4094 1594 4162 plenitudine

41 4185 278 4238 virtutum
344 4187 504 4240 nobis
555 4187 735 4240 omnia
795 4186 1160 4251 donabuntur,
1212 4195 1273 4239 ut
1320 4185 1429 4254 jam
1487 4202 1592 4239 non

42 4286 180 4328 unum
204 4292 275 4329 ex
312 4277 578 4331 omnibus
602 4278 890 4341 creaturis,
920 4287 973 4330 et
1003 4291 1228 4346 parvum
1263 4286 1419 4330 terra:
1449 4276 1594 4330 hunc

40 4362 189 4419 locum
217 4383 387 4436 quem
414 4383 561 4422 nunc
584 4369 832 4421 videmur
863 4367 1131 4431 habitare,
1165 4366 1590 4438 teneamus(94),

41 4459 115 4509 sed
139 4461 322 4512 Omnia
349 4474 687 4527 qrrmcunque
711 4459 921 4512 creavit
943 4457 1082 4510 Deus
1113 4456 1346 4510 visibilia
1372 4466 1426 4510 et
1457 4458 1592 4511 invi-

1710 2003 1990 2070 caliginem
2027 2014 2246 2073 peccata
2297 2023 2525 2074 eorum,
2575 2022 2629 2065 et
2677 2028 2706 2065 a
2752 2014 3024 2082 prioribus
3067 2018 3277 2073 delictis

1707 2108 1802 2148 eos
1832 2097 2116 2150 dealbante
2147 2107 2204 2152 nt
2241 2099 2418 2152 nivem
2441 2142 2455 2163 ,
2496 2111 2550 2154 et
2605 2105 2745 2157 sicut
2775 2107 2948 2160 lanam
2994 2109 3276 2164 candidam

1709 2185 1939 2239 faciente
1969 2186 2208 2256 "(quid
2258 2191 2504 2258 proﬁciet
2556 2197 2876 2249 accusator?
2921 2198 3024 2251 Sed
3071 2211 3124 2254 et
3151 2215 3276 2254 cum

1708 2275 1961 2330 Christus
1985 2293 2082 2347 pro
2111 2281 2189 2334 eis
2222 2290 2466 2336 mortuus
2496 2283 2602 2348 sit,
2635 2285 2744 2340 imo
2771 2289 2950 2354 potius
2979 2305 3007 2342 a
3051 2295 3278 2348 mortuis

1711 2370 2068 2423 resurrexcrit
2092 2411 2107 2433 ,
2135 2381 2191 2426 et
2215 2383 2322 2426 stet
2352 2390 2381 2426 a
2412 2375 2618 2431 dextris
2648 2378 2822 2434 Patris
2841 2421 2856 2447 ,
2889 2391 2944 2435 et
2971 2382 3275 2451 interpellet

1707 2471 1807 2523 pro
1837 2456 1922 2510 his
1942 2497 1957 2519 ,
1989 2459 2110 2525 quis
2149 2474 2242 2513 eos
2269 2464 2468 2529 poterit
2499 2465 2904 2524 condemnare?
2932 2471 2990 2524 In
3035 2475 3275 2536 superio-

1709 2547 1860 2602 ribus
1896 2561 2117 2604 sanctus
2155 2569 2171 2600 ι
2201 2549 2436 2620 Spiritus
2495 2554 2824 2624 interpellat,
2859 2560 3027 2630 inquit
3051 2561 3118 2624 ”,
3180 2580 3276 2633 pro

1707 2639 1861 2694 nobis
1894 2641 2183 2709 gemitibus
2235 2644 2690 2701 inenarrabilibus
2717 2651 2804 2704 ’δε
2863 2672 2883 2703 ι
2931 2655 3015 2708 hic
3055 2675 3073 2707 ι
3111 2656 3273 2710 Chri-

1704 2739 1819 2784 stus
1871 2728 2026 2784 Jesus
2061 2733 2148 2799 qui
2187 2744 2434 2785 mortuus
2464 2745 2546 2788 est
2583 2747 2640 2790 et
2701 2743 3031 2808 resurrexit,
3073 2763 3092 2796 ι
3162 2745 3276 2814 ipse

1708 2836 1728 2868 ι
1767 2821 2072 2888 interpellat
2103 2837 2197 2889 pro
2237 2824 2389 2876 nobis
2423 2824 2488 2875 ’³.
2529 2843 2548 2875 ι
2591 2826 2728 2880 Deus
2757 2829 2846 2897 qni
2872 2831 3152 2899 preprium
3183 2831 3276 2888 Fi-

1703 2911 1830 2964 lium
1888 2911 2109 2965 tradidit
2160 2929 2257 2980 pro
2312 2914 2497 2980 nobis,
2561 2916 2674 2984 ipse
2715 2917 2976 2986 jusﬁlicat
3022 2922 3269 2978 electos:

1701 3001 1823 3068 quis
1854 3000 1955 3053 erit
1985 3001 2122 3054 ultra
2155 3003 2244 3070 qui
2304 3005 2502 3057 audeat
2549 3006 2909 3064 condemnare
2935 3011 2959 3062 ?
2986 3010 3092 3066 Sed
3146 3014 3270 3068 dili-

1701 3093 1911 3160 gentius
1959 3093 2175 3148 intuere
2222 3096 2494 3163 quomodo
2539 3096 2828 3164 Apostolus
2900 3117 3166 3171 nusquam
3216 3107 3268 3160 iu

1703 3181 2045 3235 sermonibus
2098 3181 2210 3236 suis
2251 3181 2319 3236 ab
2373 3182 2532 3236 insita
2579 3185 2678 3238 sibi
2739 3187 2947 3241 cautela
3006 3190 3266 3244 discedat.

1701 3270 1816 3325 Non
1857 3272 2036 3325 dixit:
2071 3289 2091 3323 ι
2127 3270 2261 3338 Quis
2308 3273 2588 3327 accusabit
2622 3291 2641 3324 ι
2689 3275 2970 3329 adversum
3027 3289 3267 3342 vocatos,

1699 3363 1790 3416 sed
1819 3381 1838 3412 ‹
1873 3363 2159 3417 adversum
2190 3363 2388 3418 electos
2415 3364 2438 3416 ?
2472 3383 2491 3415 ι
2538 3361 2648 3418 Nisi
2677 3366 2821 3420 enim
2850 3366 3019 3422 fueris
3043 3369 3263 3437 electus,

1701 3455 1804 3508 nisi
1841 3455 1894 3507 in
1924 3455 2174 3509 omnibus
2207 3465 2261 3508 te
2290 3455 2602 3510 exhibueris
2635 3457 2974 3525 probabilem
3012 3461 3140 3527 Deo,
3173 3463 3268 3516 ba-

1699 3544 1852 3599 bebis
1882 3555 2274 3600 accusatorem.
2321 3544 2378 3598 Si
2430 3546 2577 3600 enim
2618 3562 2780 3602 causa
2829 3558 2918 3604 tua
2962 3550 3109 3605 mala
3162 3563 3267 3615 est,

1698 3637 1742 3690 si
1773 3645 1824 3690 te
1853 3636 2056 3689 crimen
2088 3646 2235 3690 tuum
2270 3639 2560 3708 astringit,
2593 3640 2722 3709 quid
2757 3640 2853 3694 tibi
2897 3641 3141 3710 proderit
3173 3643 3267 3696 ad-

1699 3737 1951 3788 vocatus,
1995 3726 2205 3780 etiamsi
2250 3723 2409 3781 Jesus
2451 3727 2521 3781 sit
2566 3729 2658 3796 qui
2707 3729 3055 3800 interpellat?
3105 3729 3264 3787 Jesus

1697 3818 1841 3870 enim
1872 3817 2071 3869 veritas
2098 3826 2183 3870 est
2212 3815 2298 3868 ἐς
2330 3831 2437 3870 non
2470 3827 2650 3884 potest
2676 3833 2806 3886 ergo
2839 3835 2934 3889 pro
2979 3831 3030 3874 te
3062 3823 3265 3876 veritas

1698 3905 1904 3960 fallere.
1940 3903 1994 3957 In
2027 3907 2127 3958 hoc
2161 3906 2253 3959 tibi
2301 3906 2654 3977 opitulabitur
2690 3908 2802 3979 (98)
2833 3913 3151 3978 advocatus,
3189 3927 3260 3965 ne

1698 3998 2035 4052 accusatoris
2077 3997 2360 4052 calumniis
2413 3998 2707 4053 involvaris
2727 4037 2744 4066 ,
2775 4016 2841 4055 ne
2872 4001 2964 4055 tibi
2991 3999 3262 4070 praeterita

1698 4101 1942 4161 peccata,
1974 4105 2092 4158 quae
2121 4106 2216 4158 per
2239 4090 2568 4158 baptismum
2596 4092 2769 4146 deleta
2800 4104 2961 4160 sunt,
2992 4095 3262 4164 imputen-

1698 4198 1804 4239 tnr.
1837 4183 1893 4236 Si
1927 4197 2055 4236 vero
2082 4192 2202 4251 post
2239 4185 2353 4236 haec
2388 4183 2583 4236 iterum
2636 4183 2953 4254 delinquas,
2988 4201 3087 4240 nec
3137 4187 3262 4240 ullis

1697 4277 1812 4329 haec
1857 4274 2192 4342 paenitentiae
2245 4274 2495 4344 lacrymis
2549 4273 2758 4340 diluas,
2811 4277 3117 4331 accusatori
3173 4288 3262 4332 tuo

1696 4367 2018 4422 criminandi
2059 4378 2108 4419 te
2146 4367 2429 4418 materiam
2481 4365 2680 4422 dabis:
2709 4378 2764 4421 et
2805 4369 3055 4436 quamvis
3107 4368 3263 4423 Jesus

1695 4460 1998 4528 interpellet
2029 4475 2125 4528 pro
2159 4461 2337 4524 nobis,
2366 4467 2477 4513 non
2510 4470 2689 4530 potest
2726 4469 2904 4514 tamen
2937 4461 3046 4530 (99)
3079 4463 3260 4516 dicere

39 4547 217 4615 sibilia,
255 4552 472 4606 occulta
501 4562 556 4604 et
593 4549 898 4612 manifesta,
931 4548 1251 4617 temporalia
1289 4559 1345 4603 et
1385 4557 1586 4603 aeterna
1621 4575 1668 4630 ο
1696 4553 1851 4609 Jesus
1881 4552 2134 4608 tenebras
2155 4552 2329 4606 lucem
2355 4567 2495 4615 esse,
2529 4567 2704 4621 neque
2733 4569 2978 4606 amarum
3007 4553 3164 4607 dulce
3190 4555 3258 4607 ".

40 4656 137 4693 cum
171 4646 396 4698 Christo
449 4645 657 4711 pariter
722 4641 1033 4694 habeamus.
1075 4639 1261 4693 Potest
1311 4649 1486 4692 autem
1538 4652 1591 4695 et

36 4731 123 4787 alio
161 4736 326 4788 modo
367 4738 447 4790 sic
486 4734 706 4802 intelligi
735 4733 877 4802 quod
909 4733 1082 4787 dixit:
1130 4749 1149 4781 ι
1179 4731 1312 4784 Cum
1341 4733 1456 4800 ipso
1477 4749 1589 4787 om-

91 4827 130 4857 ¹⁸
159 4826 356 4880 Matth.
388 4844 440 4894 ς,
471 4828 560 4881 ἳΙ.
638 4828 680 4857 ³⁸
704 4825 897 4894 Philip.
923 4841 980 4886 ll,
1011 4825 1064 4890 6,
1101 4824 1154 4878 7.

39 4897 192 4953 n.22.
271 4899 318 4929 ¹⁰
348 4897 504 4950 Joan.
529 4913 642 4961 xrv,
665 4896 756 4950 50.
791 4949 794 4952 ,
851 4897 913 4927 ·¹¹
946 4896 1069 4948 lsai.
1101 4910 1248 4955 xuv,
1285 4896 1374 4948 ‘22.

34 4968 70 4994 “
87 4965 240 5022 Joan.
268 4983 379 5031 ιιν,
403 4969 456 5021 6.
531 4969 575 4999 ’τ
600 4967 724 5021 lsai.
747 4981 799 5026 v,
823 4964 912 5018 20.
985 4966 1029 4995 ³⁸
1051 4965 1193 5019 Psal.
1219 4982 1269 5027 1.,
1293 4965 1348 5019 6.

93 5060 199 5127 (89)
238 5060 400 5124 Editi,
444 5079 461 5110 ι
504 5069 553 5112 et
589 5058 729 5111 viam
765 5056 1183 5112 resurrectionis
1219 5073 1245 5107 a
1280 5058 1528 5116 mortuis.
1561 5077 1577 5108 ι

30 5137 120 5180 etc.
141 5131 244 5183 Ms.
264 5147 421 5196 unus,
459 5149 477 5180 ι
506 5144 656 5198 spem
677 5129 836 5182 etiam
865 5127 1276 5181 resurrectionis
1302 5129 1579 5190 mortuis,»

32 5207 119 5250 ειε.

94 5268 204 5338 (90)
245 5267 311 5320 Et
336 5286 426 5347 pro
453 5268 708 5347 omnibus.
729 5265 854 5321 Haec
878 5265 1046 5347 verba.
1069 5265 1264 5320 desunt
1301 5267 1353 5320 in
1383 5266 1583 5347 pleris-

30 5353 121 5396 que
153 5335 294 5394 mss.
323 5350 374 5392 et
400 5340 452 5390 in
478 5339 656 5400 editis,
694 5349 748 5391 et
790 5339 928 5405 apud
953 5335 1264 5403 ltabauum;
1300 5335 1401 5390 sed
1429 5337 1586 5389 resti-

35 5415 257 5459 tuuntur
291 5412 352 5460 ab
386 5423 491 5460 uno
523 5423 624 5460 tus.
666 5406 851 5475 Regio.

93 5478 202 5557 (βλ)
243 5477 402 5557 ﬁdit.
437 5496 455 5527 ε
496 5475 1045 5557 ιιμεὲῐξιεεθιιηοιεπητ
1083 5483 1235 5557 ista
1321 5546 1332 5557 .
1452 5546 1464 5557 .
1547 5546 1558 5557 .

93 5548 202 5615 (9‘).)
250 5548 409 5611 Editi,
455 5564 474 5597 ι
504 5547 669 5600 dedit.
707 5546 851 5601 Nihil
879 5559 961 5599 est
999 5546 1246 5611 visibilis,
1290 5546 1404 5600 sive
1450 5546 1589 5601 invi-

31 5615 217 5680 sibilis,
251 5636 272 5667 )
310 5627 413 5670 etc.

91 5687 204 5756 (95)
258 5686 456 5740 Omnis.
490 5687 766 5740 Omittitnr
813 5688 865 5739 in
901 5697 1054 5740 antea
1091 5685 1271 5742 editis.

91 5755 204 5825 (95)
252 5756 411 5819 Editi,
452 5776 470 5806 ι
516 5767 572 5809 ut
614 5759 722 5825 jam
764 5773 868 5809 non
918 5773 966 5810 ιιι
1023 5773 1184 5809 ιιιιιιιιι
1227 5772 1293 5811 ex
1335 5755 1586 5810 omnibus

30 5826 317 5887 ereaturis,
349 5836 401 5878 et
433 5842 654 5894 parvum
685 5840 839 5879 terra:
872 5829 1017 5881 hunc
1049 5826 1222 5882 locum
1263 5843 1422 5898 quem
1474 5841 1580 5881 non

220 5919 494 5981 PtTaOL.
537 5917 651 5979 Gn.
699 5919 864 5979 XIV.

1232 4824 1487 4878 "Matth:
1515 4844 1662 4890 XVIH,
1698 4830 1765 4894 6;
1830 4828 1960 4883 Luc.
1994 4842 2126 4892 xvu,
2159 4826 2210 4880 2.
2283 4827 2323 4856 ¹³¹
2367 4827 2520 4880 Rom.
2553 4844 2673 4888 vm,
2703 4829 2790 4893 55,
2820 4828 2906 4880 54.

1234 4935 1248 4952 .
1285 4896 1374 4948 ‘22.
1479 4898 1525 4928 ³³
1558 4897 1683 4952 lsai.
1713 4915 1749 4952 ι.
1797 4898 1884 4952 18.
1961 4896 2008 4928 ³⁸
2035 4897 2191 4950 Rom.
2216 4913 2332 4952 vm.
2388 4897 2474 4950 ‘26.
2554 4899 2601 4929 ”
2627 4899 2758 4951 ibid.
2783 4898 2872 4951 54.

1585 4916 1683 4952 sai.
1713 4915 1749 4964 ι,
1797 4915 1884 4952 ιδ.

1700 4643 1756 4697 Si
1788 4659 1915 4713 ergo
1939 4644 2018 4696 vis
2037 4644 2252 4696 vincere
2273 4658 2392 4696 cum
2421 4643 2681 4709 judicaris
2706 4644 2752 4675 "
2786 4644 2883 4714 (1),
2918 4644 3000 4696 fac
3026 4647 3166 4713 quod
3193 4644 3261 4698 de

1692 4734 1837 4802 justo
1864 4734 2126 4801 scriptum
2152 4742 2235 4786 est
2271 4751 2285 4786 :
2323 4751 2342 4783 ι
2382 4733 2614 4804 Dispone
2643 4750 2923 4790 sermones
2960 4744 3077 4788 tuos
3102 4733 3154 4786 in
3179 4733 3261 4800 ju-

2987 4827 3027 4858 ¹⁹
3067 4827 3081 4878 Ι
3109 4825 3255 4880 Petr.

1961 4896 2008 4928 ³⁸
2035 4897 2191 4950 Rom.
2216 4913 2332 4960 vm,
2388 4897 2474 4950 ‘26.
2554 4899 2601 4929 ”
2627 4899 2758 4951 ibid.
2783 4898 2872 4951 54.
2946 4898 2992 4928 ³⁵
3013 4897 3141 4950 ibid.
3164 4897 3252 4950 52.

1693 5057 1958 5115 videmus,
1988 5052 2234 5106 habitare
2266 5053 2570 5104 timeamus.
2606 5069 2623 5100 ι

1765 5125 1877 5195 (95)
1930 5127 2019 5176 Sic
2066 5138 2194 5175 mss.
2249 5123 2514 5200 plerique,
2561 5121 2830 5200 lulianus
2859 5131 2916 5200 et
2957 5120 3111 5200 editi.
3157 5121 3255 5178 Ms.

1695 5189 1870 5250 tamen
1927 5208 2090 5253 unus,
2155 5211 2174 5241 ι
2251 5190 2437 5242 Nullus
2488 5191 2630 5243 enim
2658 5200 2741 5244 est
2784 5189 2990 5244 electus
3031 5190 3109 5243 ita
3145 5205 3262 5244 ma-

1691 5281 1850 5340 8""§:
1880 5275 2039 5340 ’-ἔῖἓοῖ
2186 5329 2197 5340 .
2235 5329 2247 5340 .
2459 5329 2470 5340 .
2790 5329 2800 5340 .
2849 5328 2879 5340 ..

1763 5335 1874 5404 (96)
1902 5332 2058 5404 Editi,
2096 5349 2114 5381 ‹
2147 5329 2248 5383 nisi
2280 5329 2363 5380 ille
2395 5329 2544 5404 solus
2579 5367 2593 5381 .
2621 5365 2638 5382 .
2663 5366 2679 5380 .
2712 5329 2800 5397 qui
2831 5328 3046 5404 dicebat
3067 5327 3253 5404 haec,»

1696 5398 1800 5458 etc.
1844 5403 2046 5455 Deinde
2075 5415 2175 5453 ms.
2206 5414 2366 5462 unus,
2400 5416 2418 5448 ι
2453 5407 2508 5452 et
2535 5400 2586 5452 in
2618 5413 2701 5453 me
2731 5413 2835 5452 non
2868 5398 3071 5452 invenit
3099 5401 3260 5469 quid-

1694 5490 1878 5611 ψιῗξῖῗ)
1908 5489 2124 5593 ﬁxerat.
2157 5535 2553 5611 Genebrardiis,
2595 5555 2614 5588 ι
2649 5545 2925 5611 exerceat,
2960 5555 2979 5590 ι
3018 5537 3182 5592 male.

1765 5600 1877 5682 (98)
1912 5612 2001 5682 Sic
2026 5623 2214 5682 oiirnes
2236 5622 2365 5660 mss.
2394 5619 2447 5659 et
2480 5600 2757 5664 Rabanus.
2790 5608 2929 5661 Editi
2960 5624 3111 5675 vero,
3149 5625 3170 5659 ς
3197 5605 3255 5661 In

1693 5677 1801 5753 quo
1831 5677 2327 5753 tibi_0pitnlahitu_r_,
2369 5695 2388 5727 ι
2427 5687 2536 5732 etc.

1763 5751 1876 5819 (99)
1915 5747 2128 5819 Tamen.
2163 5747 2512 5819 Desideratur
2546 5749 2600 5804 in
2626 5748 2809 5806 editis.

1763 5816 2036 5892 (l)'l:1diti,
2064 5834 2083 5868 ι
2122 5817 2262 5886 quod
2287 5816 2566 5886 judicaris.
2607 5838 2627 5872 ι

2904 5907 2979 5967 36
