3768 6544
55 457 168 511 H35

953 460 1308 517 COMMENT.
1351 460 1416 513 ΙΝ
1454 458 1673 514 EPIST.
1710 460 1800 514 AD
1840 461 2004 519 ROM.
2048 461 2175 517 LIB.
2220 460 2331 517 VII.

3134 464 3274 517 HM

109 576 190 631 l2.
218 594 237 628 σ
264 578 511 636 Conlido
534 581 678 636 enim
705 583 827 650 quia
850 596 1025 651 neque
1066 600 1230 647 mors,
1262 599 1436 653 neque
1476 584 1606 647 vita,
1637 585 1683 643 Α
1714 582 2056 652 hyperbolice
2080 586 2193 638 hrec
2214 581 2533 652 .Apostolum
2567 581 2764 642 dicere,
2796 581 2895 635 hoc
2917 588 3022 641 est.
3055 586 3159 636 non
3188 598 3279 636 so-

52 684 207 737 neque
233 671 456 739 angeli,
486 686 667 742 neque
692 672 1033 746 principatus
1054 713 1068 736 ,
1099 690 1273 742 neque
1296 675 1606 743 praesentia,

51 776 207 829 neque
229 762 448 829 l'utnra,
479 779 653 834 neque
679 765 929 829 virtutes,
954 780 1126 834 neque
1153 764 1404 832 altitudo,
1430 781 1608 834 neque

51 855 360 924 profundum
385 898 402 921 ,
443 873 620 927 neque
648 867 896 914 creatura
926 858 1031 911 alia
1071 858 1290 928 poterit‘
1313 873 1409 913 nos
1445 873 1605 926 sepa-

52 958 157 996 rare
186 957 215 995 a
236 944 517 1000 charitate
560 947 691 1011 Dei,
720 962 838 1016 quzr
869 956 954 1001 est
1002 946 1056 1000 in
1085 946 1304 1002 Christo
1341 944 1467 1002 Jesu
1498 948 1604 1001 Do-

51 1035 180 1087 mino
214 1044 408 1089 nostro
454 1036 521 1092 ⁸⁸.
553 1055 575 1090 ι
627 1039 771 1092 Duos
799 1038 1018 1093 videtur
1053 1039 1274 1094 ordines
1316 1038 1606 1108 Apostolus

48 1127 335 1181 ostendisse
365 1143 560 1182 eorum
587 1146 706 1199 quae
730 1130 1040 1187 hominibus
1065 1133 1389 1186 tentationes
1426 1136 1602 1188 susci-

48 1227 149 1273 tare
170 1231 596 1276 consueverunt.
639 1223 705 1276 Et
730 1225 781 1277 in
817 1224 900 1278 his
935 1225 1153 1293 quidem
1180 1239 1299 1293 quae
1323 1226 1473 1295 prius
1496 1227 1604 1279 dis-

49 1310 322 1373 seruimus,
355 1312 719 1368 humanarum
752 1316 1107 1370 tentationum
1136 1316 1453 1389 intelligitur
1469 1320 1602 1373 ordo

47 1403 338 1471 descriptus
367 1419 382 1456 :
416 1406 486 1460 de
515 1406 712 1474 quibus
733 1406 898 1460 etiam
927 1406 1225 1462 Corinthiis
1254 1409 1492 1472 dicebat,
1518 1420 1603 1463 ut-

51 1506 158 1561 p0te
183 1497 273 1565 qui
303 1496 515 1565 majora
543 1498 689 1553 ferre
726 1507 832 1553 no‘n
855 1508 1108 1569 poterant
1134 1519 1148 1555 :
1186 1520 1206 1553 ι
1232 1502 1479 1558 Tetttatio
1508 1518 1600 1557 vos

47 1600 136 1639 non
149 1590 544 1656 apprehendat,
558 1591 662 1646 nisi
680 1592 933 1648 humana:
954 1594 1312 1650 lidelisautem
1334 1595 1493 1663 Deus,
1507 1597 1599 1666 qui

44 1692 133 1730 non
159 1680 442 1747 permittet
461 1696 564 1737 vos
588 1687 782 1739 tentari
810 1691 971 1754 supra
994 1686 1046 1740 id
1067 1688 1208 1755 quod
1232 1689 1452 1755 potestis
1478 1688 1544 1741 δ’.
1574 1707 1593 1739 ι

48 1770 188 1824 Nunc
207 1786 342 1826 vero
369 1773 422 1826 in
451 1774 537 1829 his
567 1772 909 1831 sermonibus
928 1793 1065 1848 quos
1085 1777 1344 1835 habemus
1385 1782 1438 1835 in
1472 1797 1598 1835 ema-

44 1861 211 1927 nibus,
249 1877 358 1916 non
396 1863 667 1920 humanas
700 1868 1025 1923 tentationes
1050 1868 1271 1933 indicat,
1307 1872 1401 1925 sed
1430 1873 1598 1942 majo-

1710 668 1816 722 lunt
1865 687 1960 741 per
2005 689 2068 727 ea
2099 689 2219 742 qua:
2249 672 2495 727 accidere
2535 671 2911 739 possunt,sed
2954 686 3021 724 tte
3067 687 3164 740 per
3211 689 3272 726 ea

1708 763 1926 831 quidem
1969 780 2089 833 qua:
2108 765 2324 818 evenire
2345 747 2563 817 omnino
2582 777 2686 815 non
2708 770 2951 831 possunt,
2982 762 3088 816 ullo
3116 774 3275 832 pacto
3321 747 3339 769 ’

1707 869 1738 908 a
1774 853 1865 909 Dei
1893 855 2159 911 charitate
2186 854 2525 910 deﬂectitnur
2551 873 2564 908 :
2603 855 2750 909 verbi
2785 870 2976 919 causa,
3006 863 3065 908 ut
3094 855 3139 911 si
3168 857 3273 911 alia

1706 947 1863 1003 nobis
1879 948 2098 1003 daretur
2120 949 2246 1012 vita,
2267 964 2427 1018 quam
2452 950 2566 1003 haec
2582 962 2700 1016 quae
2717 962 2746 1000 a
2772 948 2879 1002 Deo
2906 949 3031 1002 data
3054 958 3156 1008 est,
3180 958 3275 1004 aut

1704 1038 1750 1091 si
1776 1038 2073 1094 futurorum
2100 1055 2222 1108 Spes
2243 1041 2347 1093 alia
2388 1039 2545 1094 nobis
2578 1039 3012 1108 promitteretur,
3041 1039 3125 1094 vel
3147 1040 3275 1103 alti-

1705 1132 1834 1183 tudo
1853 1172 1867 1194 ,
1898 1131 1979 1185 vel
2005 1132 2170 1185 etiam
2198 1141 2448 1185 creatura
2486 1131 2591 1184 alia
2626 1146 2787 1199 quam
2807 1143 2889 1185 est
2914 1131 3001 1183 illa
3026 1146 3147 1200 qua).
3172 1147 3273 1202 pro

1701 1219 1866 1289 609
1880 1221 2032 1275 nobis
2047 1221 2399 1291 congentiscit
2425 1231 2479 1275 et
2499 1221 2816 1287 condolcl",
2843 1222 2984 1290 quod
3030 1222 3146 1278 ﬁeri
3173 1223 3275 1279 uti-

1703 1325 1807 1379 que
1829 1327 1931 1365 non
1954 1322 2150 1381 potest,
2171 1326 2237 1365 ne
2259 1311 2369 1367 haec
2394 1312 2609 1379 quidem
2635 1326 2664 1364 a
2697 1312 2966 1367 charitate
2993 1312 3082 1367 Dei
3111 1328 3271 1382 sepa-

1704 1416 1827 1455 rare
1844 1418 1938 1456 nos
1959 1412 2199 1472 possent.
2228 1402 2322 1457 Est
2341 1418 2470 1473 ergo
2497 1403 2587 1457 hic
2610 1418 2746 1457 unus
2769 1405 3123 1473 expositionis
3141 1421 3269 1472 mo-

1702 1492 2311 1555 dus.Videamustamen
2332 1512 2399 1550 ne
2423 1495 2558 1550 forte
2575 1496 2919 1565 possitetiam
2934 1497 3039 1570 iste
3055 1497 3270 1551 intelle-

1700 1594 1821 1638 ctus
1853 1585 2082 1639 admitti.
2114 1604 2133 1637 ι
2155 1586 2298 1642 Mors
2322 1606 2340 1637 ι
2372 1603 2534 1656 quam
2563 1587 2651 1640 hic
2678 1586 2810 1642 dicit
2840 1586 2974 1658 (16),
3007 1587 3096 1643 ille
3121 1588 3267 1643 acci-

1702 1675 1928 1744 piendus
1988 1685 2074 1731 est
2135 1692 2296 1745 quem
2354 1693 2514 1746 supra
2574 1677 2923 1748 exposuimus
2984 1680 3264 1734 inimicum

1698 1768 1899 1826 Christi
1930 1771 2312 1824 destruendum
2344 1770 2694 1824 notissimum
2720 1770 2826 1823 dici
2854 1770 2922 1824 ⁸².
2948 1770 3048 1838 Qui
3081 1772 3267 1840 utique

1699 1861 1980 1929 propterea
2019 1876 2165 1916 mors
2202 1862 2419 1925 dicitur,
2456 1862 2583 1929 quia
2619 1861 2759 1915 sicut
2791 1861 2906 1916 haec
2953 1863 3263 1917 communis

43 1968 117 2007 res
145 1955 419 2010 humanis.
460 1957 528 2010 Et
546 1957 666 2012 ideo
711 1968 841 2028 puto
888 1959 1030 2027 quod
1070 1959 1125 2012 in
1153 1959 1428 2028 prioribus
1467 1935 1591 2017 cum
1624 1935 1668 1989 Β
1698 1966 1844 2005 mors
1873 1951 2109 2005 animant
2134 1960 2353 2020 separat
2382 1968 2410 2003 ιι
2448 1965 2697 2019 c0rpore,
2729 1951 2800 2003 ita
2830 1960 2885 2013 et
2917 1951 3005 2004 ille
3034 1960 3262 2006 conten-

41 2057 397 2102 enumerasset
441 2047 655 2118 singula
701 2065 962 2120 quaeque,
1007 2052 1074 2107 ad
1117 2054 1373 2109 ultimum
1411 2057 1591 2111 dicit:

45 2151 62 2184 ι
94 2134 196 2188 Sed
229 2137 285 2189 in
317 2138 407 2192 his
433 2140 691 2194 omnibus
713 2156 1052 2211 superamus.
1084 2161 1103 2195 ι
1141 2143 1198 2198 ln
1231 2146 1316 2200 bis
1349 2161 1481 2203 vero
1508 2162 1595 2204 se-

44 2228 184 2280 eundi
204 2228 418 2283 ordinis
451 2230 843 2287 tentationibus
883 2248 989 2303 non
1021 2235 1105 2289 .ita
1149 2236 1487 2293 confidenter
1510 2240 1594 2295 di-

42 2320 128 2382 cit,
183 2337 203 2371 ι
231 2320 579 2390 Superamus
599 2359 616 2384 ,
648 2339 667 2373 ι
727 2325 821 2379 sed
870 2324 1021 2380 valde
1051 2329 1287 2382 tenuiter
1315 2330 1409 2397 ait,
1463 2332 1591 2401 quia

43 2409 161 2463 nihil
185 2410 378 2465 horum
410 2430 431 2463 ι
456 2413 660 2481 poterit
688 2428 790 2469 nos
829 2429 1084 2483 separare
1119 2432 1147 2471 a
1187 2420 1450 2476 charitate
1475 2422 1609 2488 Dei,’

41 2517 143 2569 qua:
166 2513 246 2557 est
276 2504 328 2556 in
355 2504 584 2559 Christo
608 2503 756 2561 Jesn.
796 2525 817 2559 ι
855 2507 928 2561 De
959 2508 1210 2564 humanis
1229 2510 1382 2565 enim
1420 2521 1592 2567 tenta-

41 2595 259 2650 tiouibus
291 2606 564 2665 tanquam
598 2598 781 2667 parvis
808 2607 864 2652 et
894 2598 1096 2655 levibus
1126 2601 1465 2658 conﬁdenter
1491 2620 1589 2661 nos

38 2703 118 2741 eas
155 2700 415 2757 superare
449 2692 766 2758 pronuntiat
800 2709 815 2745 :
846 2691 965 2746 illas
992 2707 1122 2747 vero
1155 2695 1463 2765 superiores
1485 2736 1501 2760 ,
1533 2707 1589 2752 et

40 2779 137 2845 plus
162 2796 319 2849 quam
354 2781 898 2846 humanas,.etiamsi
948 2798 1208 2854 superare
1253 2795 1308 2841 et
1347 2796 1589 2855 proster-

38 2885 145 2925 nere
169 2887 271 2925 non
294 2871 551 2925 valemus
576 2873 701 2940 (hoc
729 2872 868 2927 enim
900 2874 1066 2929 solius
1091 2875 1295 2930 Christi
1320 2891 1456 2946 opus
1480 2888 1583 2944 est,

37 2962 111 3027 qui
148 2964 339 3016 «exuit
379 2963 727 3032 principatus
768 2974 823 3019 et
866 2975 1193 3034 potestates,
1241 2969 1587 3038 triumphans

38 3067 111 3105 cas
140 3053 186 3105 in
211 3055 524 3122 semetipso
553 3052 644 3123 I"'),
671 3071 689 3104 ι
719 3062 898 3109 tamen
921 3063 975 3108 et
1001 3056 1104 3110 hoc
1128 3056 1181 3110 in
1206 3056 1446 3113 victoria:
1467 3059 1587 3116 loco

36 3154 101 3197 est
118 3144 246 3215 (12),
273 3147 322 3199 si
353 3160 487 3199 cum
511 3159 699 3199 omnes
731 3145 785 3199 in
828 3160 926 3201 nos
970 3145 1431 3219 impugnationum
1469 3165 1586 3206 sua-

36 3253 130 3291 nm
154 3240 451 3294 machinas
482 3240 776 3302 torserint,
801 3254 830 3292 a
855 3238 1123 3295 charitate
1158 3249 1339 3297 tamen
1367 3243 1460 3300 Dei
1484 3259 1585 3300 nos
1611 3270 1657 3331 ο

36 3343 261 3397 separare
305 3344 420 3383 non
465 3328 704 3383 valeant.
754 3330 858 3384 Sed
899 3328 1010 3396 iam
1051 3338 1319 3386 tentemus
1375 3332 1586 3402 singula

35 3423 301 3486 discutere,
327 3432 387 3477 et
426 3422 563 3490 quid
601 3424 667 3476 de
709 3436 1040 3494 unoquoque
1064 3437 1315 3480 sermone
1340 3424 1583 3494 Apostoli

35 3517 352 3571 sentiendum
392 3517 468 3570 sit
490 3531 589 3587 pro
611 3519 815 3575 viribus
838 3521 1072 3589 aperire.
1098 3521 1356 3589 Quamvis
1386 3523 1583 3578 altiora

34 3606 78 3656 in
107 3607 185 3661 his
217 3609 537 3676 contegisse
564 3609 811 3664 videatur
838 3611 1131 3680 Apostolus
1150 3650 1166 3675 ,
1210 3628 1373 3683 quam
1410 3628 1582 3683 expo-

31 3696 215 3751 sitionis
238 3706 449 3752 nostra:
475 3695 618 3750 ferre
634 3698 863 3753 sulliciat
887 3700 1086 3764 virtus,
1112 3701 1195 3754 vel
1228 3701 1367 3757 ratio
1404 3703 1583 3759 brevi-

35 3786 138 3840 latis
179 3791 437 3842 admittat
482 3787 636 3857 (l3);
692 3791 1028 3858 requiramus
1078 3801 1257 3847 tamen
1307 3792 1352 3847 si
1396 3794 1581 3848 omnia

14 3881 116 3953 ista
137 3898 253 3951 qua:
273 3884 623 3939 enumeravit
640 3884 947 3953 Apostolus,
971 3901 1036 3942 an
1058 3888 1303 3956 quaedam
1333 3902 1400 3943 ex
1427 3888 1577 3958 ipsis,

32 3974 116 4027 hoc
145 3977 308 4031 studii
334 3977 424 4031 vel
461 3976 778 4033 intentionis
804 3987 1034 4047 gerunt,
1071 3988 1129 4032 ut
1157 3979 1423 4035 humanas
1464 3980 1578 4050 (14)

30 4068 213 4123 animas
271 4085 302 4124 a
353 4069 629 4124 charitate
674 4069 770 4124 Del
820 4082 1079 4140 separare
1118 4055 1476 4135 contendant,
1523 4081 1580 4126 et

27 4169 288 4226 propterea
312 4160 614 4215 moliantur
635 4160 689 4214 in
713 4174 812 4214 nos
829 4167 1022 4215 cuncta
1040 4173 1160 4229 quae
1181 4161 1419 4229 patimur
1440 4160 1576 4232 (15).

31 4244 225 4304 Videtur
245 4251 398 4304 enim
429 4265 593 4321 posse
616 4251 831 4320 quidem
885 4251 989 4304 hoc
1012 4264 1199 4318 agere,
1227 4259 1282 4303 ut
1325 4265 1355 4304 a
1398 4251 1580 4305 chari-

28 4349 122 4394 tale
151 4342 246 4396 Dei
283 4356 648 4412 separemur,
692 4356 838 4396 mors
872 4339 1156 4404 fortassis,
1180 4354 1238 4394 et
1284 4341 1462 4411 angeli
1484 4381 1499 4407 ,
1524 4350 1579 4397 et

25 4431 343 4503 principatus
361 4472 379 4496 ,
404 4442 461 4487 et
485 4433 713 4486 virtutes
740 4433 1093 4487 adversantes
1135 4432 1295 4487 nobis
1319 4432 1437 4486 sine
1480 4433 1578 4487 du-

26 4521 121 4585 bio,
141 4532 189 4577 et
219 4523 513 4594 praesentia
538 4538 656 4593 qua:
681 4530 808 4577 sunt
830 4521 1016 4591 utique
1043 4521 1248 4576 lubrica
1270 4531 1325 4576 et
1348 4522 1569 4578 caduca.

1695 2044 1775 2100 dit
1802 2046 2035 2099 animam
2060 2060 2318 2114 separare
2350 2060 2379 2098 a
2411 2044 2674 2098 charitate
2704 2043 2828 2097 Dei:
2851 2053 2905 2098 et
2939 2044 3052 2098 ltrrc
3076 2045 3264 2113 utique

1693 2146 1775 2190 est
1808 2137 2002 2192 animae
2036 2151 2204 2190 mors.
2250 2134 2437 2191 Potest
2468 2152 2600 2204 ergo
2633 2137 2747 2190 fieri
2785 2145 2841 2190 ut
2884 2136 2955 2191 sit
2982 2146 3037 2190 et
3073 2136 3255 2205 aliqua

1695 2231 1806 2282 vita
1854 2231 1919 2283 de
1967 2240 2119 2298 parte
2150 2228 2316 2288 illius,
2353 2244 2472 2297 qua:
2517 2243 2639 2283 cum
2689 2229 2805 2297 ipso
2841 2230 2953 2298 agit
2990 2237 3047 2281 ut
3093 2245 3190 2299 nos
3226 2243 3255 2281 a

1692 2320 1963 2374 charitate
1994 2329 2208 2388 separet
2255 2320 2390 2374 Dei:
2422 2335 2540 2389 qua:
2590 2321 2700 2374 vita
2752 2331 2836 2375 est
2880 2320 3109 2390 peccati.
3134 2318 3258 2372 'Nisi

1692 2413 1835 2466 enim
1870 2411 2009 2465 mala
2046 2421 2192 2466 esset
2232 2412 2350 2466 haec
2393 2412 2525 2474 vita,
2560 2426 2830 2480 nunquam
2877 2427 2974 2465 nos
3007 2411 3262 2465 suaderet

1691 2504 1985 2568 Apostolus
2004 2512 2062 2557 ut
2084 2517 2419 2557 moreremur
2438 2512 2686 2571 peccato,
2707 2511 2761 2555 et
2783 2502 2834 2555 in
2863 2509 3035 2555 morte
3057 2500 3259 2555 Christi

1691 2592 2115 2661 haptizaremur,
2152 2600 2209 2646 et
2246 2590 2718 2659 consepeliremur
2747 2590 2794 2643 ei
2818 2588 2885 2641 ³³.
2914 2588 3098 2643 Potest
3129 2603 3262 2654 ergo

1691 2682 1808 2736 ﬁeri
1838 2691 1897 2735 ut
1927 2682 2043 2735 haec
2067 2680 2179 2734 vita
2212 2680 2419 2748 peccati
2446 2680 2536 2741 sit,
2566 2692 2685 2747 quae
2714 2692 2811 2732 nos
2834 2677 2982 2745 cupit
3007 2691 3262 2742 separare

1688 2789 1718 2828 a
1749 2773 2014 2827 charitate
2067 2770 2180 2826 Dei.
2220 2771 2334 2841 Ego
2378 2779 2553 2825 autem
2588 2780 2718 2839 puto
2763 2769 2904 2837 quod
2955 2776 3009 2821 et
3047 2766 3256 2835 singula

1689 2880 1916 2934 quaeque
1945 2872 2165 2933 peccata
2199 2863 2432 2917 habeant
2460 2861 2694 2929 aliquam
2727 2859 2893 2912 vitam
2926 2873 3077 2911 suam
3111 2857 3254 2910 intra

1688 2970 1829 3010 nos:
1860 2970 1984 3009 nam
2019 2954 2444 3023 unumquodque
2491 2951 2680 3005 vitium
2730 2948 2839 3001 vita
2885 2946 3094 3017 peccati
3149 2957 3252 3001 est.

1688 3047 1901 3114 Quanto
1931 3062 2062 3116 ergo
2093 3045 2247 3116 plura
2276 3043 2417 3097 intra
2453 3057 2552 3097 nos
2591 3039 2721 3094 vitia
2753 3039 3251 3109 deprehenduntur,

1689 3148 1837 3192 tanto
1865 3137 2045 3206 plures
2091 3150 2211 3190 esse
2259 3143 2602 3203 peccatorum
2654 3131 2781 3184 vitae
2830 3129 3160 3183 videbuntur
3198 3129 3252 3181 in

1688 3229 1862 3286 nobis.
1902 3229 1968 3281 Et
1996 3239 2286 3297 propterea
2317 3224 2457 3279 forte
2496 3223 2697 3277 dictum
2730 3221 2978 3292 sitzqttia
3014 3240 3033 3272 ι
3063 3220 3255 3273 melior

1687 3330 1771 3374 est
1799 3316 2166 3386 misericordia
2201 3324 2289 3368 tua
2321 3327 2482 3381 super
2507 3311 2759 3366 vitas”.t

1760 3428 1779 3461 ι
1808 3407 1992 3477 Neque
2041 3406 2237 3477 angeli,
2288 3418 2461 3474 neque
2510 3403 2866 3474 principatus,
2914 3394 3090 3473 neque
3142 3402 3255 3456 vir-

1686 3500 1910 3555 tutes”.
1935 3517 1955 3551 ι
2006 3497 2063 3552 1η
2092 3505 2340 3568 promptu
2377 3503 2463 3550 est
2507 3494 2626 3550 illos
2659 3493 2880 3565 angelos
2928 3493 3250 3565 intelligere,

1683 3592 1882 3661 quibus
1915 3591 2054 3661 ignis
2103 3599 2339 3644 aeternus
2373 3601 2401 3640 a
2441 3586 2724 3642 Salvatore
2754 3601 2876 3641 cum
2913 3585 3133 3640 diabolo
3164 3587 3253 3640 di-

1683 3686 1826 3741 citur
1858 3692 2191 3755 praeparatus
2219 3683 2267 3714 "
2293 3695 2308 3734 :
2333 3680 2667 3751 principatus
2696 3688 2871 3734 autem
2903 3690 2958 3735 et
3000 3680 3251 3742 virtutes,

1684 3776 1803 3830 illas
1853 3775 1970 3828 sine
2019 3773 2182 3827 dubio
2237 3772 2523 3825 adversum
2581 3785 2717 3840 quas
2763 3770 2923 3825 nobis
2971 3781 3249 3824 certamen

1681 3877 1762 3922 est
1788 3866 1832 3897 ⁵⁷
1861 3885 1873 3919 :
1901 3863 1983 3918 vel
2002 3863 2135 3918 tillos
2158 3862 2493 3932 principatus
2522 3871 2577 3915 et
2610 3871 2925 3929 potestates,
2955 3862 3020 3915 de
3053 3862 3251 3929 quibus

1680 3959 1857 4014 dicit:
1895 3954 2066 4010 «Cum
2100 3964 2281 4008 autem
2321 3954 2653 4008 destruxerit
2700 3967 2917 4007 onmem
2968 3952 3246 4019 principa-

1682 4059 1825 4115 tum,
1851 4056 1906 4102 et
1935 4055 2255 4117 potestatem
2291 4044 2427 4117 (l7),
2465 4054 2518 4098 et
2545 4043 2914 4097 virtutem‘M
2946 4041 3023 4095 Ex
3053 4043 3248 4110 quibus

1680 4151 1735 4196 et
1776 4140 2028 4210 princeps
2068 4136 2227 4206 hujus
2275 4136 2461 4190 tuundi
2513 4134 2896 4204 appellatur”.
2935 4133 3059 4187 Post
3107 4135 3244 4199 haec,

1685 4255 1705 4288 ι
1734 4233 1918 4304 Neque
1947 4231 2257 4304 praesentia,
2282 4250 2301 4282 ι
2336 4228 2530 4298 inquit,
2579 4230 2695 4282 sive
2728 4246 2746 4278 ‹
2768 4226 3052 4280 instantia.
3074 4245 3093 4276 ι
3141 4226 3244 4280 l‘o-

1680 4340 1781 4386 test
1806 4330 1910 4383 hoc
1941 4328 2006 4382 de
2032 4326 2117 4381 his
2143 4325 2345 4379 dictum
2391 4322 2587 4388 videri,
2622 4335 2759 4390 quos
2794 4321 2849 4375 in
2879 4320 2999 4374 aliis
3023 4320 3068 4351 ‘°
3101 4321 3243 4374 idem

1676 4423 1963 4496 Apostolus
1998 4440 2017 4473 ‹
2039 4415 2513 4476 rectores'muudi
2549 4416 2706 4485 hujus
2733 4424 2789 4468 et
2839 4415 3184 4469 tenebrarum
3219 4432 3241 4466 ι

1678 4516 1979 4574 nominavit
2008 4533 2021 4569 :
2052 4514 2138 4569 vel
2166 4513 2329 4567 etiam
2358 4509 2502 4579 quod
2531 4508 2877 4579 praesentium
2928 4522 3106 4562 rerum
3143 4520 3244 4561 vo-

24 4614 196 4671 Sedet
222 4614 559 4684 profundum
597 4621 777 4684 potest
818 4612 1071 4668 similiter
1137 4611 1392 4683 intelligi.
1451 4612 1573 4667 Vita
1607 4602 1649 4657 Ι)
1676 4610 1856 4679 luptas
1894 4618 1950 4663 et
1984 4603 2288 4665 delectatio,
2336 4610 2391 4656 et
2442 4600 2789 4670 vanahujus
2838 4597 3022 4652 mundi
3073 4597 3243 4666 glori:

24 4715 180 4762 autem
198 4751 216 4775 ,
244 4720 301 4765 et
323 4708 529 4772 futura,
552 4716 608 4760 et
637 4706 892 4769 altitudo,
922 4714 979 4759 et
999 4713 1248 4760 creatura
1276 4704 1403 4769 alia,
1432 4719 1573 4773 quo-

21 4800 220 4854 modoa
271 4800 368 4857 Dei
427 4799 698 4854 charitate
743 4811 995 4868 separare
1050 4810 1151 4850 nos
1209 4803 1418 4850 certent
1465 4810 1572 4850 non

18 4891 234 4947 otiosum
279 4893 499 4948 videtur
534 4906 823 4961 exponere.
862 4887 978 4944 Nisi
1030 4886 1078 4942 si
1106 4887 1227 4957 quis
1256 4885 1396 4942 forte
1420 4886 1571 4942 dicat

1674 4701 1889 4757 studeat
1915 4714 2014 4753 nos
2048 4716 2066 4747 ‹
2087 4713 2116 4749 a
2156 4696 2246 4749 Dei
2282 4694 2548 4749 charitate
2572 4711 2593 4745 ι
2649 4690 2937 4756 deducere,
2976 4706 2994 4740 ι
3015 4703 3130 4757 qua:
3162 4698 3247 4741 est

1676 4794 1730 4848 in
1768 4791 1984 4845 Christo
2019 4788 2148 4845 Jesu
2197 4787 2425 4840 Domino
2473 4794 2663 4839 nostro
2679 4786 2747 4835 υ.
2773 4801 2792 4833 ι
2842 4780 2971 4835 Post
3007 4780 3124 4832 hzec
3163 4779 3247 4830 vi-

1677 4885 1901 4940 deamus
1943 4896 2062 4950 quae
2110 4880 2220 4934 sint
2265 4877 2515 4941 tl’utura,
2542 4896 2560 4929 ι
2599 4890 2719 4946 qua:
2763 4871 2951 4927 volunt
2996 4870 3241 4939 quidem,

119 5062 156 5093 “
176 5063 329 5117 Rom.
358 5077 478 5117 vttt.
518 5059 608 5117 '58.
641 5057 729 5113 '59.
799 5056 846 5089 ⁸⁸
872 5055 888 5109 Ι
913 5054 1037 5108 Cor.
1067 5052 1238 5117 x,13.
1313 5051 1359 5083 '°
1382 5049 1583 5104 Coloss.

1712 5049 1801 5105 15.
1859 5043 2332 5117 "Rom._vtt_t,22.
2407 5031 2929 5117 "I_ACor.__xv,n26.
2992 5028 3238 5117 Ruina.

15 5144 91 5187 Vl.
119 5099 345 5188 2-2.0";
779 5127 833 5181 4.
873 5099 887 5109 ’
908 5099 1133 5178 51th.}.
1154 5099 1281 5192 vnit.
1312 5099 1905 5192 “hiblatth—Ixxv,
1926 5116 2018 5170 4|.
2094 5114 2136 5144 ⁸⁷
2165 5099 2357 5183 Ephes.
2392 5124 2463 5173 Vl,
2491 5107 2575 5160 12.
2652 5105 2697 5137 ⁸⁸
2747 5106 2763 5157 l
2818 5103 2943 5157 Cor.
2992 5115 3086 5165 xv,
3143 5099 3239 5155 21.

14 5201 61 5230 ⁸⁹
88 5200 227 5255 Joau.
253 5219 350 5267 xu,
379 5202 471 5256 51.
547 5198 591 5230 ⁸⁸
617 5190 813 5267 Ephes.
832 5213 906 5259 Vl,
930 5194 1019 5249 12.
1094 5194 1136 5224 θί
1173 5191 1327 5245 Rom.
1373 5206 1493 5254 vttt,
1533 5190 1622 5246 59.

88 5309 186 5377 (l2)
226 5310 399 5371 Editi,
433 5317 490 5363 et
523 5322 656 5361 mss.
703 5305 914 5373 plures,
938 5316 1275 5377 perperam,
1326 5319 1345 5352 ι
1384 5309 1563 5377 tamen
1604 5334 1609 5339 -

14 5369 183 5432 adhuc
206 5369 444 5435 victoria:
466 5377 617 5433 locus
654 5369 775 5438 est;
808 5394 826 5450 ι
866 5369 1206 5450 deinde—editi
1237 5413 1252 5437 ,
1299 5369 1562 5450 «etiamsi

14 5464 196 5502 untnes
224 5449 277 5503 in
316 5463 416 5502 nos
448 5487 463 5501 .
491 5487 505 5500 .
532 5487 545 5498 .
575 5486 588 5498 .
631 5446 887 5499 torserint
915 5482 931 5507 ,
977 5444 1194 5510 quando
1240 5457 1268 5494 a
1296 5441 1565 5494 charitate

14 5518 115 5570 Dei
145 5535 231 5573 nos
258 5519 483 5572 minime
509 5531 841 5583 separamur.
883 5533 901 5565 ι
954 5513 1017 5567 Ει
1063 5521 1247 5581 postea
1267 5550 1281 5572 ,
1315 5527 1334 5561 ι
1354 5523 1566 5583 quam-

14 5589 101 5639 vis
144 5588 318 5643 altiora
348 5579 641 5656 contigisse
676 5604 694 5636 ι
729 5583 855 5656 (ms.
888 5598 1028 5656 unus
1064 5579 1084 5633 i
1120 5580 1458 5649 congessisse
1490 5579 1563 5647 ι),

152 5657 244 5712 Sed
275 5653 521 5727 potiores
535 5664 590 5709 et
614 5653 870 5727 [labimus
907 5663 967 5706 ttt
990 5653 1054 5727 iu_
1077 5661 1265 5727 npsttp
1294 5659 1463 5727 textu.

85 5726 193 5797 (l3)
219 5719 306 5781 Sic
335 5742 436 5783 ms.
466 5741 605 5778 unus
632 5723 831 5793 Regius
858 5739 1007 5797 num.
1034 5722 1192 5797 l659.
1217 5719 1407 5776 Caneri
1436 5731 1564 5797 vero

13 5785 217 5851 uisset
244 5797 529 5861 Rabauus,
570 5812 588 5847 ι
632 5785 790 5863 quam
817 5791 1405 5863 expositionis‘nostrte
1446 5785 1562 5841 suf-

14 5865 138 5918 ﬁcit
162 5869 317 5924 virtus
344 5905 360 5923 .
394 5908 409 5922 .
450 5904 465 5920 .
492 5860 521 5924 ,ί
544 5860 797 5921 aduiittit.
821 5884 840 5917 ι
881 5862 1019 5918 Editi
1053 5860 1313 5932 plerique,
1344 5876 1361 5911 ι
1399 5874 1563 5928 expo-

1673 5297 1855 5353 SItioni
1888 5296 1971 5350 vel
2008 5302 2197 5349 nostra
2229 5289 2426 5345 sull‘tcit
2449 5289 2620 5341 virtus
2645 5322 2664 5341 .
2687 5320 2704 5337 .
2733 5323 2749 5338 .
2779 5322 2795 5337 .
2837 5283 3095 5338 admittit.
3144 5301 3167 5335 ι

1745 5367 1860 5438 (14)
1891 5366 2051 5425 Editi.
2088 5382 2107 5438 ι
2138 5378 2210 5438 _an
2243 5361 2489 5429 quaedam
2515 5372 2582 5411 ex
2612 5356 2742 5425 ipsis
2773 5356 2899 5425 (hoc
2925 5355 3237 5408 euimstu-

1673 5434 1810 5492 diosi
1837 5434 2107 5506 quaerunt)
2138 5434 2424 5506 humanas.
2463 5446 2594 5506 gn“
2956 5502 2966 5506 Α
3079 5495 3090 5506 ,

1745 5496 1873 5588 (l5)-
1897 5496 2619 5588 Ms.._.llegius‘nu_tn_._lli59,
2653 5513 2672 5546 ι
2710 5509 2831 5565 qua:
2879 5496 3179 5565 potuerint.
3213 5511 3236 5546 ι

1676 5572 1877 5631 Deinde
1910 5572 2062 5638 editi,
2093 5590 2111 5622 ι
2150 5572 2267 5624 hanc
2294 5582 2473 5639 agere.
2513 5586 2531 5619 ι

1743 5645 1854 5725 (16)
1892 5643 1981 5697 Sic
2014 5632 2175 5706 editi;
2198 5649 2268 5725 .at
2301 5632 2428 5692 véro
2462 5652 2593 5692 mss.
2629 5650 2844 5699 omnes,
2875 5652 2893 5685 ι
2922 5632 3067 5688 Mors
3095 5634 3239 5704 quod

1671 5715 1960 5909 dﬁlfiflft
2004 5786 2329 5851 potestatem.
2367 5776 2493 5833 llaec
2543 5777 2743 5834 desunt
2801 5776 2855 5831 in
2895 5772 3051 5830 libris
3077 5781 3233 5828 antea

1671 5870 1697 5909 8
1740 5866 1849 5909 ιιιιευ

1669 5866 1849 5912 θαιιιιευ
