3768 6556
542 443 681 498 1153

2004 447 2325 503 ΟΒΙΟΕΝΙΞ

3655 454 3768 508 1156

536 565 631 616 Sed
665 578 770 615 non
803 574 1034 628 possunt
1079 560 1302 614 Paulum
1336 573 1391 616 et
1424 563 1632 617 similes
1664 565 1783 633 ejus
1806 567 1915 634 (181
1954 585 2106 635 svpa-
2139 573 2180 626 Α
2213 569 2392 620 fundis
2439 566 2671 620 clamavi
2707 566 2773 618 ad
2811 577 2882 628 te,
2917 566 3147 619 Domine
3164 565 3208 596 “'
3234 585 3247 620 :
3273 585 3292 618 »
3317 581 3448 621 cum
3496 567 3560 621 ab
3589 568 3667 622 bis
3694 573 3768 638 qui

452 706 466 726 ,
495 684 501 690 -
536 670 663 708 rare
690 669 718 706 a
747 654 1014 707 cbarilale
1060 654 1175 708 Dei.
1201 655 1497 723 Dupliciter
1530 659 1661 712 mihi
1695 660 1858 711 etiam
1897 661 1995 714 hoc
2027 661 2108 713 in-

537 747 887 815 telligendum
940 747 1169 799 videtur.
1222 746 1454 802 Possunt
1500 751 1644 803 enim
1692 749 2051 820 «futura(19)
2087 775 2106 804 »

537 838 762 905 intelligi
800 839 866 891 ab
895 851 960 890 eo
1009 847 1252 905 tempore
1285 854 1393 908 quo
1437 841 1554 894 haec
1587 843 1881 906 scribebat,
1918 856 1974 896 ut
2008 847 2112 899 hoc

539 931 721 985 dicere
757 931 1044 984 videatur:
1073 930 1127 983 Si
1155 946 1257 998 qua
1293 942 1648 994 tentamenla,
1687 935 1729 986 si
1763 949 1885 1004 quae
1932 935 2112 990 tribu-

539 1021 771 1077 lationes
794 1023 1223 1092 supervenerint,
1258 1039 1286 1075 a
1317 1025 1584 1080 charitate
1614 1026 1709 1079 Dei
1737 1042 1824 1082 me
1852 1043 2113 1097 separare

538 1132 645 1170 non
674 1127 945 1186 poterunt.
981 1114 1074 1169 Vel
1105 1119 1268 1170 etiam
1311 1137 1328 1167 ι
1352 1116 1532 1172 futura
1558 1138 1576 1170 »
1618 1120 1857 1191 intellige
1889 1137 1950 1175 ea
1991 1137 2111 1190 qua:

537 1209 605 1261 de
648 1209 847 1261 mundo
889 1207 990 1260 hoc
1036 1208 1413 1262 recedentibus
1437 1209 1552 1278 (20)
1594 1223 1890 1264 occursura
1946 1223 2105 1274 sunt,

536 1315 657 1354 cum
688 1301 941 1369 princeps
976 1302 1131 1368 hujus
1163 1302 1344 1354 mumli
1367 1303 1434 1364 θ’,
1472 1303 1700 1372 κιίειιῳιθ
1732 1303 1960 1360 virtutes
1993 1322 2110 1374 quae

535 1395 635 1446 sub
678 1394 792 1461 ipso
834 1402 980 1455 sunt,
1020 1393 1257 1445 retinere
1306 1393 1591 1448 certabunt
1625 1397 1861 1450 animam
1895 1398 1960 1451 de
1989 1414 2110 1453 cor-

535 1499 668 1551 pore
697 1484 1126 1553 proficiscentem
1159 1485 1294 1553 (21),
1327 1487 1419 1539 sed
1451 1501 1555 1538 non
1590 1496 1843 1555 poterunt
1871 1490 2109 1544 retinere

532 1590 628 1629 eas
654 1577 850 1643 qnilms
881 1594 899 1628 ι
919 1575 1157 1646 perfecta
1191 1577 1450 1636 charitas.
1474 1597 1492 1631 »
1533 1593 1655 1647 qum
1685 1591 1766 1634 est
1796 1581 1847 1633 in
1887 1581 2110 1636 Christo

531 1667 710 1728 Jesu.i
736 1669 882 1723 foras
911 1670 1076 1724 mittit
1095 1669 1339 1725 timorem
1355 1673 1419 1724 ⁸³.
1447 1692 1465 1724 »
1496 1673 1906 1743 Videbitur(22)
1928 1685 2106 1728 autem

531 1763 676 1816 hunc
708 1776 927 1816 sensum
962 1763 1292 1816 confirmare
1319 1774 1375 1817 et
1411 1764 1499 1816 illa
1544 1763 1822 1832 Scriptura
1857 1780 1977 1833 quae
2023 1765 2105 1818 di-

533 1856 607 1910 cit
639 1871 651 1908 :
687 1874 705 1906 (
736 1856 866 1908 Dum
896 1854 1039 1907 enim
1076 1870 1261 1908 sumus
1303 1855 1357 1908 in
1403 1871 1655 1924 corpore,
1697 1857 2108 1924 peregrinamur

531 1962 560 1999 a
596 1946 825 2000 Domino
855 1965 868 2000 :
896 1949 1144 2016 cupimus
1208 1947 1350 1999 enim
1384 1947 1497 2016 (25)
1543 1948 1711 2016 magis
1768 1947 2103 2016 peregrinari

531 2054 559 2090 a
591 2053 840 2106 corpore,
869 2048 922 2092 et
967 2039 1153 2092 adesse
1187 2038 1253 2091 ad
1281 2037 1567 2093 Dominum
1600 2057 1615 2092 :
1647 2059 1664 2092 »
1729 2051 1804 2104 et,
1869 2060 1886 2091 ι
1913 2042 2104 2095 conni-

531 2131 696 2183 timur
734 2143 914 2184 autem
950 2131 1062 2185 sive
1095 2131 1370 2191 absentes,
1406 2131 1520 2185 sive
1559 2141 1853 2199 praesentes
1893 2133 2105 2200 placere

526 2227 786 2298 ei“(24):
824 2245 842 2277 »
879 2227 1133 2281 absentes
1161 2240 1259 2278 nos
1303 2225 1490 2277 dicens
1516 2224 1569 2276 in
1608 2239 1835 2293 corpore
1871 2226 2098 2295 positos.

526 2327 823 2385 praesentes
851 2328 1030 2370 autem
1065 2318 1130 2369 de
1160 2330 1387 2382 corpore
1418 2315 1832 2370 recedenteszet
1866 2318 2103 2370 ostendit

526 2409 666 2474 quml
708 2409 954 2462 studeant
1006 2408 1177 2460 sancti
1214 2409 1377 2461 etiam
1408 2406 1474 2460 de
1505 2421 1736 2475 corpore
1781 2410 2101 2462 recedentes

528 2501 744 2570 placere
763 2499 890 2553 Deo.
925 2500 981 2553 Si
1011 2513 1140 2568 ergo
1164 2499 1215 2552 in
1245 2499 1324 2553 eis
1351 2496 1593 2566 perfecta
1623 2498 1693 2552 sit
1720 2499 1978 2560 cbaritas.
1999 2514 2099 2553 nec

527 2593 632 2646 ulla
665 2607 784 2662 quae
809 2592 989 2646 futura
1022 2601 1168 2657 sunt,
1205 2591 1256 2646 in
1286 2591 1482 2659 quibus
1511 2591 1836 2660 placendum
1860 2603 1942 2646 est
1963 2593 2096 2654 Deo,

519 2695 776 2754 poterunt
820 2698 914 2738 eos
965 2684 1033 2736 ab
1083 2683 1197 2752 ipsa
1246 2697 1526 2752 separare,
1572 2697 1696 2737 cum
1745 2683 1934 2752 utique
1989 2700 2097 2736 non

523 2781 814 2850 placebunt
845 2780 955 2834 Deo
991 2781 1046 2833 hi
1081 2780 1173 2848 qui
1206 2787 1312 2832 tam
1350 2777 1578 2831 mobiles
1620 2787 1788 2832 erunt
1823 2778 1875 2830 in
1917 2777 2099 2831 chari-

523 2884 634 2927 tate
664 2873 779 2940 Dei,
813 2883 871 2928 ut
903 2873 1117 2942 possint
1160 2875 1226 2929 ab
1254 2890 1315 2929 ea
1347 2874 1618 2943 separari.
1652 2871 1780 2926 llazc
1811 2871 1967 2926 nobis
2000 2871 2100 2923 du-

518 2967 645 3036 plici
674 2968 832 3023 modo
859 2968 1001 3023 dicta
1037 2969 1145 3023 sint
1171 2967 1238 3020 de
1267 2967 1482 3021 futuris.
1515 2965 1702 3020 Potest
1736 2973 1915 3018 autem
1956 2963 2094 3026 fieri,

517 3067 580 3113 ut
607 3059 677 3114 sit
721 3068 778 3113 et
811 3057 1010 3126 aliquis
1060 3059 1254 3112 tertius
1308 3060 1500 3111 modus
1547 3056 1634 3110 bis
1685 3053 2091 3125 superior(25),

517 3165 678 3219 quem
714 3149 805 3219 qui
839 3149 1176 3219 investigare
1209 3148 1471 3218 potuerit,
1505 3147 1724 3216 dignum
1766 3146 1972 3216 judicet
2009 3146 2093 3199 bis

2216 658 2267 712 in
2301 658 2510 712 inferno
2540 657 2780 726 deputati
2811 668 2954 719 sunt,
2989 668 3045 711 et
3071 661 3347 725 gehennae
3384 659 3662 726 spiritibus
3687 661 3768 713 ini-

2213 760 2568 820 pugnaretur.
2600 748 2705 804 Sed
2749 763 2819 802 ne
2863 749 3001 814 haec,
3039 751 3218 815 inquit
3273 750 3505 814 Paulus,
3542 766 3768 819 separare

2216 855 2313 892 nos
2367 848 2621 909 poterunt
2671 853 2700 890 a
2759 839 3022 894 charitate
3067 840 3191 895 Dei.
3251 858 3270 890 ι
3329 840 3551 910 Neque,
3595 842 3768 908 inquit,

2216 942 2462 987 creatura
2539 930 2714 985 alia.»
2767 930 2953 986 Potest
2998 933 3233 998 intelligi
3286 933 3459 986 aliam
3495 944 3768 987 creaturam

2213 1022 2414 1078 dixisse
2461 1033 2658 1092 praeter
2690 1023 2830 1077 hanc
2883 1040 3046 1094 quam
3076 1026 3374 1080 videmus:
3399 1036 3488 1080 est
3518 1029 3653 1082 enim
3683 1028 3768 1080 alia

2213 1115 2371 1170 nobis
2403 1115 2692 1171 invisibilis
2739 1131 2903 1171 nunc.
2948 1117 3135 1172 Potest
3169 1129 3358 1173 autem
3387 1129 3445 1174 et
3474 1120 3552 1174 sic
3577 1123 3768 1189 accipi:

2211 1207 2415 1262 Praater
2447 1207 2537 1260 illa
2569 1225 2689 1278 qua:
2719 1211 2966 1277 superius
3007 1213 3371 1276 enumeravi;
3415 1213 3520 1267 hoc
3557 1225 3659 1277 est,
3691 1230 3768 1267 an-

2213 1303 2381 1372 gelos,
2424 1313 2478 1357 et
2521 1305 2776 1364 virtutes,
2805 1303 2934 1356 etsi
2975 1294 3082 1371 qua
3121 1315 3210 1357 est
3245 1305 3352 1357 alia
3404 1317 3672 1365 creatura.
3717 1321 3768 1360 ne

2211 1395 2422 1464 singula
2454 1409 2549 1464 per
2575 1395 2786 1462 species
2819 1397 3195 1448 enumerando
3232 1396 3458 1465 longum
3491 1411 3768 1450 sermonem

2213 1489 2432 1540 trahere
2468 1487 2747 1540 videretur
2776 1486 2940 1557 διο
2969 1499 3027 1539 et
3058 1486 3427 1555 superfluum.
3462 1487 3567 1541 Ant
3595 1498 3648 1541 et
3677 1489 3768 1543 alio

2213 1582 2396 1632 modo.
2423 1578 2692 1643 Quoniam
2728 1580 2946 1647 quidem
2974 1579 3182 1632 sciebat
3213 1579 3424 1633 Paulus
3455 1581 3647 1634 multas
3667 1596 3768 1635 esse

2210 1681 2265 1723 et
2305 1670 2622 1724 innumeras
2672 1669 2764 1724 Dei
2816 1679 3126 1732 creaturas,
3173 1686 3413 1738 quarum
3461 1673 3625 1724 etiam
3674 1673 3768 1737 ipse

2213 1777 2317 1816 non
2349 1778 2584 1827 omnem,
2624 1761 2719 1816 sed
2759 1776 2826 1814 ex
2859 1773 3013 1828 parte
3047 1762 3339 1815 scientiam
3381 1773 3618 1832 ceperat,
3651 1780 3768 1831 (ιαμ

2213 1868 2439 1921 rumque
2471 1868 2578 1906 non
2606 1852 2781 1906 solum
2817 1851 3046 1921 species,
3078 1855 3177 1904 sed
3209 1863 3262 1906 et
3297 1854 3524 1906 nomina
3568 1855 3619 1908 in
3650 1870 3768 1921 pra»

2208 1945 2347 1998 senti
2375 1943 2577 1999 sazculo
2601 1944 2919 2013 ignorentur
2954 1945 3063 1999 :de
3087 1945 3290 2012 quibus
3324 1954 3382 1998 et
3415 1946 3469 1999 in
3503 1945 3620 1999 aliis
3645 1948 3768 1999 idem

2206 2036 2493 2104 Apostolus
2525 2036 2638 2105 (27)
2669 2037 2802 2090 dicit
2837 2037 3177 2092 Salvatorem
3203 2039 3419 2092 sedisse
3445 2038 3557 2105 (28)
3580 2058 3600 2090 ι
3623 2054 3768 2108 super

2207 2142 2423 2182 omnem
2457 2128 2841 2197 principatum,
2876 2138 2932 2181 et
2960 2139 3309 2197 potestatem,
3337 2138 3395 2183 et
3422 2131 3692 2192 virtutem,
3727 2139 3768 2182 el

2205 2221 2650 2285 dominationem,
2698 2229 2752 2274 et
2804 2235 2965 2275 omne
3018 2239 3216 2275 nomen
3270 2223 3420 2291 quod
3463 2226 3768 2286 nominatur

2208 2328 2310 2366 non
2343 2312 2515 2366 solum
2546 2312 2596 2365 in
2640 2312 2743 2365 hoc
2771 2313 2989 2377 saeculo,
3023 2313 3118 2367 sed
3145 2315 3312 2367 etiam
3351 2315 3406 2367 in
3443 2313 3718 2374 futuro“;
3753 2332 3768 2363 »

2205 2413 2423 2472 propter
2471 2404 2585 2457 haec
2635 2417 2764 2473 ergo
2802 2419 2922 2471 qua:
2969 2405 3074 2458 scit
3119 2420 3226 2457 non
3279 2405 3462 2457 solum
3516 2421 3666 2474 posse
3727 2408 3768 2458 in

2205 2491 2453 2556 praesenti
2485 2491 2708 2554 saaculo,
2735 2492 2828 2544 sed
2859 2492 3023 2544 etiam
3056 2493 3108 2545 in
3139 2492 3326 2546 futuro
3351 2493 3468 2564 (29)
3489 2497 3768 2560 norninar:l

2202 2581 2406 2634 dixisse
2458 2581 2731 2634 videbitur
2760 2599 2772 2634 :
2806 2600 2823 2632 ι
2856 2580 3042 2648 Neque
3091 2581 3202 2635 ulla
3249 2594 3510 2637 creatura
3546 2585 3651 2638 alia
3681 2601 3768 2651 pe

2205 2675 2334 2728 terit
2359 2690 2458 2728 nos
2491 2691 2682 2744 separa
2695 2691 2751 2729 re
2779 2691 2807 2728 a
2836 2678 3103 2730 charitate
3137 2675 3231 2729 Dei
3254 2678 3358 2728 "’.»
3396 2675 3768 2731 Verumtamen

2198 2783 2266 2822 ex
2307 2767 2391 2822 bis
2423 2767 2675 2822 omnibus
2717 2769 2956 2822 ostendit
3009 2766 3207 2821 Paulus
3235 2769 3433 2823 salutis
3471 2785 3578 2823 suae
3605 2771 3768 2823 ροιιίὶε

2200 2859 2463 2922 dentiam,
2510 2874 2631 2913 cum
2673 2860 2786 2928 jam
2841 2874 3013 2927 neque
3060 2861 3274 2929 angelis
3331 2861 3768 2924 adversantibus.

2199 2967 2372 3020 neque
2420 2950 2715 3004 virtutibus
2767 2951 3230 3020 impugnantibus.
3266 2969 3448 3024 neque
3484 2956 3768 3021 prmsenti-

2198 3043 2320 3109 bus,
2357 3058 2534 3112 neque
2569 3041 2766 3097 futuris
2814 3042 2916 3097 sibi
2965 3043 3544 3111 obluctantibus(50),
3596 3058 3768 3112 neque

2197 3135 2304 3190 ulla
2342 3149 2564 3203 prorsus
2598 3143 2849 3187 creatura
2902 3136 3254 3198 adversante,
3292 3150 3322 3186 a
3375 3137 3643 3188 charitate
3683 3133 3768 3187 Dei

516 3240 799 3308 przeferre.
860 3237 1152 3309 Subjungit
1208 3239 1402 3292 deinde
1441 3256 1456 3292 :
1491 3257 1509 3289 ι
1542 3237 1729 3307 Neque
1774 3238 2027 3292 virtutes.

2219 3227 2331 3281 Iicit
2357 3243 2418 3282 se
2439 3241 2603 3294 posse
2632 3227 2840 3289 divelli,
2877 3243 2976 3280 nec
3022 3226 3188 3278 ullum
3221 3235 3302 3279 tot
3331 3227 3768 3280 adversariorum

518 3332 740 3397 Species
769 3330 985 3383 videtur
1010 3344 1129 3382 esse
1160 3343 1260 3380 una
1294 3343 1358 3381 ex
1387 3328 1634 3398 pluribus
1669 3329 2089 3383 rationabilibus

516 3421 801 3484 creaturis,
848 3435 953 3475 non
1004 3420 1056 3472 in
1109 3433 1342 3489 corpore
1385 3419 1602 3474 mortali
1649 3419 1814 3472 vitam
1860 3421 2084 3482 ducens,

516 3515 613 3564 Sed
647 3520 706 3564 ut
740 3511 935 3580 angeli,
968 3527 1033 3565 ex
1075 3511 1182 3564 alio
1209 3519 1387 3564 tamen
1417 3511 1610 3567 ordine
1638 3526 1798 3580 quam
1831 3521 1956 3566 sunt
1985 3527 2086 3564 an-

515 3603 641 3670 geli.
684 3601 749 3656 Et
779 3602 908 3670 ipsa:
942 3617 1072 3673 ergo
1120 3603 1350 3658 virtutes
1386 3604 1587 3657 habent
1613 3613 1891 3657 certamen
1923 3618 2080 3670 sepa-

516 3709 638 3748 rare
675 3710 772 3747 nos
799 3710 828 3746 a
861 3693 1128 3748 charitate
1158 3695 1288 3760 Dei;
1321 3694 1414 3748 sed
1449 3708 1547 3749 nec
1574 3695 1726 3762 ipsm,
1756 3695 1956 3763 inquit,
1988 3709 2084 3760 po-

514 3798 715 3853 terunt,
740 3790 784 3844 si
814 3777 1054 3844 radicata
1086 3791 1156 3844 sit
1183 3802 1237 3845 et
1265 3790 1507 3846 fundata.
1532 3791 1801 3845 Similiter
1827 3800 1880 3846 et
1909 3810 1927 3842 ι
1958 3792 2084 3845 alti-

513 3882 705 3944 tudo,»
763 3893 818 3935 et
875 3882 1279 3951 «profundum»
1336 3884 1616 3950 impugnat
1671 3899 1791 3950 nos,
1837 3883 1978 3937 sicut
2027 3894 2082 3938 et

511 3971 675 4027 David
707 3973 903 4027 dicit"
931 3993 944 4027 :
976 3991 993 4024 ι
1016 3973 1167 4027 Multi
1221 3975 1314 4044 qui
1365 3975 1638 4030 debellant
1684 3990 1769 4029 me
1805 3976 1869 4029 de
1902 3977 2032 4038 alto,
2056 3993 2078 4029 »

510 4064 628 4118 sine
667 4065 828 4119 dubio
859 4079 980 4119 cum
1019 4081 1050 4119 a
1079 4066 1360 4135 spiritibus
1390 4067 1646 4136 nequitia:
1667 4067 1711 4097 ⁸⁸
1743 4067 1809 4120 de
1841 4068 2080 4122 C(Blcsli-

510 4157 612 4210 bus
648 4159 1054 4228 nrgeretur(26)
1083 4177 1097 4212 :
1124 4167 1177 4213 et
1206 4160 1348 4214 sicut
1379 4161 1574 4212 iterum
1606 4159 1733 4213 dicit
1765 4178 1778 4212 :
1809 4178 1826 4209 ι
1858 4158 1933 4211 Dc
1957 4175 2082 4227 pro-

578 4298 801 4350 "Joan.
851 4313 950 4357 xtl,
991 4301 1080 4352 51.
1156 4299 1242 4352 ⁸³1
1274 4298 1430 4354 Joan.
1466 4299 1656 4362 tv,18.

507 4382 692 4432 cxxrx,
719 4369 771 4425 1.
851 4370 894 4398 ⁸⁸
915 4369 1109 4436 Ephes.
1155 4385 1192 4430 ι,
1223 4370 1312 4423 2|.
1392 4371 1434 4400 ⁶⁹
1459 4369 1749 4431 lloin.vn|,
1771 4371 1860 4424 59.

577 4481 692 4548 ('18)
722 4481 888 4544 Editi,
925 4503 944 4534 ‹
963 4494 1018 4538 et
1044 4486 1276 4539 similem
1305 4484 1445 4551 ejus.
1469 4504 1488 4533 »

579 4551 692 4622 (19)
724 4551 951 4606 Futura.
983 4555 1326 4609 Desideratur
1357 4557 1408 4607 in
1437 4565 1595 4607 antea
1623 4556 1800 4610 editis.

579 4622 693 4693 (20)
744 4622 836 4678 Sic
891 4625 1092 4678 rectius
1149 4641 1248 4679 ms.
1285 4641 1425 4678 unus
1479 4625 1675 4694 llegius
1727 4642 1874 4678 num.
1907 4624 2065 4680 1659.

504 4694 696 4748 Cmteri
728 4708 859 4746 vero
891 4709 1022 4747 mss.
1051 4704 1105 4749 et
1138 4695 1289 4758 editi,
1334 4715 1350 4746 ι
1376 4694 1467 4747 Vel
1499 4698 1659 4748 etiam
1694 4695 1873 4748 futura
1910 4698 2068 4750 intel-

503 4763 594 4832 ligi
625 4779 690 4817 ea
727 4779 850 4831 quae
883 4767 1138 4818 mundum
1177 4764 1320 4817 hunc
1345 4765 1783 4823 excedentibus.»
1821 4775 1926 4819 etc.

575 4833 689 4904 (2i)
723 4833 1130 4904 Genebrardus,
1173 4853 1191 4884 ι
1219 4837 1614 4904 proficientem,
1640 4853 1656 4885 ι
1698 4836 1858 4891 male.

572 4904 685 4973 (22)
707 4904 870 4967 Editi,
903 4923 922 4956 ε
949 4903 1245 4959 Videbatur
1269 4915 1470 4959 autem.
1500 4924 1518 4954 »
1547 4903 1647 4958 Ms.
1680 4921 1838 4969 unus,
1874 4925 1890 4955 ι
1917 4903 2080 4958 Vide-

504 4984 591 5027 tur
617 4984 851 5028 autem.»

574 5042 686 5113 (25)
725 5043 903 5098 Enim.
935 5045 1104 5105 Alias,
1144 5064 1160 5095 ι
1183 5054 1384 5098 autem.
1413 5064 1431 5094 »

571 5115 686 5175 (24)
715 5115 884 5178 Alias,
919 5133 936 5165 ι
965 5115 1341 5169 contendimus
1370 5125 1644 5168 autem....
1671 5114 1882 5181 placere
1907 5115 2069 5168 Deo.»

573 5183 685 5252 (‘25)
723 5184 891 5248 Editi,
932 5205 950 5235 ι
975 5195 1032 5237 ut.
1063 5186 1134 5237 sit
1167 5194 1220 5238 et
1244 5185 1440 5252 aliquis
1469 5186 1608 5238 alius
1639 5186 1831 5240 tertius
1877 5187 2070 5238 borum

503 5255 770 5321 Superior.
792 5273 812 5305 »
846 5255 937 5306 Sic
988 5255 1152 5309 etiam
1184 5270 1314 5307 mss.
1349 5256 1571 5316 quidam
1601 5255 1703 5308 nisi
1735 5259 1876 5322 quod
1912 5255 2073 5308 omit-

504 5331 622 5394 tant
657 5340 677 5373 α
701 5321 857 5376 alius.
881 5343 899 5374 »
931 5323 1035 5378 Sed
1061 5340 1162 5378 ms.
1189 5340 1326 5380 unus
1356 5324 1556 5394 Regius
1582 5341 1730 5380 num.
1757 5321 1898 5380 1659
1925 5336 2070 5380 recte

501 5392 652 5442 addit
691 5410 709 5442 ε
736 5394 944 5447 modus.
972 5413 992 5446 »

573 5460 697 5538 (26)
734 5461 904 5525 Alias,
953 5480 1035 5538 ra
1087 5464 1424 5538 spiritalibus
1451 5465 1732 5538 nequitiae.
1757 5483 1777 5516 »
1831 5464 1926 5524 al.,
1964 5465 2072 5518 «ab

503 5532 786 5600 spiritibus
814 5535 1102 5600 nequitia,»
1127 5539 1219 5600 aL,
1251 5551 1311 5588 (3
1333 5536 1704 5599 spiritualibus
1733 5537 2008 5600 nequitiis.
2043 5555 2063 5586 »

503 5597 710 5673 Deinde
736 5597 957 5673 editi,'ir
985 5615 1040 5657 et
1069 5597 1261 5657 iterum
1287 5622 1302 5658 :
1329 5597 1403 5656 De
1431 5605 1729 5673 profundis,
1751 5623 1772 5656 »
1811 5597 1915 5657 etc.
1941 5605 2066 5657 Mss.

490 5669 742 5739 quidam,
785 5687 802 5719 ε
835 5681 889 5722 et
919 5672 1110 5724 iterum
1138 5674 1270 5728 dicit
1296 5689 1311 5725 :
1338 5673 1410 5726 De
1431 5669 1738 5739 profundis,
1765 5693 1783 5724 »
1825 5685 1930 5727 etc.
1961 5675 2065 5727 Sed

502 5737 852 5811 ms._llegius
874 5757 1024 5796 num.
1055 5741 1207 5805 1659,
1238 5737 1449 5811 optime
1484 5754 1542 5796 ut
1589 5745 1642 5797 in
1673 5737 1859 5798 uestro
1893 5753 2065 5796 textu.

577 5808 688 5878 (ἒῖ)
716 5810 878 5872 Editi,
915 5829 930 5859 ι
963 5813 1155 5864 uutltas
1184 5825 1238 5864 et
1275 5808 1585 5865 innumeras
1634 5828 1917 5867 creaturas
1950 5815 2062 5876 Dei,

504 5891 730 5943 quarum
761 5881 920 5933 etiam
955 5897 1057 5934 non
1088 5897 1325 5946 omnem,
1367 5885 1461 5936 scd
1497 5899 1560 5936 ex
1591 5896 1742 5952 parte
1775 5885 2058 5938 scientiam

1736 4300 1780 4331 ⁵⁸
1818 4298 1859 4351 11
1901 4298 2024 4353 Cor.
2069 4316 2122 4362 v,
2148 4298 2203 4360 6,
2229 4299 2281 4352 8.
2362 4298 2404 4328 ⁸⁵
2431 4298 2626 4351 Psalm.
2669 4311 2754 4359 ιγ,
2794 4298 2846 4348 5.
2923 4298 3014 4346 ΜΕ

1737 4371 1860 4429 .59.
1939 4369 2022 4421 "l
2069 4370 2224 4423 Joan.
2264 4383 2338 4429 tv,
2380 4366 2464 4419 18.
2540 4367 2625 4417 '“l
2661 4368 2765 4419 Cor
2827 4363 3014 4425 "(.27.

2111 4492 2154 4545 Β
2183 4491 2427 4552 ceperat,
2461 4494 2800 4552 quarumque
2827 4481 3037 4552 species
3071 4489 3122 4552 et
3154 4482 3372 4552 inomina
3403 4480 3451 4532 in
3492 4482 3768 4552 praesenti

2196 3333 2393 3386 capere
2433 3328 2657 3383 metum,
2701 3329 2758 3371 ut
2801 3332 2930 3371 vere
2971 3318 3288 3370 ostenderet
3323 3318 3436 3386 (51)
3469 3319 3607 3386 quod
3641 3333 3768 3384 pen

2194 3411 2336 3466 fecta
2366 3411 2608 3464 cltaritas
2634 3420 2690 3464 et
2733 3424 2799 3463 ex
2843 3409 2958 3476 ipso
2976 3408 3088 3478 (52)
3119 3406 3267 3462 foras
3290 3410 3401 3478 jam
3434 3410 3578 3464 misit
3603 3411 3768 3462 limn<

2194 3519 2308 3557 rem
2330 3503 2399 3556 '°.
2443 3501 2642 3556 llabuit
2676 3500 2820 3554 enim
2853 3500 3147 3570 aliquando
3187 3501 3354 3554 etiam
3398 3501 3511 3570 ipse
3541 3512 3768 3564 metum1

2192 3606 2248 3649 et
2277 3593 2457 3647 timuit
2491 3607 2560 3646 ne
2594 3592 2732 3646 forte
2764 3593 2982 3646 caderet
3018 3611 3029 3644 :
3059 3601 3114 3644 et
3151 3591 3254 3644 iste
3292 3593 3384 3659 qni
3415 3593 3572 3647 modo
3598 3593 3768 3644 cazle

2191 3687 2354 3740 Stium
2380 3687 2642 3738 virtutum
2669 3687 2952 3738 adversum
2982 3699 3042 3738 se
3075 3684 3117 3737 si
3151 3693 3597 3737 commoveantur
3617 3683 3768 3736 bella

2189 3792 2295 3831 non
2327 3777 2526 3841 timuit,
2569 3776 2858 3844 aliquando
2899 3790 3121 3830 carnem
3174 3791 3332 3828 suam
3377 3777 3574 3837 timuit,
3605 3787 3669 3829 et
3697 3791 3762 3827 ex

2188 3884 2249 3923 ea
2273 3877 2666 3935 consurgentes
2690 3867 2912 3921 insidias
2943 3867 3276 3929 formidavit,
3300 3869 3518 3936 quando
3540 3866 3768 3920 dicebat

2187 3960 2436 4017 scribens
2465 3960 2532 4014 ad
2561 3957 2874 4014 Corinthios
2900 3976 2912 4010 :
2945 3977 2963 4008 ι
2988 3957 3203 4012 Macero
3239 3974 3438 4027 corpus
3477 3972 3688 4020 meum,
3715 3969 3768 4012 et

2186 4053 2430 4108 servituti
2465 4051 2715 4118 subjicio,
2763 4066 2829 4105 ne
2873 4049 3016 4104 forte
3059 4063 3182 4103 cum
3243 4050 3369 4103 aliis
3423 4051 3768 4116 praedicave-

2188 4146 2290 4198 rim
2320 4143 2459 4213 (55),
2496 4144 2609 4210 ipse
2645 4143 2908 4210 reprobus
2931 4139 3245 4194 εωρίαι-⁷⁸.»
3287 4140 3350 4193 Ει
3375 4141 3492 4194 ideo
3513 4155 3629 4210 prae
3659 4157 3768 4194 ea.»

2362 4298 2404 4328 ⁸⁵
2431 4295 2626 4351 Psabu.
2669 4311 2754 4359 Lv,
2794 4297 2846 4348 5.
2923 4294 2966 4323 ‘9
2991 4294 3188 4362 Ephes.
3222 4311 3294 4355 γι,
3330 4293 3412 4347 12.
3487 4291 3768 4350 "Psalm.

2182 4550 2298 4606 loco
2325 4553 2680 4618 ignorentur:
2707 4550 2773 4602 de
2795 4550 2992 4618 quibus
3017 4561 3067 4604 et
3103 4551 3156 4602 in
3195 4551 3316 4603 aliis
3360 4551 3481 4603 item
3508 4551 3768 4615 Aposto-

2180 4625 2281 4679 lus.
2323 4641 2342 4672 »
2378 4632 2484 4674 etc.

2251 4691 2364 4761 (28)
2395 4691 2490 4744 Sic
2522 4705 2626 4745 ms.
2651 4688 2853 4760 Regius
2876 4706 3022 4744 num.
3042 4689 3215 4761 71659.
3243 4690 3429 4744 Caeteri
3461 4703 3587 4761 ver_0
3617 4705 3768 4744 mss.

2179 4773 2233 4814 et
2261 4758 2414 4814 'editi
2434 4801 2447 4819 ,
2501 4779 2519 4810 ι
2548 4758 2894 4822 ascendisse;
2924 4780 2942 4811 »
3006 4760 3101 4822 al.,
3162 4779 3180 4810 ι
3208 4762 3440 4814 audisse.
3467 4777 3482 4809 I
3532 4758 3768 4817 Deinde

2195 4851 2212 4881 ‹
2239 4847 2451 4884 omnem
2475 4851 2492 4881 »
2530 4832 2682 4883 deest
2709 4833 2758 4883 in
2787 4830 2940 4883 libris
2975 4842 3098 4883 autc
3125 4831 3304 4884 editis.

2261 4901 2375 4971 (29)
2413 4900 2578 4959 Editi.
2616 4919 2634 4950 ι
2659 4901 2948 4969 Propterea
2999 4917 3129 4968 ergo
3175 4901 3428 4966 quoniam
3469 4897 3575 4950 scit
3642 4899 3768 4953 [nec

2192 4970 2296 5024 non
2325 4986 2483 5039 posse
2516 4972 2568 5024 in
2604 4972 2850 5038 prmsenti
2885 4972 3105 5033 sacculo,
3136 4972 3232 5024 sed
3280 4972 3330 5024 in
3367 4970 3556 5026 lutum,
3587 4988 3612 5018 »
3649 4981 3768 5022 etc.

2193 5043 2319 5095 Mss.
2355 5041 2594 5108 quidam,
2636 5060 2653 5092 ι
2682 5040 2967 5108 Propterea
3011 5055 3140 5108 ergo
3177 5043 3292 5094 bmc
3336 5055 3448 5109 quae
3489 5039 3606 5090 scit
3650 5055 3768 5092 rum

2181 5125 2342 5180 posse
2381 5113 2432 5164 in
2465 5111 2717 5180 praesenti
2767 5111 2985 5176 saaculo,
3011 5114 3105 5164 sed
3133 5112 3186 5164 in
3211 5112 3409 5172 futuro,
3439 5126 3457 5159 »
3482 5116 3607 5162 etc.
3647 5111 3768 5162 Sed

2181 5179 2332 5235 recte
2365 5196 2467 5234 ms.
2502 5194 2640 5233 unus
2671 5179 2868 5247 Regius
2898 5191 2956 5234 ut
2994 5183 3044 5233 in
3081 5192 3252 5238 textu.

2251 5250 2362 5317 (50)
2418 5250 2579 5310 Editi,
2654 5267 2673 5300 ι
2702 5244 3175 5304 oblectationibus.
3205 5269 3225 5301 »
3293 5247 3416 5302 Mss.
3460 5244 3718 5314 quidam
3753 5286 3768 5312 ,

2183 5338 2202 5370 ‹
2231 5319 2649 5384 oblectantibus,
2675 5339 2691 5371 »
2723 5322 2884 5374 male.

2251 5392 2363 5460 (51)
2393 5389 2560 5450 Editi,
2597 5411 2614 5442 ι
2638 5405 2736 5443 nec
2763 5406 2827 5443 ex
2854 5390 2964 5445 ullo
2989 5400 3067 5443 tot
3091 5387 3499 5444 adversariorum
3531 5399 3768 5454 capere

2181 5471 2489 5535 lllCllttllLlll
2521 5475 2704 5514 verum
2735 5463 3072 5535 ostenderet,
3094 5479 3110 5510 »
3151 5471 3255 5513 etc.
3329 5528 3340 5535 ι
3462 5523 3552 5535 ..Α

2247 5532 2358 5600 (5:1)
2394 5529 2458 5582 Et
2505 5547 2568 5582 ex
2604 5536 2737 5595 ipso.
2769 5531 2893 5585 llmc
2923 5532 3297 5585 desiderantur
3329 5528 3377 5581 in
3416 5523 3625 5592 editis,
3667 5527 3768 5581 sed

2171 5603 2533 5674 restituuntur
2563 5619 2628 5655 ex
2655 5616 2786 5654 mss.
2846 5671 2884 5674 _
2907 5670 2939 5674 υ
2971 5671 2982 5674 Α
3331 5669 3342 5674 _
3538 5663 3556 5674 _

2240 5671 2353 5741 (55)
2384 5671 2476 5724 Sic
2503 5686 2604 5726 ms.
2653 5685 2812 5727 unus.
2845 5670 2982 5725 Editi
3015 5685 3169 5736 vero,
3204 5687 3224 5720 σ
3248 5669 3377 5741 etin
3406 5669 3768 5741 servitutem

2171 5735 2380 5810 redigo,
2411 5754 2477 5793 ne
2509 5741 2650 5794 forte
2675 5756 2800 5794 cum
2830 5742 2949 5794 aliis
2981 5735 3580 5811 prmdicaverim,.»_etc-
3617 5735 3768 5789 Hss.

2168 5805 2436 5879 alii,'cet
2492 5812 2740 5867 servituti
2795 5805 3001 5882 redigo,
3055 5827 3122 5866 ne
3173 5810 3308 5864 forte
3355 5805 3461 5858 aliis
3519 5813 3768 5870 prmiti-

2165 5899 2312 5946 Caus,
2347 5901 2364 5931 »
2400 5889 2533 5953 etc.‘
