3768 6552
75 407 180 461 1⁸57

946 410 1300 467 (ΞΟΜΜΕΝΤ.
1345 411 1410 466 IN
1451 409 1666 466 EPIST.
1709 410 1799 463 AD
1836 409 2003 463 RUM.
2046 407 2173 462 LIB.
2217 407 2327 461 Vll.

3130 414 3266 465 H239

69 527 171 579 teris
197 523 448 579 omnibus
483 525 663 579 carnis
710 524 916 580 insidia:
968 525 1318 582 formidanda:
1363 538 1511 590 sunt,
1545 537 1597 581 et
1626 535 1672 589 Α
1704 542 1842 579 unus
1873 527 2137 578 moriatur
2177 525 2337 576 homo
2386 536 2485 590 pro
2522 522 2739 591 populo,
2778 532 2832 577 et
2872 539 2977 576 non
3013 523 3260 577 universa

67 617 136 667 ille
167 613 247 680 qui
281 612 348 664 de
378 612 538 667 nobis
571 614 812 681 procedit
839 613 1014 668 hostis
1046 616 1160 683 ipse
1188 617 1460 671 cavendus
1485 626 1590 682 est,

66 711 204 760 donec
231 703 278 756 in
315 711 531 756 tantum
555 704 854 772 profectum
881 705 1065 758 veniat
1092 707 1293 768 anima,
1324 715 1380 759 ut
1408 705 1592 760 dulce-

67 797 163 848 dine
184 793 470 848 cbaritatis
506 793 618 848 Deo
652 795 897 859 astricta,
935 798 1184 865 corporis
1225 798 1593 853 blandimenta

65 897 103 940 et
123 884 284 939 carnis
309 883 608 939 illecebras
637 885 990 940 abhorrescat
1019 903 1156 941 unus
1186 903 1306 941 cum
1354 888 1464 943 Deo
1490 891 1592 958 spi-

65 981 171 1031 ritus
194 975 354 1028 facta.

117 1070 184 1122 l5.
217 1066 558 1121 «Veritatem
600 1068 721 1121 dico
775 1069 828 1121 in
880 1067 1123 1132 Christo,
1173 1085 1279 1124 non
1338 1073 1589 1134 mentior,

64 1161 386 1215 testimonium
440 1159 576 1213 mihi
624 1161 946 1228 perhibeute
994 1162 1328 1216 conscientia
1377 1181 1492 1218 mea
1535 1167 1588 1219 in

62 1253 222 1321 Spiritu
250 1260 469 1315 sancto,
515 1252 774 1319 quoniam
807 1251 1027 1306 tristitia
1063 1262 1150 1308 est
1201 1254 1330 1308 mihi
1369 1270 1586 1324 magna,

59 1355 96 1398 et
119 1343 396 1397 continuus
426 1343 584 1396 dolor
614 1343 763 1396 cordi
808 1357 947 1396 meo.
987 1340 1250 1411 Optabam
1282 1345 1424 1398 enim
1459 1360 1590 1398 ana-

61 1438 199 1489 thema
242 1449 366 1490 esse
415 1437 532 1504 ipse
575 1450 674 1505 ego
701 1452 728 1487 a
760 1436 973 1490 Christo
1007 1450 1103 1505 pro
1141 1436 1400 1489 fratribus
1432 1437 1586 1499 meis,

57 1531 122 1594 qui
154 1538 269 1581 sunt
307 1529 532 1596 cognati
581 1528 684 1582 mei
717 1528 1011 1580 secundum
1039 1543 1281 1588 carnem,
1324 1528 1415 1593 qui
1463 1539 1590 1581 sunt

59 1619 289 1682 lsraelitm,
327 1634 570 1688 quorum
609 1619 828 1685 ad0ptio
878 1628 964 1671 est
1007 1619 1262 1683 filiorum,
1296 1628 1350 1672 et
1390 1619 1584 1688 gloria,

56 1722 94 1764 ιιι
120 1719 452 1772 testamenta,
493 1721 547 1764 et
599 1710 880 1776 legislalio,
917 1719 972 1764 et
1008 1710 1346 1778 obsequium,
1380 1722 1432 1764 et
1462 1728 1588 1780 pro-

57 1800 317 1862 missiones,
375 1814 610 1866 quorum
661 1810 862 1867 patres,
891 1808 945 1852 et
975 1814 1039 1853 ex
1073 1799 1270 1867 quibus
1296 1801 1407 1869 (54)
1436 1801 1589 1854 Chri-

53 1904 137 1943 stus
163 1890 457 1944 secundum
507 1905 751 1952 carnem,
779 1891 870 1958 qui
909 1898 992 1944 est
1021 1905 1185 1960 super
1220 1893 1404 1945 omnia
1446 1894 1586 1946 Deus

53 1984 319 2037 benedictus
360 1983 414 2036 in
443 1983 640 2037 smeula
664 1985 764 2036 τ’.»
791 1982 990 2038 Videtis
1025 1984 1225 2039 Paulus
1250 1989 1395 2054 quod
1426 1989 1470 2042 si
1497 2003 1585 2042 se-

49 2078 236 2129 cundum
265 2090 329 2129 ea
370 2076 424 2128 in
454 2075 650 2142 quibus
679 2091 842 2144 supra
883 2078 1288 2148 erposuit(55),
1332 2079 1477 2132 nulla
1508 2081 1582 2143 vi,

51 2166 314 2220 cmlestibus
343 2166 433 2222 vel
463 2167 840 2234 terrestribus,
874 2169 1234 2237 praesentibus
1267 2170 1350 2224 vel
1389 2171 1585 2226 futuris

49 2260 424 2314 adversantibus
469 2260 599 2319 sibi.
627 2260 798 2328 possit
825 2275 854 2313 a
880 2260 1084 2314 Christi
1117 2261 1387 2316 cbaritate
1429 2278 1586 2331 sepa-

53 2354 145 2416 rari,
169 2352 513 2406 contrarium
537 2361 594 2406 et
624 2352 940 2406 incredibile
971 2352 1248 2405 videretur
1273 2355 1418 2421 quod
1445 2370 1585 2408 nunc

48 2444 186 2498 dicere
211 2443 576 2514 proponebat,
609 2454 799 2512 Optare
843 2460 901 2498 se
949 2462 978 2498 a
1025 2447 1246 2499 Christo
1283 2462 1442 2516 quem
1476 2457 1584 2500 tam

49 2537 445 2605 inseparabiliter
483 2537 763 2606 diligebat,
803 2538 1094 2592 anathema
1142 2540 1280 2602 ﬁeri,
1327 2541 1428 2594 hoc
1478 2548 1582 2606 est,

46 2628 237 2682 alienum
260 2628 446 2693 efﬁci;
482 2643 550 2682 ne
577 2629 843 2683 mendacii
877 2639 1060 2682 notam
1082 2630 1192 2700 (56)
1218 2632 1401 2685 subire
1431 2631 1582 2685 vide—

46 2730 176 2782 retur,
209 2719 650 2775 satisfactionem
701 2721 1006 2789 praemittit,
1057 2732 1116 2775 ut
1147 2737 1484 2792 nequaquam
1515 2724 1584 2779 de

45 2812 130 2877 ejus
158 2827 412 2867 sermone
452 2814 748 2876 dubitatur,
784 2825 838 2868 et
877 2814 1052 2869 dicit:
1083 2834 1101 2866 t
1123 2817 1420 2872 Veritatem
1461 2818 1583 2874 dico

46 2901 82 2953 in
107 2903 328 2966 Christo,
365 2920 474 2958 non
523 2907 777 2968 mentior,
813 2908 1183 2962 testimonium
1221 2908 1352 2962 mihi
1393 2909 1580 2976 perhi-

46 2994 166 3048 beate
188 2997 530 3051 conscientia
565 3011 682 3050 mea
732 2998 786 3050 in
821 2997 1027 3067 Spiritu
1064 3009 1271 3054 sancto.
1301 3018 1319 3050 ι
1365 3000 1470 3055 Sed
1504 3002 1581 3054 vi-

43 3091 223 3144 deamus
251 3106 429 3160 quare
455 3089 674 3153 dixerit,
709 3109 728 3141 1
754 3090 1037 3145 veritatem
1058 3093 1182 3146 dico
1211 3093 1264 3146 in
1295 3092 1534 3156 Christo,
1557 3113 1575 3146 1

1699 631 1828 685 gens
1861 626 2045 686 pereat
2069 615 2180 686 (39)
2199 615 2246 646 ⁷⁸
2274 634 2287 669 :
2315 634 2332 666 1
2363 614 2456 668 sed
2478 622 2654 667 tamen
2685 615 2782 668 ista
2800 616 2999 668 veritas
3038 616 3266 670 nonfuit

1696 709 1750 762 in
1768 698 2004 764 Christo.
2021 708 2086 761 Et
2107 708 2225 762 ideo
2239 705 2544 774 Apostolus,
2562 705 2626 758 ad
2643 706 3046 760 distinctionem
3065 709 3264 760 verita-

1696 800 1764 855 tis
1783 800 1902 869 ejus
1922 814 2042 869 quae
2056 775 2212 853 citra
2231 797 2505 852 Christum
2527 807 2630 861 est,
2649 813 2708 852 se
2726 797 2856 852 dicit
2875 797 2926 850 in
2944 797 3163 851 Christo
3186 798 3264 852 lo-

1692 890 1784 959 qui
1806 891 2109 944 veritatem.
2136 888 2242 944 Sed
2264 899 2318 945 et
2341 889 2442 946 hoc
2465 891 2606 959 quod
2629 890 2756 942 dicit
2782 906 2795 941 :
2823 906 2844 939 ι
2870 887 3261 942 Testimonium

1693 983 1826 1037 mihi
1842 982 2154 1051 perhibente
2171 982 2504 1036 conscientia
2519 995 2635 1033 mea
2657 981 2708 1032 in
2723 979 2924 1047 Spiritu
2945 989 3152 1040 sancto,
3170 979 3267 1031 »εἰ-

1693 1073 1870 1125 milem
1888 1073 2014 1124 mihi
2033 1072 2230 1125 habere
2249 1070 2454 1124 videtur
2469 1068 2894 1137 intelligentiam.
2915 1068 3260 1122 Redditenim

1687 1165 1848 1234 61],
1884 1164 2246 1217 testimonium
2283 1161 2610 1216 conscientia
2644 1162 2807 1214 etiam
2836 1160 3086 1231 gentibus
3121 1175 3137 1224 ;
3169 1174 3261 1215 se-

1691 1258 1924 1308 cumlqu
1941 1255 2082 1324 quod
2117 1256 2168 1307 iu
2194 1254 2561 1323 superioribus
2594 1254 2732 1307 idem
2770 1249 3062 1322 Aposmlus
3081 1255 3256 1308 ait":

1698 1365 1716 1396 ι
1755 1345 2145 1400 Testimonium
2198 1347 2459 1399 reddente
2498 1344 2578 1398 eis
2629 1346 2986 1406 conscientia,
3017 1357 3072 1399 et
3119 1347 3260 1399 inter

1690 1453 1752 1492 se
1798 1438 2026 1491 invicem
2085 1438 2472 1505 cogitationum
2527 1438 2922 1502 accusantium,
2958 1449 3048 1490 aut
3090 1439 3255 1491 etiam

1689 1528 2117 1581 defendentium.
2157 1545 2175 1576 ι
2203 1524 2259 1578 111
2280 1525 2387 1580 illis
2427 1540 2560 1593 ergo
2589 1526 2643 1578 iu
2672 1525 2871 1594 quibus
2897 1524 3258 1593 cogitationes

1690 1633 1805 1673 suae
1839 1621 2043 1671 habent
2087 1616 2291 1685 aliquid
2322 1616 2464 1684 quod
2498 1625 2780 1680 accusent,
2821 1626 2875 1669 et
2919 1614 3255 1670 conscientia

1689 1711 1754 1763 ad
1792 1708 2156 1763 testimonium
2209 1707 2377 1768 venit,
2433 1721 2540 1760 non
2582 1714 2760 1772 potest
2811 1705 2917 1759 dici
2970 1703 3112 1772 quod
3158 1717 3258 1770 pro

1693 1799 1852 1852 malis
1906 1798 2116 1852 actibus
2166 1797 2279 1867 (40)
2335 1797 2389 1850 iu
2453 1797 2656 1865 Spiritu
2688 1806 2880 1849 sancto
2919 1794 3256 1849 conscientia

1618 1880 1662 1934 Β
1692 1889 2059 1944 testimonium
2094 1888 2306 1942 reddat.
2343 1886 2399 1940 In
2430 1887 2689 1956 Apostolo
2736 1901 2864 1940 vero
2912 1886 3005 1940 ubi
3048 1886 3257 1953 cogita-

1688 1985 1760 2036 tio
1783 1983 1894 2051 jam
1930 1998 2034 2034 non
2067 1981 2237 2034 habet
2268 1981 2412 2047 quod
2442 1989 2682 2041 accuset,
2717 1988 2865 2033 recte
2916 1977 3253 2031 conscientia

1686 2076 1738 2129 in
1765 2075 1965 2142 Spiritu
2003 2085 2198 2127 sancto
2251 2073 2624 2126 testimonium
2669 2072 2864 2125 reddit.
2900 2070 3029 2124 Vide
3067 2079 3249 2122 tamen

1687 2167 2118 2236 magnitudinem
2154 2167 2394 2234 pectoris
2426 2163 2731 2233 apostolici.
2774 2164 2820 2216 A
2853 2163 2950 2219 Dei
2984 2162 3254 2216 cbaritate

1686 2276 1790 2313 non
1827 2269 2008 2328 potest
2037 2258 2282 2328 separari
2309 2275 2322 2310 :
2362 2258 2507 2326 quod
2536 2257 2800 2324 loquitur,
2833 2257 2886 2309 in
2918 2256 3144 2310 Christo
3175 2255 3256 2309 lo-

1685 2351 1875 2418 quitur
1911 2348 2025 2418 (41)
2073 2365 2088 2402 :
2132 2347 2275 2415 quod
2327 2346 2381 2400 in
2428 2343 2762 2400 conscientia
2808 2343 2996 2407 habet,
3047 2339 3254 2410 Spiritu

1685 2449 1878 2496 sancto
1906 2439 2236 2494 continetur.
2283 2437 2409 2502 Qui,
2447 2450 2652 2504 quaaso,
2699 2434 2847 2500 caeli,
2903 2434 2993 2502 qui
3047 2433 3250 2497 throni,

1684 2547 1806 2603 quae
1837 2531 2190 2600 amplissima:
2235 2528 2496 2583 virtutqu
2532 2526 2835 2582 cmlestium
2884 2535 3093 2579 mentes
3142 2534 3252 2578 tant

1685 2622 1879 2692 amplis
1905 2623 2124 2679 sedibus
2153 2631 2323 2676 totam
2356 2628 2612 2689 poterunt
2667 2630 2863 2686 capere
2896 2615 3258 2672 Trinitatem?

1687 2736 1708 2770 ε
1744 2718 2032 2784 Quoniam,
2091 2715 2288 2784 inquit,
2343 2713 2566 2768 tristitia
2618 2720 2704 2768 est
2748 2711 2884 2770 mihi
2937 2725 3164 2782 magna,
3199 2719 3256 2764 et

1682 2807 1979 2864 continuus
2005 2805 2156 2860 dolor
2194 2801 2343 2859 cordi
2379 2816 2529 2859 meo.
2563 2821 2584 2856 ι
2621 2803 2774 2867 Esto,
2824 2801 3030 2856 habeas
3077 2801 3251 2855 tristi-

1683 2901 1813 2954 tiam
1841 2916 1856 2953 :
1887 2905 2029 2963 esto,
2061 2896 2301 2951 dolorem
2334 2897 2516 2966 capias
2563 2895 2631 2949 de
2663 2893 2971 2962 perditione
3017 2891 3252 2946 fratrum

1687 3003 1906 3046 tuorum
1974 3007 1994 3040 1
2039 2989 2132 3059 qui
2167 2996 2294 3043 sunt
2324 2986 2540 3055 cognati
2589 2985 2888 3040 secundum
2919 2997 3141 3038 carnem
3171 2999 3186 3035 :
3225 3001 3250 3033 ι

1683 3083 1928 3152 nunquid
1954 3096 2021 3137 eo
2055 3096 2224 3150 usque
2249 3087 2307 3134 ut
2339 3087 2494 3148 Optes
2522 3079 2807 3132 anathema
2854 3076 2970 3131 fieri
3013 3092 3044 3130 a
3090 3075 3253 3131 Chri-

41 3184 158 3244 quasi
202 3187 502 3240 ostendens
552 3198 672 3238 esse
716 3183 952 3252 aliquam
987 3184 1271 3239 veritatem
1309 3201 1429 3255 qua:
1471 3203 1578 3240 non
1608 3215 1648 3271 ρ
1684 3175 1812 3230 ειοῖ
1842 3174 1909 3229 Et
1937 3172 2067 3244 (ιυίά
2093 3173 2190 3228 libi
2226 3174 2445 3240 Ρνοάθει
2473 3171 2691 3271 ξηοΐξυη
2717 3169 2971 3271 ’ξθιυδιοιξὲ
3003 3178 3248 3270 "1.3.34"

41 3285 89 3324 δτι
132 3277 176 3327 in
220 3276 468 3329 Christo.
523 3275 588 3327 Et
635 3274 756 3327 vide
807 3275 852 3327 si
907 3275 1176 3342 possimus
1219 3275 1311 3330 tali
1344 3278 1575 3344 quodam

44 3365 160 3416 modo
190 3366 482 3419 veritatem
508 3379 630 3432 quae
674 3365 725 3418 iu
765 3363 982 3418 Christo
1011 3376 1117 3428 est,
1143 3365 1210 3419 ab
1237 3381 1298 3419 ea
1324 3381 1445 3435 quae
1473 3383 1576 3420 non

38 3463 96 3506 est
117 3457 160 3507 in
186 3455 432 3521 Christo,
465 3455 802 3522 distinguere
829 3473 841 3508 :
872 3455 999 3523 quia
1023 3463 1079 3510 et
1106 3455 1237 3510 alibi
1271 3457 1412 3510 idem
1435 3457 1578 3525 Apo-

41 3545 169 3599 stolus
202 3546 333 3600 dicit
365 3565 379 3600 :
411 3565 431 3598 t
460 3546 554 3600 Est
581 3546 785 3600 veritas
821 3546 1024 3600 Christi
1063 3547 1118 3600 in
1165 3560 1271 3611 me,
1309 3547 1435 3614 quia
1472 3563 1575 3600 non

39 3640 346 3692 mentior".i
386 3637 609 3695 Veritas
648 3651 776 3707 ergo
801 3637 1006 3692 Christi
1048 3652 1170 3692 esse
1201 3637 1473 3692 credenda
1495 3646 1579 3693 est

39 3730 107 3792 ibi,
121 3730 200 3784 ubi
219 3740 349 3785 sunt
363 3728 481 3801 ('57)
497 3739 555 3784 et
573 3729 795 3798 reliquae
811 3730 1040 3784 virtutes
1055 3728 1441 3798 quaeCht-istus
1458 3743 1580 3784 esse

36 3825 383 3877 describuntur
410 3840 424 3874 :
457 3822 511 3875 id
540 3830 648 3885 est,
688 3821 777 3874 tibi
805 3819 1040 3887 justitia,
1069 3821 1158 3875 ubi
1203 3836 1326 3890 pax,
1360 3820 1450 3875 ubi
1496 3829 1578 3874 est

37 3913 217 3966 verbum
244 3914 364 3980 Dei,
403 3913 481 3968 ibi
527 3924 612 3966 est
657 3922 709 3967 et
744 3912 948 3966 veritas
977 3910 1203 3967 Christi.
1248 3912 1343 3966 Est
1390 3921 1574 3965 autem

36 4005 196 4060 veritas
235 4017 292 4061 et
330 4007 385 4060 iu
421 4004 752 4073 iniustitia“
780 4021 794 4056 :
823 4015 880 4057 ut
917 4004 986 4067 si,
1025 4005 1178 4057 verbi
1213 4019 1401 4070 causa,
1432 4003 1579 4058 dica-

35 4112 144 4161 mus,
172 4100 500 4152 daemonium
548 4097 678 4150 illud
727 4096 1013 4166 PthOuis,
1060 4099 1206 4164 quod
1253 4096 1310 4150 in
1345 4095 1575 4150 Actibus

34 4189 361 4251 apostolorum
380 4190 430 4220 ⁷⁵
480 4189 714 4242 refertur
769 4189 821 4241 in
873 4187 1069 4241 ancilla
1121 4187 1353 4256 quadam
1415 4188 1571 4242 babi-

35 4287 165 4343 tasse,
201 4292 258 4335 et
299 4283 579 4335 clamasse
615 4289 739 4348 post
791 4279 1088 4347 apostolos,
1137 4281 1259 4346 quia
1301 4298 1318 4329 (
1344 4280 1396 4332 hi
1434 4281 1575 4333 servi

34 4366 102 4420 Dei
131 4374 320 4425 summi
367 4383 523 4432 sunt,
561 4371 652 4438 qui
705 4369 1038 4423 annuntiaut
1076 4370 1388 4424 hominibus
1429 4370 1570 4424 viam

35 4460 347 4526 Dci"i,erat
368 4463 576 4517 veritas
608 4463 660 4515 in
696 4463 782 4516 his
815 4463 994 4516 verbis
1021 4479 1036 4514 :
1062 4476 1246 4516 verum
1281 4463 1423 4516 enim
1457 4471 1577 4516 erat

1681 3268 1792 3323 lute
1822 3264 2136 3335 separeris?
2167 3274 2222 3318 et
2255 3264 2383 3333 quid
2405 3262 2650 3317 salvabis
2683 3261 2817 3314 alios
2862 3258 3000 3330 (42),
3043 3259 3089 3312 si
3136 3260 3253 3328 ipse

1681 3360 1917 3430 pereas?
1942 3358 2080 3424 Non,
2113 3358 2311 3428 inquit,
2338 3358 2412 3414 ita
2449 3367 2531 3413 est
2562 3356 2710 3428 (43):
2749 3356 2843 3411 sed
2879 3369 2978 3425 ego
3021 3355 3183 3410 didici
3218 3371 3250 3409 a

1679 3451 1942 3521 Magistro
1976 3461 2031 3505 et
2069 3451 2299 3505 Domino
2331 3464 2493 3516 meo,
2529 3449 2656 3518 quia
2690 3467 2710 3498 1
2740 3447 2834 3516 qui
2868 3449 2981 3502 vult
3011 3448 3250 3501 animam

1678 3559 1834 3598 suam
1868 3542 2073 3597 salvam
2104 3541 2310 3607 facere,
2344 3543 2532 3611 perdet
2559 3556 2680 3596 eam
2712 3557 2726 3603 ;
2786 3549 2840 3594 et
2873 3540 2963 3608 qui
3001 3540 3254 3608 perdide-

1681 3635 1751 3687 rit
1802 3649 1946 3699 eam,
1997 3633 2234 3687 inveniet
2277 3648 2396 3687 eam
2449 3632 2517 3684 ³ο.
2549 3650 2568 3682 1
2623 3631 2760 3697 Quid
2809 3646 2943 3700 ergo
2975 3631 3174 3684 tnirum
3205 3630 3254 3684 si

1677 3727 1965 3796 Apostolus
1997 3742 2098 3795 pro
2131 3726 2396 3780 fratribus
2439 3726 2552 3778 suis
2594 3725 2881 3778 anathema
2927 3722 3047 3778 ﬁeri
3097 3722 3254 3786 velit,

1679 3821 1768 3886 qui
1805 3819 1945 3872 sciat
1978 3833 2100 3872 eum
2127 3818 2218 3885 qui
2250 3828 2372 3870 erat
2408 3815 2461 3869 in
2495 3815 2669 3868 forma
2701 3814 2814 3878 Dei,
2847 3813 3162 3868 exinanisse
3193 3828 3257 3868 se

1678 3907 1742 3957 de
1797 3919 1884 3968 ea,
1917 3918 1982 3958 ac
2030 3904 2335 3972 suscepisse
2379 3901 2606 3956 formam
2654 3901 2798 3956 servi
2839 3902 2908 3965 δι,
2950 3911 3005 3955 et
3050 3901 3250 3956 factum

1677 4012 1796 4052 esse
1840 4011 1939 4065 pro
1975 3997 2129 4051 nobis
2159 3995 2508 4052 maledictum
2542 3997 2586 4029 ⁸³
2629 3996 2652 4050 7
2700 3996 2839 4063 Quid
2890 4011 3023 4066 ergo
3053 3997 3256 4050 mirum

1677 4091 1720 4142 si
1768 4104 1890 4142 cum
1950 4089 2210 4143 Dominus
2262 4103 2358 4157 pro
2412 4090 2585 4144 servis
2655 4090 3002 4143 maledictum
3073 4088 3254 4144 factus

1677 4182 1747 4236 sit
1775 4179 1910 4252 (44),
1941 4195 2131 4234 servus
2164 4195 2262 4248 pro
2295 4180 2561 4235 fratribus
2605 4182 2896 4235 anathema
2931 4180 3027 4235 fiat
3069 4180 3094 4234 '2
3140 4179 3253 4235 Hoc

1679 4281 1858 4325 autem
1896 4271 2134 4325 arbitror
2165 4285 2287 4326 esse
2314 4271 2457 4340 quod
2487 4279 2543 4325 et
2576 4271 2814 4342 Moyses,
2859 4287 2980 4325 cum
3029 4287 3252 4340 peccas-

1677 4371 1760 4417 set
1791 4361 2046 4431 populus,
2083 4361 2298 4416 dicebat
2333 4364 2400 4417 ad
2431 4363 2717 4418 Dominqu
2753 4363 2838 4417 ⁸³1
2876 4382 2895 4414 1
2932 4363 2996 4419 Et
3024 4379 3170 4418 nunc
3203 4366 3248 4418 si

1677 4458 1893 4522 quidem
1935 4456 2166 4511 remittis
2194 4456 2275 4512 eis
2304 4467 2612 4527 peccatum,
2643 4459 2894 4514 remitte:
2929 4460 3011 4512 sin
3046 4468 3251 4523 autem,

33 4557 139 4619 quod
170 4556 457 4610 dicebatur
482 4573 495 4607 :
535 4557 628 4608 sed
665 4571 770 4608 non
800 4564 916 4608 erat
951 4555 1053 4608 ista
1086 4555 1294 4609 veritas
1326 4555 1382 4609 in
1415 4555 1574 4608 Cbri-
1604 4560 1650 4615 Β
1679 4549 1795 4602 dele
1825 4563 1910 4602 me
1937 4551 2003 4603 de
2033 4548 2174 4602 libro
2207 4549 2331 4603 vita:
2358 4563 2519 4618 quem
2553 4550 2848 4618 scripsisti.
2871 4569 2890 4603 ι
2919 4550 3055 4616 Quid
3079 4566 3210 4618 ergo
3230 4551 3255 4602 ?

33 4654 118 4708 sto;
149 4656 202 4699 et
241 4656 531 4716 pr0pterea
567 4660 865 4700 conversus
899 4645 966 4699 ad
999 4660 1117 4699 eam
1152 4644 1353 4700 Paulus
1389 4646 1570 4700 dixit:

34 4735 386 4803 IOanutesce,
422 4747 480 4792 et
512 4738 599 4791 exi
637 4739 705 4791 ab
731 4754 791 4790 ea
814 4738 882 4791 ⁷⁷.
917 4755 934 4786 1
971 4735 1077 4790 Sed
1110 4747 1164 4791 et
1204 4737 1333 4792 illud
1369 4738 1571 4792 veritas

33 4823 107 4880 fuit
147 4835 284 4895 quod
332 4831 474 4886 dixit
521 4829 891 4898 Caiphas(38)
931 4848 944 4884 :
988 4849 1006 4880 1
1036 4828 1264 4899 Expedit
1309 4830 1461 4885 vobis
1511 4839 1571 4884 ut

78 4967 115 4997 τ’
139 4968 370 5036 ilom.tx,
393 4972 416 5026 1
437 4985 552 5036 seq.
576 4969 682 5023 ⁷³11
718 4970 842 5023 Cor.
868 4970 1057 5034 xt,10.
1133 4971 1180 5000 ⁷⁸
1199 4968 1356 5021 Rom.
1383 4984 1423 5030 t,
1453 4968 1536 5023 18.

34 5034 93 5088 30.
161 5039 204 5070 "
234 5034 385 5094 Rom.
415 5058 479 5104 II,
503 5034 594 5094 15.
670 5043 715 5072 ⁸⁰
739 5039 908 5094 Marc.
938 5056 1048 5105 Vill,
1089 5039 1180 5093 54.
1255 5039 1300 5068 ⁸³
1345 5039 1541 5107 Philip.
1589 5054 1649 5103 tt,
1680 5043 1732 5102 ii,
1764 5039 1817 5095 7.

78 5151 180 5215 (54)
239 5155 394 5217 Editi,
442 5170 542 5210 «et
600 5167 1004 5218 testamentum,
1058 5166 1109 5209 et
1165 5155 1454 5225 legislatio,
1511 5168 1566 5210 et

34 5219 330 5299 ihsequium,
357 5239 413 5281 et
437 5229 727 5299 promissa,
749 5243 980 5294 quorum
1007 5237 1188 5299 patres
1209 5219 1273 5278 ἐκ
1297 5227 1515 5299 quibus.
1544 5246 1564 5277 1

33 5287 75 5338 ill
101 5287 216 5355 post
248 5313 264 5345 1
286 5297 337 5349 in
372 5287 570 5351 sarcula
597 5316 616 5346 ι
648 5287 854 5350 addunt
903 5317 920 5347 I
943 5287 1287 5348 sae-culorum.
1316 5287 1510 5357 Amen,
1541 5317 1560 5348 ι

33 5372 122 5424 tua:
172 5375 439 5428 postrema
480 5369 645 5420 verba
691 5369 1018 5420 omittuntur
1067 5368 1120 5418 in
1167 5382 1298 5419 mss.
1341 5369 1561 5421 nostris.

79 5431 181 5506 (.55)
222 5433 310 5486 Ms.
337 5452 499 5501 unus,
535 5457 554 5486 1
585 5438 879 5489 secundum
907 5450 971 5489 ea
990 5450 1122 5506 quae
1144 5451 1304 5504 supra
1330 5439 1522 5506 posuit.
1540 5456 1558 5486 )

33 5492 203 5574 Deinde
246 5506 365 5559 editi
419 5492 745 5574 perperam,
806 5524 826 5556 t
883 5492 1034 5558 nulla
1070 5507 1122 5558 in
1153 5492 1562 5562 cdalesiibus....

33 5567 558 5646 idversaptihus'sibi,
577 5567 828 5629 creatura
854 5575 1115 5642 possit....
1136 5576 1434 5644 separari,»
1459 5587 1564 5632 etc.

76 5638 182 5710 (ξ’)β)
217 5641 370 5710 Editi,
407 5663 428 5696 ι
457 5659 512 5700 et
540 5638 802 5699 mendacii
833 5638 1040 5699 notam.
1078 5664 1097 5695 )

77 5709 186 5784 (ξῖ)
216 5710 364 5784 ξηηι.
399 5715 565 5770 Deest
592 5717 644 5768 in
676 5717 838 5769 editis
861 5727 916 5767 et
941 5717 993 5766 iu
1027 5713 1300 5784 plerisque
1328 5730 1457 5770 mss.

215 5777 369 5858 Edidi,
400 5804 418 5835 1
447 5795 566 5839 erat
606 5786 903 5858 quoddixit
935 5775 1186 5858 Gaipltas.
1212 5775 1246 5836 ’1

80 5849 192 5911 (59)
228 5851 308 5908 Sic
340 5870 438 5908 ms.
488 5849 652 5920 unus,
697 5857 826 5908 editi
873 5863 923 5908 ct
973 5849 1246 5907 Rtibanus.
1281 5854 1403 5910 Mss.
1441 5872 1564 5910 vero

1614 4971 1658 5000 ⁷⁵
1684 4969 1803 5021 Act.
1836 4969 2104 5033 χν1.16,ξ
2141 4965 2187 4995 ⁷⁸
2210 4964 2335 5017 ibid.
2367 4965 2452 5018 17.

1675 4639 1995 4694 luferiorem
2029 4639 2110 4693 vis
2143 4637 2326 4709 MoySe
2349 4640 2578 4693 Paulum
2613 4641 2832 4694 videri?
2860 4641 2952 4694 llle
2997 4656 3055 4694 se
3083 4641 3251 4693 deleri

1680 4734 1816 4800 petit
1844 4735 1908 4786 de
1935 4733 2076 4786 libro
2106 4732 2232 4786 vita:
2265 4748 2364 4801 pro
2400 4733 2664 4788 fratribus
2695 4734 2808 4788 suis
2855 4750 2869 4798 ;
2911 4733 3108 4786 Paulus
3145 4747 3248 4784 non

1680 4831 1840 4884 debet
1890 4837 2082 4898 optare
2133 4827 2424 4901 anathema
2469 4841 2587 4881 esse
2633 4841 2731 4894 pro
2782 4827 3040 4878 fratribus
3085 4824 3251 4878 suis?

2533 4967 2577 4996 '”
2608 4965 2736 5019 ibid.
2764 4967 2847 5020 18.
2925 4968 2972 4998 ⁷³
2997 4965 3152 5019 Joau.
3171 4981 3247 5033 XI,

1893 5041 1938 5070 ⁸³
1962 5038 2142 5094 Galat.
2176 5050 2258 5099 III,
2288 5035 2372 5088 15.
2449 5035 2496 5066 ³³
2517 5036 2683 5089 Exod.
2718 5053 2890 5104 χχχιι,
2933 5037 3022 5102 3i,
3055 5038 3142 5092 52.

1677 5157 1920 5226 quidam,
1963 5176 1982 5208 r
2024 5166 2130 5211 tota
2160 5173 2290 5226 gens
2317 5165 2520 5224 pereat.
2563 5175 2582 5208 I

1748 5225 1862 5294 (40)
1890 5227 2052 5290 Etliti,
2087 5244 2106 5277 ι
2138 5225 2236 5294 pro
2267 5237 2398 5293 quot
2427 5226 2582 5280 malis
2607 5225 2842 5281 actibus.
2871 5244 2891 5276 ι

1750 5294 1864 5365 (lit)
1897 5299 1990 5351 Sic
2017 5313 2116 5350 ins.
2155 5313 2292 5348 unus
2320 5307 2372 5348 et
2408 5294 2682 5352 Rabanns.
2709 5296 2850 5348 Editi
2873 5311 3007 5349 vero
3027 5305 3082 5350 et
3113 5313 3248 5354 mss.

1673 5366 1916 5436 plerique
1949 5381 2230 5434 perperam
2267 5367 2490 5429 habent,
2524 5382 2542 5410 σ
2577 5366 2727 5431 Quod
2773 5366 2985 5435 loquor,
3014 5367 3066 5420 iu
3095 5368 3255 5423 Chri-

1673 5451 1758 5492 sto
1789 5438 2004 5504 loquor,
2041 5455 2059 5488 1
2103 5445 2158 5488 et
2189 5445 2398 5503 postea,
2457 5453 2475 5485 t
2517 5436 2570 5488 in
2601 5436 2810 5505 Spiritu
2844 5449 3035 5490 sancto
3077 5443 3253 5493 centi-

1670 5519 1849 5562 Izetur.
1890 5526 1907 5556 1

1772 5577 1860 5648 42)
1894 5574 2058 5637 Editi,
2103 5592 2122 5624 ‹
2146 5583 2199 5626 et
2234 5588 2330 5626 cur
2352 5573 2592 5648 salvahis
2622 5575 2778 5648 alios.
2813 5596 2832 5628 1
2869 5576 2994 5631 Mss.
3026 5580 3248 5648 quidam

1676 5657 1731 5700 et
1759 5645 2040 5708 liabauus,
2081 5662 2100 5694 1
2131 5654 2184 5696 et
2219 5646 2360 5711 quod
2403 5645 2639 5699 salvabis
2666 5646 2822 5700 alios.
2861 5667 2880 5699 I

1749 5716 1857 5782 (=13)
1893 5715 2056 5778 Editi,
2087 5737 2105 5764 ι
2141 5713 2390 5780 Nunquid
2423 5715 2493 5766 ita
2526 5726 2606 5769 est
2629 5717 2652 5768 ’ἐ
2686 5736 2704 5767 1
2748 5719 2907 5770 male.

1749 5725 1838 5782 (to
1893 5725 2056 5778 Edttt,
2087 5737 2105 5764 ι
2141 5725 2390 5780 Dlttltqtlld
2423 5726 2493 5766 Ita
2526 5726 2606 5769 est
2629 5725 2652 5768 ’ἵ
2686 5736 2704 5767 1
2748 5725 2907 5770 male.

1747 5725 1857 5854 (Hi
1894 5784 2058 5857 Editi,
2092 5802 2110 5832 1
2139 5784 2466 5857 sitrfactum.
2504 5805 2521 5836 1
2561 5787 2622 5839 Et
2652 5798 2866 5857 postea,
2927 5807 2944 5838 1
2991 5785 3112 5844 Η.ρο
3147 5805 3252 5842 an-

1677 5865 1782 5910 tem
1815 5855 2050 5908 arbitror
2085 5856 2250 5920 quod,
2301 5873 2315 5904 1
2349 5865 2456 5907 etc.
