3768 6546
491 380 626 434 1159

1919 375 2240 431 ORIGENIS

3625 369 3678 423 11
3691 371 3745 424 40

490 503 596 556 Sed
639 501 876 555 fortasse
919 499 1066 554 dicat
1117 498 1338 569 aliquis,
1394 499 1517 568 quia
1561 497 1771 569 Moyses
1803 499 1907 551 hoc
1943 497 2075 552 θῦεν
2105 507 2146 560 Α
2179 496 2508 567 propitiatus
2542 495 2684 549 Deus
2719 494 2829 563 (55)
2885 492 3157 546 revocavit
3188 507 3311 554 eos,
3338 499 3397 546 et
3433 490 3489 544 in
3525 491 3738 545 haeredi-

495 607 640 654 rens,
683 591 914 645 salutem
966 589 1166 658 popqu
1218 589 1418 642 meruit
1460 590 1754 656 impetrare
1809 603 1824 642 :
1869 589 2068 645 Paulus

494 699 624 738 vero
659 692 816 751 optat
859 682 1098 750 quidem,
1158 683 1253 734 sed
1300 697 1406 735 non
1439 691 1524 734 est
1563 682 1804 738 auditus.
1844 675 1982 747 Quid
2021 683 2066 734 si

494 775 780 827 ostendam
815 773 911 825 tibi
954 773 1126 841 magis
1160 771 1390 824 Paulum
1427 771 1669 824 auditum
1709 786 1852 835 esse,
1905 788 2068 841 quam

497 865 765 936 Moysen?
797 865 996 919 Omnes
1031 865 1174 918 enim
1201 865 1275 918 illi
1299 865 1393 934 qui
1427 879 1522 932 per
1565 863 1788 933 Moysen
1822 864 2069 918 exierant

497 961 564 1010 de
609 955 845 1028 Egypto
898 955 1034 1023 (l5),
1082 957 1395 1010 ceciderunt
1450 956 1503 1009 in
1557 956 1797 1010 deserto.
1860 955 2065 1010 Posteri

498 1063 627 1102 vero
657 1064 846 1104 eorum
880 1049 971 1118 qui
1005 1058 1208 1102 terram
1241 1049 1687 1118 repromissionis
1714 1058 2064 1118 acceperunt,

497 1140 658 1193 etiam
699 1154 842 1194 nunc
873 1149 1135 1210 vagantur
1168 1143 1280 1214 (46)
1317 1143 1384 1198 ab
1432 1157 1497 1196 ea
1531 1145 1750 1197 exsules
1788 1153 1843 1197 et
1886 1153 2071 1196 extor-

499 1247 604 1284 res.
637 1231 838 1286 Paulus
866 1245 995 1286 vero
1023 1231 1148 1285 audi
1173 1234 1300 1302 quid
1333 1235 1478 1288 dicat
1524 1234 1590 1288 de
1626 1234 1797 1288 Israel
1831 1251 1845 1288 :
1879 1253 1899 1284 ε
1933 1232 2067 1288 Nolo

498 1338 612 1387 vos,
647 1325 842 1393 inquit,
868 1323 1144 1394 ignorare,
1172 1325 1394 1390 fratres,
1426 1326 1746 1396 mysterium
1782 1327 1906 1391 hoc,
1941 1327 2066 1394 quia

494 1417 713 1470 caecitas
741 1432 807 1470 ex
839 1427 992 1485 parte
1033 1417 1217 1472 Israeli
1250 1418 1484 1489 contigit
1511 1417 1648 1488 (47),
1685 1419 1857 1473 donec
1897 1417 2070 1486 pleni-

497 1510 626 1561 tudo
657 1509 900 1577 gentium
930 1510 1288 1574 subintraret,
1335 1519 1390 1564 et
1437 1509 1516 1564 sic
1545 1509 1722 1563 omnis
1763 1509 1927 1562 Israel
1960 1509 2068 1562 sal-

493 1615 592 1653 vus
625 1602 779 1653 lieret
810 1599 878 1652 “.
919 1620 938 1652 ι
989 1601 1150 1656 Vides
1175 1616 1306 1672 ergo
1334 1601 1464 1670 quia
1500 1603 1788 1656 exauditus
1818 1610 1901 1654 est
1930 1600 2069 1653 Pau-

492 1693 575 1745 lns
621 1705 676 1747 et
710 1695 834 1761 quia
883 1709 944 1748 se
989 1693 1188 1748 obtulit
1229 1696 1540 1758 anathema,
1596 1695 1826 1748 salutem
1873 1695 2070 1748 meruit

489 1783 773 1838 fratribus-
808 1786 872 1838 Et
901 1787 1020 1839 ideo
1069 1786 1200 1839 mihi
1253 1788 1474 1840 videtur
1504 1786 1594 1840 illa
1625 1790 1806 1840 omnia
1851 1787 2064 1855 praemi-

489 1878 648 1941 sisse,
677 1879 818 1946 quod
844 1880 988 1932 nulla
1019 1880 1068 1932 vi
1095 1880 1261 1948 possit
1280 1897 1308 1932 a
1332 1880 1423 1934 Dei
1444 1880 1714 1935 charitate
1735 1881 1910 1934 divelli
1929 1880 2061 1948 (48),
2098 1867 2139 1920 Β

490 1978 549 2020 nt
573 1984 694 2022 cum
729 1983 788 2023 se
817 1967 974 2023 offert
1007 1971 1303 2024 anathema
1334 1984 1433 2038 pro
1479 1971 1748 2025 fratribus
1777 1972 1918 2032 suis,
1954 1985 2061 2023 non

479 2057 698 2128 lapsum
730 2059 845 2127 ejus
879 2059 1191 2130 possibilem
1237 2060 1451 2128 judices
1485 2076 1500 2114 :
1535 2063 1630 2116 sed
1667 2063 1808 2116 sicut
1854 2060 1942 2116 ille
1974 2060 2065 2129 qui

489 2151 870 2220 inseparabilis
901 2169 930 2206 a
969 2153 1130 2208 Patre
1156 2161 1241 2206 est
1291 2169 1388 2222 per
1423 2167 1698 2218 naturam,
1742 2164 1796 2208 et
1837 2155 2062 2206 immor-

491 2243 614 2297 talis
647 2245 700 2297 in
738 2255 969 2298 mortem
1000 2246 1170 2306 venit,
1205 2253 1259 2299 et
1292 2246 1345 2298 in
1377 2245 1592 2300 inferna
1623 2247 1932 2310 descendit;
1986 2246 2062 2298 ita

486 2343 542 2386 et
574 2332 676 2386 iste
702 2333 969 2388 imitando
1000 2336 1349 2403 magistrum,
1381 2351 1504 2388 cum
1537 2337 1780 2404 separari
1810 2351 1838 2389 a
1863 2336 2064 2390 Christi

490 2427 762 2479 charitate
790 2442 899 2478 non
937 2427 1133 2496 possit,
1171 2443 1198 2480 a
1233 2428 1456 2482 Christo
1505 2429 1793 2482 anathema
1835 2433 1930 2482 liat
1967 2443 2064 2497 pro

490 2516 752 2572 fratribus
793 2517 927 2578 suis.
975 2519 1262 2573 devotione
1315 2519 1521 2588 utique,
1585 2536 1691 2573 non
1743 2522 2064 2589 praevarica-

493 2614 660 2665 tione.
689 2609 844 2677 Quod
874 2621 1053 2665 autem
1085 2631 1103 2662 (
1143 2612 1361 2682 cognati
1392 2613 1693 2668 secundum
1723 2627 1945 2667 carnem
1963 2613 2008 2644 ⁸⁸
2039 2631 2057 2664 ι

488 2704 600 2757 sint
636 2701 804 2758 Paulo
835 2704 1117 2767 Israelita',
1140 2705 1475 2775 expositione
1509 2720 1611 2758 non
1640 2706 1859 2773 indiget.
1885 2725 1903 2756 ι
1929 2705 2069 2772 Quo-

488 2810 632 2857 rum,
674 2795 868 2864 inquit,
924 2796 1147 2864 adoptio
1199 2807 1282 2850 est
1338 2796 1456 2865 (49)
1500 2797 1732 2851 filiorum
1761 2799 1827 2851 ⁸⁸.
1881 2817 1900 2849 ι
1948 2797 2064 2851 Ad-

485 2887 653 2955 optati
687 2889 886 2941 etenim
913 2897 1041 2942 sunt
1070 2889 1162 2942 lilii
1191 2890 1354 2942 lsrael
1383 2905 1413 2942 a
1444 2891 1550 2944 Deo
1580 2902 1707 2945 tunc
1731 2909 1749 2942 ι
1779 2908 1902 2946 cum
1927 2893 2063 2947 divi-

489 2979 638 3031 deret
665 2978 926 3034 Excelsus
954 2990 1162 3047 gentes,
1219 2992 1276 3034 et
1336 2983 1676 3052 dispergeret
1715 2985 1855 3038 filios
1887 2987 2062 3040 Adam

489 3071 785 3124 secundum
836 3087 1122 3125 numerum
1175 3074 1494 3143 angelorum
1526 3075 1621 3129 Dei
1675 3076 1814 3147 (50),
1841 3087 1890 3131 et
1922 3079 2062 3134 facta

487 3170 569 3214 εει
600 3162 776 3230 portio
821 3161 1036 3216 Domini
1090 3161 1281 3226 Jacob,
1313 3177 1365 3219 et
1397 3165 1671 3221 funiculus
1729 3169 2062 3226 haereditatis

487 3252 604 3320 ejus
639 3253 804 3309 Israel
838 3255 906 3310 ⁸⁷.
950 3275 967 3307 ι
1002 3257 1107 3310 lsta
1145 3268 1230 3311 est
1259 3273 1390 3327 ergo
1421 3261 1638 3328 adOptio
1670 3261 1926 3316 filiorum.
1953 3283 1970 3314 ι
1999 3265 2064 3319 Et

484 3344 680 3414 gloria,
713 3357 767 3401 et
797 3357 1118 3402 testamenta
1143 3349 1277 3419 (51),
1299 3361 1355 3404 et
1376 3351 1664 3418 lcgislatio.
1707 3372 1726 3404 ι
1786 3354 1860 3409 De
1893 3356 2063 3426 gloria

487 3438 609 3491 latae
653 3439 785 3507 legis
815 3440 1090 3508 saepeiam
1125 3441 1327 3494 dictum
1361 3453 1468 3505 est,
1500 3444 1640 3498 sicut
1667 3456 1721 3498 et
1756 3446 1871 3515 ipse
1915 3449 2064 3517 Apo-

487 3528 660 3582 stolus
691 3529 868 3582 dicit:
907 3546 930 3579 ι
967 3530 1024 3583 Si
1066 3531 1212 3583 enim
1249 3531 1392 3598 quod
1437 3544 1756 3599 evacuatur,
1808 3552 1909 3606 per
1950 3539 2066 3608 glo-

489 3622 628 3673 riam
660 3630 768 3687 est,
811 3641 829 3673 ι
865 3623 973 3676 hoc
1005 3632 1090 3677 est
1119 3621 1286 3678 Vetus
1340 3624 1776 3696 Testamentum,
1829 3650 1847 3682 ι
1895 3633 2064 3688 ηιυΙιο

489 3713 664 3783 magis
692 3717 838 3782 quod
876 3724 1080 3781 manet,
1136 3716 1189 3768 in
1254 3715 1424 3785 gloria
1469 3729 1552 3772 est
1600 3721 1666 3786 ⁸⁸,
1707 3741 1726 3774 ι
1785 3723 2063 3795 Evangelii

487 3805 694 3860 scilicet
718 3808 1049 3874 prmdicatio.
1103 3808 1215 3863 Se'd
1257 3811 1402 3878 quod
1462 3812 1612 3877 dicit,
1652 3832 1670 3864 ι
1710 3813 2062 3873 Testamenta

483 3907 540 3952 et
573 3899 861 3969 legislatio,
907 3920 925 3951 ι
962 3917 1129 3954 unum
1168 3899 1402 3956 fortasse
1431 3903 1614 3959 dicere
1650 3906 1923 3962 videatur.
1950 3910 2061 3963 Lex

482 3994 628 4047 enim
662 4009 783 4062 quae
816 3994 920 4047 lata
946 4005 1050 4058 est,
1085 3997 1202 4064 ipsa
1235 3996 1402 4050 etiam
1433 3995 1844 4054 Testamentum
1878 4004 2064 4072 appel-

486 4085 654 4139 latur.
688 4086 793 4140 Sed
832 4101 932 4154 ego
965 4088 1110 4142 hanc
1138 4102 1258 4142 esse
1288 4087 1696 4144 distinctionem
1728 4104 1879 4160 puto,
1917 4097 2061 4164 quod

487 4177 756 4247 legislatio
795 4179 1014 4246 quidem
1042 4178 1208 4232 fuerit
1248 4195 1380 4245 una,
1433 4190 1487 4233 et
1523 4183 1695 4237 semel
1730 4185 1912 4240 habita
1959 4204 2063 4257 per

483 4269 744 4340 Moysen;
777 4279 1104 4324 testamenta
1159 4286 1290 4325 vero
1328 4271 1438 4342 (52)
1492 4271 1809 4342 frequenter
1854 4289 2058 4332 statuta

482 4372 628 4416 sunt.
663 4361 891 4428 Quoties
928 4363 1070 4417 enim
1121 4376 1508 4432 peccaverunt,
1558 4377 1612 4419 et
1659 4368 1854 4436 abjecti
1911 4381 2058 4438 sunt,

484 4455 644 4508 toties
667 4455 999 4508 ethredati
1031 4454 1306 4508 videntur.
1347 4456 1409 4510 Et
1452 4473 1698 4521 rursum,
1727 4462 1942 4528 quoties
1970 4478 2060 4518 re-

584 4548 632 4582 ⁸⁵
658 4549 811 4602 Boni.
839 4567 914 4612 XI,
941 4550 1031 4609 95.
1066 4551 1154 4605 26.
1235 4552 1280 4583 ⁸⁸
1299 4555 1452 4606 Rom.
1488 4570 1561 4618 Ix,
1587 4554 1640 4607 5.

482 4619 538 4673 7t
612 4621 659 4652 '°
689 4620 829 4674 Osc.
864 4622 1053 4679 "(.12.
1132 4623 1175 4653 ⁸⁸
1203 4623 1334 4675 Luc.
1384 4640 1440 4681 Il.
1482 4625 1570 4676 54.

482 4689 534 4744 5.
611 4691 698 4744 "l
728 4691 854 4746 Cor.
878 4707 995 4757 vni,
1021 4691 1074 4746 6.
1151 4695 1193 4724 ’τ
1224 4694 1364 4747 l’sal.
1392 4711 1536 4757 xeix,
1564 4697 1616 4748 5.

1718 4556 1764 4587 ⁸⁸
1790 4557 1916 4614 ibid.
1968 4561 2023 4616 4.
2099 4560 2141 4591 ⁸⁷
2169 4558 2322 4614 Deut.
2351 4574 2526 4620 xxxu,
2554 4558 2606 4620 8,
2637 4558 2690 4611 9.

1687 4627 1731 4658 ³³
1755 4626 1902 4686 Psal.
1934 4647 2066 4696 XVII,
2100 4632 2192 4688 45.

2173 599 2335 642 talem
2389 604 2502 642 suae
2551 587 2914 656 possessionis
2966 586 3208 651 adduxit,
3248 584 3414 638 toties
3471 596 3740 651 nparasse

2172 691 2521 748 testamenta,
2577 691 2631 736 et
2668 683 2910 736 haeredes
2961 697 3052 735 eos
3101 680 3399 750 scripsisse
3453 681 3742 732 credendus

2169 784 2271 830 est.
2309 793 2327 824 ι
2358 775 2424 828 Et
2451 774 2798 842 obsequium,
2826 783 2881 826 et
2911 773 3325 841 promissiones.
3360 791 3380 823 ι
3420 769 3742 838 Obsequium

2171 867 2529 920 sacerdotalia
2569 866 2703 919 dicit
2731 865 2908 920 ollicia
2951 883 2964 918 :
3018 865 3180 935 612
3220 882 3238 915 ί
3279 862 3691 932 promissiones,
3719 878 3740 916 ι

2169 976 2308 1029 quae,
2344 962 2591 1030 patribus
2647 959 2805 1012 factze
2849 971 2995 1022 sunt,
3033 969 3085 1012 et
3115 968 3416 1026 sperantur
3453 959 3641 1010 danda:
3667 958 3742 1012 bis

2171 1055 2261 1122 qui
2299 1069 2399 1122 per
2433 1053 2597 1108 fidem
2631 1052 2729 1106 lilii
2763 1053 3024 1108 dicuntur
3046 1051 3283 1106 Abrahae
3309 1050 3380 1104 θ’.
3414 1049 3634 1103 Certum
3665 1060 3743 1102 est

2173 1158 2352 1200 tamen
2389 1147 2532 1215 quod
2567 1146 2731 1200 etiam
2787 1145 3088 1200 secundum
3129 1159 3357 1199 carnem
3396 1160 3466 1198 ex
3507 1145 3624 1212 ipso
3655 1160 3740 1213 ge-

2170 1254 2320 1303 nere,
2353 1239 2458 1292 hoc
2483 1249 2565 1293 est
2595 1253 2660 1292 ex
2697 1238 3014 1303 Israelitico,
3058 1237 3260 1291 fuerint
3293 1251 3404 1290 non
3435 1237 3606 1290 solum
3654 1252 3740 1303 pa-

2172 1339 2304 1391 tres.
2335 1330 2429 1384 sed
2457 1340 2513 1383 et
2542 1329 2813 1395 Christus,
2859 1329 3003 1384 sicut
3045 1338 3099 1382 et
3155 1344 3253 1396 per
3296 1328 3618 1398 prOphetam
3664 1331 3740 1380 di-

2171 1422 2250 1477 cit
2275 1421 2390 1491 (54)
2425 1440 2438 1474 :
2477 1441 2495 1471 ι
2538 1419 2630 1476 Vae
2658 1421 2787 1484 illis,
2811 1423 2934 1488 quia
2962 1435 3092 1474 caro
3117 1434 3236 1474 mea
3267 1435 3334 1474 ex
3374 1421 3509 1488 ipsis
3535 1419 3735 1472 est”.i

2175 1515 2288 1568 Cur
2321 1525 2504 1568 autem
2540 1530 2561 1565 ι
2601 1528 2680 1566 vae
2715 1513 2865 1567 illis?
2894 1531 2913 1565 ι
2952 1511 3091 1578 Quia
3127 1521 3294 1565 natus
3327 1522 3416 1565 est
3458 1509 3616 1564 Jesus
3648 1533 3664 1560 ι
3697 1513 3739 1563 in

2171 1605 2380 1658 ruinam
2436 1614 2493 1658 et
2550 1606 2602 1658 in
2666 1605 3124 1663 resurrectionem
3173 1611 3472 1657 multorum
3509 1603 3575 1668 ἰ,
3630 1622 3650 1654 ι
3697 1611 3741 1655 et

2170 1697 2296 1764 quia
2325 1696 2393 1749 ab
2430 1694 2539 1748 illis
2575 1709 2805 1762 quorum
2839 1710 2969 1750 caro
3005 1704 3146 1758 erat,
3180 1693 3504 1763 repudiatus
3545 1704 3653 1756 est,
3694 1703 3741 1747 et

2172 1804 2200 1838 a
2256 1789 2511 1858 gentibus
2544 1803 2572 1838 a
2609 1788 2810 1855 quibus
2865 1787 3237 1858 ignorabatur,
3296 1796 3588 1854 susceptus
3646 1798 3738 1850 est,

2169 1883 2311 1937 sicut
2338 1892 2387 1936 et
2427 1897 2522 1949 per
2551 1881 2716 1934 David
2752 1880 2920 1934 dicit:
2964 1897 2982 1929 ε
3015 1878 3274 1946 Populus,
3312 1893 3478 1947 quem
3512 1892 3618 1931 non
3650 1892 3733 1930 co-

2168 1976 2354 2045 gnovi,
2393 1973 2619 2027 servivit
2641 1972 2772 2026 mihi
2798 1974 2864 2026 ".
2899 1991 2917 2024 »
2954 1972 3028 2026 Ex
3060 1972 3192 2038 ipsis
3223 1985 3360 2039 ergo
3395 1981 3480 2024 est
3512 1981 3567 2024 et
3594 1971 3741 2025 Chrio

2169 2077 2284 2121 stus
2336 2067 2634 2120 secundum
2695 2079 2936 2118 carnem.
2987 2081 3004 2113 ι
3041 2063 3142 2129 Qui
3203 2075 3289 2115 est
3346 2077 3516 2130 super
3565 2063 3739 2115 omnia

2171 2159 2310 2210 Deus
2346 2155 2668 2210 benedictus
2703 2155 2755 2208 in
2789 2153 2987 2208 saecula
3016 2154 3081 2206 ’³.
3118 2173 3136 2204 ι
3172 2153 3463 2206 Christum
3499 2151 3645 2204 aliud
3669 2167 3742 2205 se-

2167 2246 2402 2300 cundum
2441 2259 2660 2300 carnem
2697 2259 2839 2306 esse,
2882 2254 2936 2298 et
2960 2245 3106 2297 aliud
3138 2243 3445 2297 secundum
3469 2245 3738 2312 spiritum,

2161 2337 2276 2406 jam
2301 2348 2358 2391 et
2388 2337 2443 2390 in
2473 2335 2746 2404 prioribus
2801 2333 2964 2404 huius
3012 2332 3274 2402 Epistola:
3310 2334 3556 2400 partibus
3603 2335 3739 2385 desi-

2167 2435 2377 2503 gnavit,
2411 2431 2501 2486 ubi
2531 2429 2696 2485 dicit:
2733 2447 2752 2481 ι
2791 2429 2891 2494 Qui
2925 2428 3100 2482 factus
3125 2436 3210 2482 est
3241 2442 3308 2480 ex
3331 2427 3543 2481 semine
3582 2426 3742 2478 David

2167 2525 2464 2580 secundum
2519 2537 2760 2586 carnem,
2798 2521 2890 2591 qui
2949 2521 3253 2574 destinatus
3291 2529 3380 2573 est
3435 2519 3602 2573 Filius
3655 2517 3741 2570 Dei

2168 2617 2225 2670 in
2256 2616 2476 2680 virtute,
2510 2613 2812 2668 secundum
2851 2612 3101 2682 spiritum
3139 2610 3605 2666 sanctificationis
3635 2609 3698 2661 ε’δ.
3721 2626 3738 2659 i

2165 2709 2234 2762 Ει
2277 2707 2551 2777 quomodo
2596 2705 2896 2761 secundum
2937 2704 3189 2772 spiritum
3238 2702 3415 2756 Filius
3445 2701 3535 2755 Dei
3571 2703 3669 2763 sit,
3699 2711 3745 2752 et

2167 2801 2464 2856 secundum
2500 2813 2719 2853 carnem
2754 2797 2896 2850 filius
2926 2795 3118 2861 David,
3153 2795 3224 2848 ibi
3247 2795 3364 2862 (55)
3400 2795 3614 2863 plenius
3654 2809 3741 2860 pro

2171 2893 2378 2946 viribus
2410 2891 2786 2959 exposuimus.
2823 2889 2993 2956 Quem
3027 2901 3159 2956 ergo
3190 2887 3262 2941 ibi
3295 2887 3593 2940 secundum
3642 2887 3745 2952 spi-

2169 2985 2334 3038 ritum
2380 2983 2578 3036 Filium
2613 2982 2707 3035 Dei
2749 2980 2904 3042 dixit,
2969 2979 3058 3033 hic
3112 2977 3450 3045 procedente
3489 2979 3740 3031 doctrina.-

2169 3077 2384 3141 ordine,
2431 3076 2844 3146 prolicientibus
2902 3082 3090 3142 utpote
3145 3071 3516 3139 auditoribus,
3576 3072 3739 3124 Deum

2175 3190 2193 3220 ι
2228 3170 2320 3239 qui
2350 3179 2436 3224 est
2471 3183 2636 3238 super
2663 3167 2846 3226 omnia
2897 3165 3215 3220 benedictus
3255 3167 3303 3197 ⁸⁵
3349 3163 3461 3235 (56)
3495 3183 3514 3215 ι
3571 3163 3739 3230 ipsum

2167 3279 2288 3319 esse
2320 3263 2664 3334 pronuntiat.
2701 3259 2769 3313 Et
2805 3259 2972 3313 miror
2999 3259 3274 3328 quomodo
3309 3258 3528 3327 quidam
3557 3257 3739 3323 legen-

2167 3364 2247 3408 tes
2283 3354 2425 3423 quod
2463 3351 2604 3406 idem
2657 3349 2950 3420 Apostolus
3001 3350 3052 3402 in
3097 3349 3222 3402 aliis
3279 3349 3415 3402 dicit
3464 3366 3478 3402 :
3533 3366 3550 3398 ι
3595 3346 3738 3401 Unus

2167 3445 2307 3498 Deus
2340 3443 2520 3507 Pater,
2545 3457 2613 3496 ex
2643 3457 2751 3510 quo
2784 3441 2966 3494 omnia
2996 3458 3009 3492 :
3042 3448 3098 3493 et
3129 3453 3272 3493 unus
3298 3438 3556 3492 Dominus
3589 3437 3741 3490 Jcsus

2167 3538 2442 3600 Christus,
2479 3552 2575 3604 per
2609 3550 2770 3604 quem
2803 3535 2986 3588 omnia
3011 3534 3080 3599 ⁸⁸,
3114 3551 3133 3583 i
3181 3542 3389 3600 negent
3419 3531 3609 3584 Filium
3649 3529 3739 3582 Dei

2169 3629 2338 3682 Deum
2367 3627 2568 3680 debere
2599 3625 2869 3694 profiteri,
2895 3641 2962 3678 ne
2979 3627 3115 3678 duos
3139 3625 3270 3677 deos
3302 3625 3486 3676 dicere
3519 3622 3739 3674 videan-

2169 3729 2276 3772 tur.
2317 3717 2385 3772 Et
2417 3717 2547 3786 quid
2598 3718 2665 3772 de
2707 3718 2812 3771 hoc
2859 3715 2981 3769 loco
3020 3715 3264 3785 Apostoli
3301 3714 3519 3775 facient,
3551 3712 3605 3764 in
3638 3723 3742 3777 qua

2168 3823 2355 3880 aperte
2387 3811 2640 3866 Christus
2679 3829 2697 3860 ι
2732 3825 2895 3876 super
2926 3808 3112 3863 omnia
3137 3807 3282 3862 Deus
3320 3827 3339 3860 ι
3393 3821 3511 3860 esse
3560 3804 3742 3874 perhi-

2167 3906 2326 3960 betur
2355 3904 2493 3971 (57).
2548 3902 2656 3957 Sed
2709 3919 2814 3956 non
2858 3902 3148 3956 advertunt
3195 3901 3290 3968 qui
3340 3899 3457 3952 haec
3492 3899 3560 3950 ita
3618 3911 3742 3948 seu-

2170 3997 2333 4060 tiunt,
2361 3995 2509 4064 quod
2553 3994 2696 4048 sicut
2745 3994 3030 4048 Dominum
3069 3991 3260 4046 Jesum
3315 3991 3585 4045 Christum
3636 4001 3742 4038 non

2168 4089 2242 4142 ita
2270 4103 2438 4140 unum
2470 4101 2594 4140 esse
2620 4085 2909 4140 Dominum
2943 4085 3099 4148 dixit,
3130 4093 3192 4136 ut
3217 4098 3288 4136 ex
3328 4083 3429 4135 hoc
3476 4081 3611 4133 Deus
3645 4077 3744 4129 Pa—

2169 4189 2251 4234 ter
2284 4179 2545 4233 Dominus
2568 4173 2684 4232 bon
2714 4178 2968 4230 dicatur:
2999 4177 3075 4230 ita
3105 4185 3159 4228 et
3184 4175 3352 4228 Deum
3392 4172 3597 4226 Patrem
3637 4183 3746 4222 non

2167 4273 2241 4327 ita
2274 4273 2412 4326 dixit
2440 4287 2561 4326 esse
2592 4285 2758 4324 unum
2798 4269 2990 4331 Deum,
3023 4267 3256 4322 ut'Deus
3294 4265 3460 4320 Filius
3492 4279 3594 4319 non
3625 4277 3746 4316 cre-

2167 4369 2347 4419 datur.
2383 4364 2521 4419 Vera
2545 4377 2629 4419 est
2658 4364 2804 4417 enim
2830 4362 3111 4428 Scriptura
3137 4361 3407 4428 quaidieit
3433 4378 3446 4412 :
3482 4376 3498 4408 ι
3531 4357 3745 4410 Scitote

2167 4460 2422 4527 quoniam
2466 4459 2729 4513 Duniinus
2763 4460 2880 4528 ipse
2913 4469 2997 4512 est
3029 4458 3170 4510 Deus
3211 4455 3278 4506 ³⁷.
3320 4472 3338 4505 i
3379 4453 3522 4506 Unus
3553 4459 3740 4502 autem

2791 4557 2835 4587 ⁸⁸
2868 4555 2907 4608 ll
2937 4555 3060 4609 Cor.
3092 4569 3172 4610 ιιι.
3199 4553 3286 4604 ll.
3362 4550 3407 4582 ⁸³
3447 4546 3620 4601 Galal.
3659 4559 3740 4606 in,

2305 4629 2350 4660 “
2376 4618 2531 4683 llotn.
2561 4618 2636 4689 ut.
2665 4628 2720 4680 5.
2813 4630 2858 4659 9⁵
2881 4627 3035 4680 Rom.
3072 4643 3109 4686 ι,
3151 4626 3206 4687 5,
3234 4627 3290 4676 4.
3396 4622 3440 4652 ⁸⁵
3477 4618 3634 4672 ﬂetu.
3667 4631 3742 4676 ix.

555 4783 666 4852 (45)
699 4784 776 4838 De
796 4785 1048 4854 .Egypto.
1085 4785 1208 4840 Haec
1236 4787 1400 4840 verba
1427 4789 1619 4842 desunt
1645 4790 1696 4842 in
1727 4787 1890 4842 editis
1915 4795 1968 4840 et
2005 4787 2060 4840 in
2093 4790 2140 4845 D
2170 4796 2440 4840 stameuta
2475 4805 2492 4836 ι
2525 4799 2644 4837 cum
2684 4800 2785 4838 ms.
2825 4799 2930 4835 uno
2959 4782 3145 4851 Regio.

482 4855 756 4922 plerisque
785 4872 942 4921 mss.,
983 4871 1192 4909 necnon
1226 4867 1278 4908 et
1316 4859 1452 4924 apud
1503 4857 1813 4924 Ralizinum,
1846 4859 1941 4913 sed
1979 4872 2062 4912 res

481 4926 787 4996 stituuntur
813 4941 878 4978 ex
916 4942 1022 4978 uno
1049 4942 1150 4980 ηις.
1195 4926 1366 4996 Regio
1412 4943 1561 4982 num.
1596 4925 1750 4982 1659.

552 4993 664 5063 (46)
697 4995 860 5064 Editi,
895 5010 1204 5064 perperam,
1235 5015 1254 5048 ι
1278 4993 1573 5061 iactantur.
1612 5019 1630 5050 ι

552 5063 663 5140 (it?)
695 5063 1030 5140 Ms.llcgius
1063 5083 1215 5120 num.
1251 5065 1390 5120 1659
1416 5077 1465 5121 et
1503 5067 1778 5140 llabanus,
1827 5092 1847 5124 ι
1891 5072 1944 5127 in
1983 5069 2062 5125 ls-

483 5135 600 5206 raelﬁ
622 5136 871 5206 contigit,
906 5135 931 5188 ἰ
959 5148 1066 5191 etc.
1446 5141 1448 5144 ’

553 5205 667 5282 (18)
724 5205 816 5282 _Stc
853 5223 984 5282 tnss.
1017 5218 1074 5260 et
1109 5206 1389 5282 Babantls.
1421 5210 1585 5282 Editi
1633 5228 1784 5271 vero.
1851 5231 1870 5262 ‹
1915 5211 2061 5282 quod

485 5276 632 5327 nulla
685 5277 768 5331 vis
823 5280 996 5344 possit
1045 5294 1169 5331 eum
1206 5295 1234 5330 a
1277 5281 1546 5334 charitate
1594 5283 1684 5335 Dei
1723 5276 2006 5339 divellere.
2038 5301 2057 5334 ι

486 5346 690 5421 Deinde
732 5363 921 5401 omnes
973 5347 1461 5421 niss.,_Rabanus,
1487 5362 1540 5406 et
1569 5356 1722 5417 editi,
1779 5372 1796 5403 ι
1834 5353 2065 5421 passibi-

639 5432 654 5479 ;
702 5436 721 5468 ι
761 5421 857 5472 sed
909 5429 1089 5472 tamen
1147 5415 1453 5490 legendum
1491 5415 1716 5478 videtur
1761 5443 1779 5474 ι
1829 5415 2065 5492 possibi-

521 5501 533 5518 ³
599 5523 612 5536 ο
640 5504 658 5535 δ

521 5501 612 5536 ειη.
640 5504 658 5535 ι

555 5555 668 5623 (49)
706 5555 824 5610 Est.
859 5557 1020 5610 Deest
1053 5560 1104 5611 in
1137 5571 1297 5614 antea
1327 5562 1509 5616 editis.

554 5626 670 5697 (50)
723 5627 839 5704 Dei.
883 5629 1165 5704 omittitur
1225 5633 1276 5682 in
1333 5633 1602 5704 editis_et
1658 5635 1710 5686 in
1785 5634 2060 5704 plerisque

483 5699 1107 5771 tnss__._,_sed__restit_uitu_r
1137 5715 1200 5753 ex
1238 5717 1345 5753 uno
1371 5717 1471 5754 ms.
1509 5702 1698 5771 Regio.

554 5765 666 5835 l_5l)
688 5766 862 5841 _Editi,
896 5786 915 5818 ε
953 5767 1018 5820 Et
1036 5769 1220 5836 gloriae
1246 5765 1650 5825 testamentum.
1687 5793 1705 5825 ι
1739 5773 1862 5826 Mss.
1899 5772 2060 5841 pleri-

483 5852 590 5906 que
625 5838 792 5891 etiam
850 5854 869 5888 ι
919 5847 1301 5893 testamentum
1346 5858 1358 5906 ;
1395 5860 1414 5891 ι
1467 5846 1557 5897 sed
1596 5838 1942 5912 legendum}
1981 5854 2060 5897 tc-

2245 4856 2354 4924 (52)
2405 4855 2554 4909 Vero.
2598 4856 2758 4908 Ileest
2796 4856 2844 4906 iu
2881 4854 3038 4907 editis
3071 4867 3126 4906 et
3163 4854 3212 4906 in
3252 4853 3512 4922 plerisque
3534 4865 3669 4924 mss.

2244 4922 2358 4997 (55)
2397 4925 2562 4990 Editi,
2601 4944 2618 4974 ι
2650 4924 3037 4992 repropitiatus
3060 4933 3144 4976 est
3169 4925 3330 4989 Deus,
3363 4944 3379 4975 ι
3415 4937 3510 4997 et_e_.
3544 4922 3619 4976 Et
3649 4939 3744 4990 po-

2172 5007 2309 5062 stea,
2341 4993 2368 5048 ἐ
2406 4997 2566 5050 toties
2619 5009 2904 5062 reparasse
2949 5003 3356 5048 testamentum.
3397 5013 3414 5045 ι
3458 4993 3580 5048 Mss.
3625 4997 3747 5061 qui-

2172 5071 2317 5130 dam,
2355 5087 2373 5118 ‹
2407 5067 2568 5120 toties
2600 5080 2888 5132 reparasse
2923 5073 3271 5118 testamento.
3302 5084 3321 5115 ι

2242 5138 2354 5210 (54)
2387 5138 2645 5210 Sic__tnss.
2680 5135 2825 5189 Editi
2853 5150 3004 5210 vero,
3051 5152 3069 5184 ι
3128 5137 3273 5210 sicut
3297 5151 3392 5204 per
3424 5133 3746 5210 prophetam

2170 5204 2393 5262 dicitur.
2432 5226 2450 5258 ι
2489 5205 2766 5265 Rabanus.
2807 5224 2826 5256 ι
2863 5207 3006 5260 sicut
3035 5214 3088 5258 et
3113 5207 3374 5272 propheta
3405 5207 3541 5268 dicit,
3591 5223 3614 5254 ι
3653 5204 3746 5270 qui

2177 5280 2372 5332 deinde
2401 5277 2628 5341 omittit,
2684 5294 2703 5327 t
2735 5275 2828 5331 Va:
2858 5277 2989 5340 illis,
3021 5278 3148 5345 quia
3188 5291 3322 5331 caro
3360 5291 3468 5329 mea
3496 5288 3560 5327 ex
3611 5276 3746 5343 ipsis

2176 5359 2276 5404 est.
2303 5348 2414 5402 Cur
2445 5357 2648 5404 autem.
2678 5365 2698 5397 ι

2249 5419 2362 5489 (55)
2408 5417 2513 5470 Ibi.
2545 5416 2829 5489 Omittitur
2860 5419 2914 5472 in
2941 5417 3129 5472 editis.
3182 5415 3316 5472 Vide
3343 5415 3467 5470 lib.t
3497 5415 3547 5468 in
3598 5413 3746 5466 hanc

2177 5487 2493 5561 Epistulam,
2520 5503 2698 5561 nuui._

2250 5560 2364 5631 (56)
2395 5557 2472 5611 ιω
2495 5560 2648 5615 editi.
2681 5558 2810 5615 Mss.
2842 5575 2970 5615 vero
2996 5559 3124 5627 duo,
3166 5579 3184 5611 ι
3218 5561 3378 5614 Deum
3405 5557 3484 5625 qui
3512 5565 3617 5631 est
3647 5569 3746 5606 sn-

2167 5627 2268 5702 per
2290 5627 2471 5685 omnia
2501 5640 2844 5696 regnantem,
2892 5650 2910 5681 ι
2960 5640 3070 5684 etc.
3112 5633 3269 5686 Alter.
3303 5645 3397 5684 IIIS.
3439 5627 3649 5683 omittit
3692 5634 3746 5678 et

2175 5723 2194 5756 ι
2228 5703 2547 5771 benedictus
2579 5721 2597 5752 ι
2630 5706 2683 5753 et
2713 5719 2730 5750 ι
2755 5714 3082 5771 regnantem.
3110 5723 3126 5754 ι

2243 5769 2354 5842 (57)
2389 5771 2558 5834 Alias,
2600 5789 2616 5820 t
2669 5769 3039 5839 perscribitur.
3076 5789 3095 5822 ι
