3768 6560
107 395 216 449 IIII

1006 393 1362 452 COMMENT.
1405 395 1470 449 IN
1511 392 1726 450 EPIST.

1767 393 1858 460 AD
1897 393 2064 450 non.
2104 393 2231 447 LIB.
2270 392 2382 449 vn.
3194 395 3331 449 me

109 526 310 582 merque
337 521 422 568 est
465 515 628 580 Deus,
665 515 788 582 quia
827 528 930 569 non
965 526 1049 570 est
1071 517 1214 570 aliud
1243 519 1377 573 Filio
1407 519 1662 572 divinita-
1691 522 1737 578 A
1767 518 1820 572 in
1849 515 1969 572 solo
1996 515 2147 570 Isaac
2175 515 2264 584 qui
2291 521 2409 569 erat
2438 511 2878 582 repromissionis
2904 513 3066 576 ﬁlius,
3101 517 3326 569 seminis

110 609 164 660 tis
199 605 407 658 initium
445 622 612 674 quam
656 605 859 670 Pater;
907 608 1002 660 sed
1036 610 1208 676 ipsius
1242 611 1399 663 unius
1438 609 1657 664 Palerni

112 698 272 761 fontis,
306 697 455 750 sicut
489 699 754 765 sapientia
778 699 929 762 dicit,
964 717 980 749 ι
1015 703 1303 766 purissima
1332 719 1350 751 ι
1378 713 1461 755 est
1494 720 1513 752 ε
1549 718 1662 755 ma~

113 793 234 844 natio
263 788 311 822 "
346 809 366 842 ι
408 789 603 847 Filius.
657 793 754 845 Est
801 806 933 858 ergo
966 792 1214 846 Christus
1249 811 1267 842 ι
1312 792 1452 845 Deus
1499 808 1662 860 super

109 883 284 938 omnia.
321 899 342 932 ι
379 881 515 948 Qua:
562 903 578 933 ι
626 884 856 937 omnia?
895 904 913 934 ›
949 883 1052 937 'llla
1105 885 1222 938 sine
1261 885 1423 938 dubio
1456 899 1577 954 quae
1607 895 1660 939 et

111 975 246 1045 paulo
273 984 406 1029 ante
430 975 689 1040 diximus,
751 995 769 1028 ς
817 991 981 1044 super
1030 978 1390 1046 principatus,
1423 990 1478 1032 et
1503 987 1657 1047 pote-

107 1077 270 1127 states,
296 1075 354 1120 et
393 1066 647 1129 virtutes,
680 1075 733 1120 et
763 1080 926 1120 omne
950 1081 1142 1121 nomen
1177 1069 1320 1136 quod
1349 1069 1659 1126 nominatur

109 1175 193 1213 non
217 1158 392 1212 solum
427 1159 482 1212 in
513 1161 615 1214 hoc
645 1161 865 1222 saeculo,
897 1159 993 1213 sed
1027 1161 1191 1214 etiam
1232 1160 1290 1214 in
1324 1159 1508 1215 futuro
1537 1162 1602 1214 ”.
1631 1181 1650 1213 ι

107 1252 188 1317 Qui
217 1263 402 1304 autem
445 1266 608 1320 super
629 1250 807 1304 omnia
837 1259 942 1316 est,
974 1265 1140 1321 super
1177 1267 1237 1306 se
1268 1253 1537 1307 neminem
1561 1253 1656 1308 ha-

106 1341 193 1392 bet.
238 1337 354 1391 Non
408 1341 555 1394 enim
601 1347 722 1409 post
768 1339 985 1393 Patrem
1022 1350 1106 1395 est
1147 1341 1258 1411 (58)
1302 1345 1434 1413 ipse,
1463 1345 1554 1398 sed
1587 1345 1653 1398 de

104 1426 261 1482 Patre.
303 1427 422 1482 Hoc
474 1431 618 1484 idem
656 1439 836 1484 autem
890 1429 1168 1502 Sapientia
1227 1433 1320 1490 Dei
1376 1437 1539 1490 etiam
1586 1437 1652 1490 de

104 1519 281 1588 Spiritu
321 1533 522 1575 sancto
563 1523 786 1592 intelligi
821 1523 988 1587 dedit,
1022 1525 1110 1580 ubi
1144 1527 1313 1582 dicit:
1357 1549 1374 1579 σ
1416 1528 1652 1597 Spiritus

106 1612 290 1666 Domini
328 1613 562 1682 replevit
591 1615 782 1668 orbem
819 1626 1086 1670 terrarum
1132 1638 1144 1672 :
1193 1629 1245 1671 et
1279 1621 1374 1689 qui
1410 1623 1651 1676 continet

101 1703 278 1768 omnia,
334 1703 626 1756 scientiam
679 1705 840 1760 habet
874 1708 1025 1761 vocis
1065 1707 1103 1761 ⁸.
1139 1727 1158 1759 ι
1223 1709 1279 1763 Si
1313 1723 1442 1780 ergo
1480 1709 1649 1765 Filius

103 1811 118 1843 ι
152 1792 278 1846 Deus
308 1809 480 1864 super
506 1796 689 1849 omnia
728 1816 745 1848 ι
781 1798 1000 1862 dicitur,
1039 1807 1094 1852 et
1139 1797 1370 1868 Spiritus
1429 1812 1647 1856 sanctus

100 1885 359 1938 continere
397 1890 583 1940 omnia
639 1899 990 1956 memoratur,
1049 1891 1192 1945 Deus
1249 1902 1430 1946 autem
1485 1893 1647 1948 Pater

97 1986 163 2028 est
191 1993 208 2026 t
229 1994 292 2029 ex
324 1993 436 2045 quo
461 1981 668 2043 omnia,
703 2000 720 2031 ι
759 1981 1040 2035 evidenter
1067 1983 1369 2036 ostenditur
1399 1997 1642 2038 naturam

98 2067 356 2123 Trinitatis
391 2079 446 2126 et
510 2072 870 2126 substantiam
901 2088 1061 2126 unam
1092 2089 1236 2140 esse,
1284 2091 1404 2144 quae
1439 2088 1523 2132 est
1556 2093 1645 2132 su-

100 2172 176 2224 per
203 2162 411 2217 omnia.

149 2249 229 2303 14.
275 2269 294 2302 ‹
325 2251 445 2306 Non
477 2262 658 2308 autem
689 2255 893 2310 excidit
921 2259 1144 2313 verbum
1190 2259 1302 2328 (59)
1357 2262 1468 2316 Dei.
1527 2262 1642 2317 Non

95 2341 213 2394 enim
239 2357 438 2398 omnes
474 2346 567 2413 qui
607 2356 737 2401 sunt
772 2363 835 2402 ex
870 2349 1056 2414 Israel,
1092 2350 1143 2404 hi
1177 2361 1304 2405 sunt
1332 2352 1590 2410 Israelita:
1625 2377 1638 2411 :

95 2449 175 2487 nec
199 2436 288 2503 qui
322 2447 456 2492 sunt
487 2453 674 2495 semen
701 2441 996 2509 Abraham,
1046 2459 1234 2499 omnes
1283 2446 1415 2502 lilii:
1457 2449 1551 2502 sed
1588 2451 1639 2504 in

94 2523 218 2580 Isaac
274 2530 568 2584 vocabitur
602 2532 696 2586 tibi
732 2548 915 2588 semen
949 2553 963 2588 :
999 2536 1049 2589 id
1095 2546 1196 2600 est,
1252 2553 1357 2592 non
1404 2542 1495 2609 qui
1545 2541 1639 2595 lilii

95 2619 272 2685 carnis,
303 2622 360 2674 hi
395 2622 490 2677 ﬁlii
517 2635 645 2678 sunt
691 2625 782 2680 Dei
820 2643 834 2680 :
885 2629 978 2680 sed
1010 2631 1098 2698 qui
1135 2633 1228 2686 lilii
1263 2636 1640 2702 promissionis

92 2720 214 2774 sunt,
243 2713 582 2780 deputantur
611 2715 664 2768 in
695 2730 882 2771 semen
925 2719 969 2772 ³.
1013 2738 1033 2770 ι
1066 2721 1327 2787 Quoniam
1361 2740 1521 2794 supra
1556 2728 1642 2780 di-

93 2814 216 2858 xerat
249 2805 275 2838 ⁸
300 2809 456 2878 quod
495 2823 596 2878 pro
626 2808 888 2866 fratribus
915 2815 1050 2877 suis,
1085 2832 1105 2866 ι
1137 2817 1226 2883 qui
1265 2827 1391 2870 sunt
1421 2821 1636 2886 cognati

91 2896 366 2952 secundum
425 2915 669 2966 carnem,
723 2904 816 2973 qui
866 2915 992 2959 sunt
1041 2907 1318 2975 Israelitte,
1356 2929 1374 2961 ι
1423 2921 1639 2979 optaret

91 2989 228 3042 etiam
275 2993 570 3047 anathema
622 2995 764 3061 ﬁeri,
817 3011 881 3050 eo
927 3001 1072 3068 quod
1127 3001 1365 3070 ipsorum
1409 3017 1555 3060 esset
1585 3017 1639 3060 et

91 3077 283 3146 adoptio
339 3081 578 3136 ﬁliorum
629 3084 764 3155 (60),
791 3097 847 3140 et
895 3088 1184 3158 legislatio,
1233 3104 1286 3148 et
1319 3097 1636 3162 promissio-

90 3184 198 3237 nes;
231 3172 298 3227 de
338 3173 426 3227 his
456 3190 600 3228 nunc
625 3177 758 3230 dicit
787 3179 910 3246 quia
977 3181 1202 3236 verbum
1233 3182 1325 3237 Dei
1354 3201 1459 3240 non
1486 3188 1634 3241 exci-
1665 3215 1704 3270 ε

91 3259 171 3322 dit,
203 3262 302 3316 hoc
331 3275 438 3326 est,
474 3267 763 3332 promissio
797 3284 918 3337 qua:
946 3272 1025 3324 eis
1054 3272 1167 3342 (61)
1201 3275 1341 3328 facta
1389 3287 1494 3342 est,
1528 3293 1632 3331 non

89 3355 308 3408 evanuit.
349 3355 454 3422 Qui
484 3357 630 3411 enim
660 3374 821 3415 verus
850 3361 1015 3416 fuerit
1050 3366 1241 3433 Israel,
1277 3383 1380 3422 non
1411 3385 1477 3423 ex
1515 3385 1634 3424 car-

88 3446 175 3499 nali
227 3463 428 3516 genere
491 3461 697 3505 tantmn
757 3455 822 3508 de
870 3456 1146 3512 Abraham
1199 3477 1371 3530 genus
1427 3463 1633 3520 ducens

89 3539 124 3603 (ι
160 3538 261 3594 Νοη
295 3543 443 3596 enim
498 3544 589 3611 qui
644 3545 737 3599 ﬁlii
791 3550 971 3602 carnis
1019 3569 1038 3602 ι
1092 3561 1236 3616 sunt,
1286 3571 1305 3604 ι
1340 3555 1392 3608 hi
1443 3566 1498 3609 et
1540 3556 1632 3610 lilii

88 3628 162 3683 Dei
194 3647 214 3684 ι
265 3635 429 3703 sunt)
457 3675 471 3700 ,
503 3637 596 3689 sed
621 3634 627 3638 ’
654 3639 744 3706 qui
801 3641 1095 3696 secundum
1151 3648 1631 3713 repromissionem

88 3721 190 3777 fidei
221 3726 283 3778 de
319 3727 602 3782 Abraham
636 3731 934 3799 descendit,
990 3735 1106 3804 ipse
1150 3738 1313 3792 etiam
1359 3741 1455 3794 Bei
1504 3756 1635 3810 pro-

86 3814 225 3868 missa
272 3821 652 3888 consequitur.
699 3823 832 3879 Nam
895 3826 962 3879 de
1002 3844 1202 3898 genere
1247 3831 1414 3886 Israel
1474 3835 1628 3889 multi

84 3916 207 3968 sunt,
263 3910 357 3962 sed
420 3926 527 3964 non
577 3927 764 3966 omnes
827 3917 989 3972 Israel
1050 3923 1411 3991 appellantur.
1463 3923 1630 3982 Israel

85 4011 291 4065 namque
321 4001 495 4055 Deum
525 4004 756 4061 videndo
788 4011 1100 4067 nominatus
1134 4024 1236 4068 est.
1277 4016 1367 4072 Sic
1399 4019 1542 4071 enim
1575 4031 1629 4074 et

83 4086 178 4154 ipse
203 4089 366 4146 Jacob
401 4095 578 4149 dicit:
616 4115 635 4148 ι
671 4097 783 4152 Vidi
819 4101 1102 4159 Dominum
1137 4106 1273 4162 facie
1303 4111 1371 4163 ad
1409 4111 1625 4179 faciem,

82 4189 127 4269 et
150 4182 282 4237 salva
312 4187 459 4241 facta
511 4198 595 4243 est
644 4193 821 4245 anima
859 4209 974 4247 mea
1007 4195 1048 4248 ‘.
1079 4217 1098 4248 ι
1141 4198 1284 4268 Ergo
1329 4203 1456 4269 quia
1496 4204 1627 4258 vidit

84 4266 247 4339 Deum,
297 4278 466 4333 Israel
511 4283 812 4350 appellatus
859 4297 960 4340 est.
999 4288 1100 4353 Qui
1146 4306 1275 4345 vero
1323 4310 1426 4346 non
1484 4297 1628 4350 videt

82 4375 185 4452 eum
212 4369 295 4434 qui
330 4371 490 4436 dixit,
530 4390 547 4422 ι
583 4374 684 4439 Qui
715 4390 799 4429 me
831 4378 996 4442 videt,
1035 4380 1176 4435 videt
1207 4392 1262 4435 et
1287 4381 1500 4438 Patrem
1522 4386 1572 4452 ⁵,
1601 4405 1619 4437 ι

83 4449 223 4508 Israel
252 4475 358 4513 non
388 4470 569 4528 potest
595 4465 722 4519 dici.
758 4485 778 4517 ι
812 4467 919 4522 Nec
941 4473 1065 4538 quia
1091 4487 1273 4526 semen
1298 4449 1622 4534 suntAbra-

1680 1865 1718 1916 Β

1765 609 1847 664 sui
1885 607 2176 679 posteritas
2206 614 2520 676 poneretur.
2557 605 2624 658 Et
2657 620 2801 659 nunc
2840 621 2969 674 ergo
3009 605 3098 673 qui
3129 621 3330 660 secun-

1764 702 1889 755 dum
1917 700 2068 755 Isaac
2094 698 2188 753 ﬁlii
2219 697 2652 766 repromissionis
2678 707 2826 761 sunt,
2852 697 2902 750 id
2931 707 3014 752 est
3047 698 3167 752 ﬁdei
3191 698 3330 751 illius

1761 807 1859 862 per
1882 806 2056 861 nquam
2097 789 2520 864 promissionem
2576 789 2852 842 Abraham
2897 787 3096 841 meruit
3138 786 3332 841 futura:

1762 883 2092 958 haereditatis
2150 881 2432 950 accipere,
2487 881 2586 949 ipsi
2627 888 2836 934 tantum
2898 878 3223 947 deputantur
3277 879 3330 931 in

1761 991 1983 1030 semen:
2015 977 2066 1026 in
2099 974 2231 1042 ipsis
2267 975 2412 1027 enim
2453 972 2787 1027 haereditatis
2839 971 3114 1025 successio
3154 969 3333 1024 deela-

1761 1081 1912 1122 ratur
1946 1068 2082 1138 (65).

1829 1161 1914 1215 15.
1988 1179 2006 1212 ι
2068 1157 2454 1214 Promissionis
2509 1155 2656 1212 enim
2719 1155 2948 1210 verbum
3013 1155 3115 1209 hoc
3176 1164 3259 1209 est
3309 1171 3325 1209 :

1756 1254 1836 1307 Ad
1899 1254 2003 1307 hoc
2059 1261 2270 1321 tempus
2324 1248 2541 1305 veniam
2576 1289 2590 1313 ,
2654 1257 2710 1304 et
2761 1250 2868 1304 erit
2933 1247 3084 1302 Sara:
3158 1246 3323 1305 ﬁlius.

1753 1345 1914 1415 613
1959 1343 2075 1398 Non
2109 1343 2284 1398 solum
2328 1351 2541 1406 autem,
2571 1340 2664 1394 sed
2705 1347 2764 1393 et
2800 1338 3048 1394 Rebecca
3105 1353 3173 1394 ex
3219 1354 3326 1392 uno

1753 1436 2047 1491 concubitu
2097 1435 2327 1498 habens,
2375 1433 2524 1488 Isaac
2575 1432 2745 1501 patris
2794 1430 2967 1485 nostri
3005 1430 3139 1501 (64).
3188 1429 3321 1483 Nam

1753 1543 1877 1583 cum
1907 1527 2141 1580 nondum
2165 1525 2275 1579 nati
2308 1523 2557 1590 fuissent,
2591 1535 2686 1578 aut
2709 1523 2910 1592 aliquid
2941 1522 3323 1591 egissentboni

1752 1621 1835 1677 vel
1870 1620 2018 1683 mali,
2059 1629 2120 1672 ut
2173 1620 2468 1673 secundum
2499 1617 2819 1673 electionem
2859 1618 3189 1684 propositum
3226 1614 3322 1669 Dei

1754 1723 1987 1778 maneat,
2022 1726 2127 1766 non
2148 1725 2214 1765 ex
2241 1712 2516 1779 operibus,
2543 1710 2636 1764 sed
2665 1723 2730 1762 ex
2762 1717 2988 1762 vocante
3014 1708 3213 1761 dictum
3237 1717 3324 1760 est

1751 1805 1820 1869 ei,
1845 1804 1970 1874 quia
2004 1803 2177 1872 major
2217 1803 2418 1858 serviet
2456 1803 2672 1864 minori,
2712 1801 2854 1855 sicut
2903 1800 3164 1868 scriptum
3192 1809 3273 1853 est
3304 1817 3319 1852 :

1748 1899 1912 1954 Jacob
1941 1899 2134 1963 dilexi,
2168 1899 2306 1952 Esau
2343 1908 2523 1951 autem
2551 1897 2676 1951 odio
2724 1896 2888 1949 habui
2918 1896 2958 1946 °.
2987 1915 3004 1946 ι
3038 1893 3322 1962 Proposuit

1747 1990 2035 2058 Apostolus
2063 1987 2336 2057 persequi,
2373 1985 2516 2054 quod
2542 1986 2669 2040 licet
2707 1986 3016 2054 repudiatus
3043 1985 3112 2038 sit
3150 1998 3320 2052 popu-

1748 2082 1832 2137 Ius
1857 2081 2021 2136 Israel
2059 2095 2154 2150 per
2185 2079 2581 2145 inﬁdelitatem,
2614 2093 2719 2133 non
2762 2088 2940 2132 tamen
2967 2091 3044 2132 ea:
3087 2078 3319 2145 promis-

1746 2175 1928 2230 siones
1950 2174 2044 2228 Dei
2069 2187 2188 2243 quae
2235 2187 2361 2240 erga
2403 2186 2499 2227 eos
2530 2171 2725 2225 habita:
2758 2169 2994 2235 fuerant,
3022 2168 3321 2224 deciderint

1746 2272 1800 2315 et
1847 2262 2120 2316 frustratae
2169 2261 2278 2314 sint
2310 2260 2421 2331 (65)
2459 2261 2770 2328 :docetque
2816 2261 2957 2328 quod
3009 2274 3131 2312 cum
3165 2256 3320 2311 multi

1747 2354 1837 2408 ﬁlii
1865 2353 2062 2409 fuerint
2094 2353 2416 2418 Abrahae,in
2445 2352 2559 2407 solo
2588 2353 2734 2407 Isaac
2762 2353 2833 2407 sit
2851 2351 2988 2406 facta
3014 2348 3317 2419 promissio.

1749 2468 1767 2499 ι
1795 2447 1908 2500 Non
1932 2465 1949 2499 ι
1983 2446 2150 2511 enim,
2176 2448 2369 2515 inquit,
2399 2465 2418 2498 ‹
2451 2445 2541 2514 qui
2581 2445 2675 2500 ﬁlii
2705 2445 2886 2500 carnis
2921 2453 3078 2506 sunt,
3107 2442 3159 2495 hi
3194 2450 3321 2494 sunt

1745 2540 1837 2592 ﬁlii
1871 2539 1983 2593 Dei.
2027 2556 2046 2590 ι
2078 2538 2143 2592 Ει
2191 2536 2469 2593 contendit
2515 2538 2820 2599 ostendere,
2861 2534 3135 2604 quomodo
3169 2531 3320 2586 Isaae

1743 2645 1848 2685 non
1877 2631 1948 2685 sit
1977 2629 2119 2685 ﬁlius
2139 2629 2342 2694 carnis,
2369 2630 2459 2683 sed
2488 2629 2554 2682 sit
2580 2627 2724 2682 ﬁlius
2751 2629 2874 2692 Dei;
2908 2635 2962 2680 et
2994 2625 3134 2680 redit
3160 2625 3226 2678 ad
3255 2639 3318 2678 ea

1742 2735 1860 2790 quae
1883 2721 1948 2776 de
1971 2719 2088 2790 ipso
2115 2721 2166 2773 in
2194 2720 2388 2775 Genesi
2421 2719 2618 2786 scripta
2655 2727 2802 2773 sunt.
2824 2735 2843 2769 σ
2875 2717 3312 2780 Promissionis,»

1741 2813 1936 2882 inquit,
1991 2831 2010 2864 ι
2048 2816 2270 2867 verbum
2306 2812 2409 2866 hoc
2448 2820 2532 2864 est
2561 2827 2575 2862 :
2604 2811 2683 2864 Ad
2708 2811 2810 2864 hoc
2842 2819 3054 2878 tempus
3076 2810 3315 2872 veniam,

1739 2917 1794 2961 et
1819 2907 1925 2960 erit
1966 2906 2116 2960 Sara:
2157 2903 2302 2958 ﬁlius
2321 2903 2364 2956 ⁷.
2402 2922 2421 2954 ι
2464 2901 2576 2956 Non
2611 2915 2763 2972 ergo,
2795 2901 2992 2970 inquit,
3029 2915 3125 2968 per
3168 2903 3316 2955 ordi-

1741 3013 1862 3053 nem
1897 2997 2197 3052 nativitatis
2227 2995 2462 3050 carnalis
2484 2993 2636 3049 lsaac
2664 2993 2940 3056 nascitur;
2966 2993 3163 3061 quippe
3189 3008 3311 3047 cum

1739 3099 1796 3145 et
1828 3089 2099 3143 Abraham
2147 3086 2380 3142 emortui
2432 3086 2544 3155 jam
2598 3085 2844 3153 corporis
2901 3084 3229 3147 haberetur,
3260 3094 3316 3138 et

1741 3183 1894 3236 vulva
1925 3183 2075 3236 Sarae
2116 3189 2259 3235 esset
2281 3179 2392 3247 jam
2421 3185 2667 3234 emortua
2689 3178 2733 3240 ⁸,
2759 3177 2902 3231 sicut
2925 3191 3084 3245 supra
3107 3177 3313 3232 dictum

1743 3285 1824 3329 est
1854 3293 1869 3342 ;
1895 3274 1985 3329 sed
2025 3288 2120 3342 per
2146 3274 2401 3327 virtutem
2429 3273 2546 3342 ejus
2569 3270 2656 3339 qui
2688 3269 2844 3331 dixit,
2881 3287 2900 3319 ι
2938 3269 3018 3321 Ad
3052 3268 3155 3322 hoc
3184 3277 3313 3323 tem-

1740 3382 1842 3438 pus
1864 3368 2098 3429 veniam,
2122 3374 2175 3420 et
2205 3366 2307 3420 erit
2334 3364 2482 3418 Sara:
2512 3364 2652 3418 ﬁlius
2675 3365 2718 3416 ’.
2757 3381 2776 3414 ι
2808 3361 3000 3416 Merito
3024 3362 3186 3429 igitur
3203 3376 3312 3417 non

1740 3461 1941 3524 carnis,
1974 3459 2067 3514 sed
2092 3458 2184 3515 Dei
2221 3457 2363 3512 lilius
2390 3456 2613 3521 dicitur,
2639 3454 2730 3525 qui
2761 3470 2826 3510 ex
2857 3458 3085 3510 adventu
3114 3463 3169 3508 et
3197 3469 3314 3508 ser-

1739 3567 1898 3606 mone
1931 3550 2171 3604 nascitur
2204 3549 2320 3604 Dei.
2357 3547 2480 3603 Haec
2510 3563 2662 3618 ergo,
2684 3549 2883 3619 inquit,
2911 3549 3051 3602 ratio
3080 3563 3186 3602 non
3223 3561 3311 3600 so-

1739 3646 1845 3697 lum
1883 3645 1949 3698 de
1983 3643 2154 3707 Isaac,
2191 3643 2284 3697 sed
2324 3651 2377 3696 et
2405 3643 2470 3697 de
2491 3641 2660 3698 Jacob
2698 3643 3001 3712 recipienda
3034 3651 3136 3697 est.
3175 3639 3308 3694 Nam

1735 3746 1790 3791 et
1810 3736 2075 3800 Rebecca,
2107 3733 2302 3803 inquit,
2330 3748 2436 3788 non
2470 3735 2764 3788 secundum
2805 3733 3040 3787 carnalis
3070 3731 3180 3804 (66)
3215 3748 3310 3784 na-

1739 3825 1960 3880 tivitatis
1982 3825 2225 3879 ordinem
2260 3825 2484 3892 protulit
2518 3831 2752 3893 partum.
2784 3824 2917 3878 Cum
2942 3825 3082 3880 enim
3109 3839 3174 3877 ex
3201 3839 3308 3875 uno

1736 3913 2024 3971 concubitu
2050 3912 2198 3967 Isaac
2225 3914 2467 3982 geminos
2489 3915 2848 3981 concepisset,
2872 3915 3108 3967 nondum
3146 3923 3304 3981 partu

1733 4010 1904 4073 edito,
1940 4022 2115 4077 neque
2165 4006 2288 4060 ullis
2319 4007 2528 4060 actibus
2561 4020 2849 4075 puerorum
2880 4007 3036 4062 bonis
3079 4007 3306 4060 malisve

1733 4104 1873 4156 inter
1901 4101 2145 4155 homines
2174 4099 2372 4153 habitis
2405 4097 2543 4168 (67),
2575 4113 2702 4169 erga
2733 4097 2897 4152 Jacob
2927 4099 3107 4152 divina
3141 4099 3304 4154 habe-

1732 4203 1820 4248 tur
1849 4192 2042 4248 electio
2073 4191 2207 4262 (68),
2231 4200 2282 4245 et
2305 4191 2524 4254 dicitur,
2553 4209 2572 4243 ‹
2613 4191 2741 4260 quia
2775 4191 2946 4261 major
2968 4192 3168 4247 serviet
3201 4195 3304 4245 mi-

1731 4286 1869 4351 nori,
1907 4305 1923 4338 ι
1957 4294 2032 4348 et,
2069 4302 2087 4334 ι
2124 4282 2292 4338 Jacob
2321 4283 2509 4346 dilexi,
2542 4281 2679 4337 Esau
2704 4293 2882 4336 autem
2911 4284 3035 4338 odio
3067 4284 3253 4338 habui.
3281 4305 3298 4335 ι

1728 4380 1836 4434 Cur
1865 4388 2044 4432 autem
2081 4379 2193 4432 haec
2242 4377 2316 4429 ita
2349 4376 2492 4429 dicta
2516 4375 2649 4440 sint,
2691 4377 2849 4431 docet
2874 4375 2984 4448 (69)
3020 4394 3032 4429 :
3070 4396 3088 4428 ι
3133 4377 3202 4433 Ut
3226 4392 3305 4430 se-

1727 4473 1960 4527 cundum
1997 4470 2340 4537 electionem,
2364 4471 2558 4539 inquit,
2582 4472 2916 4540 propositum
2943 4471 3033 4524 Dei
3065 4482 3298 4529 maneat,

80 4543 206 4608 bam,
234 4566 420 4607 omnes
467 4555 632 4610 etiam
694 4560 785 4613 lilii
816 4579 835 4612 ι
872 4571 1016 4616 sunt.
1074 4563 1184 4619 Hoc
1216 4568 1463 4624 videlicet
1511 4571 1621 4640 jam
1656 4561 1699 4614 D
1727 4581 1828 4618 non
1857 4578 1922 4617 ex
1948 4564 2223 4631 operibus,
2260 4563 2352 4616 sed
2383 4578 2451 4618 ex
2483 4573 2712 4617 vocante
2756 4565 2954 4618 dictum
2990 4575 3103 4624 est;
3147 4583 3164 4613 ι
3200 4565 3302 4618 hoc

80 4643 188 4692 tunc
222 4643 326 4714 (6:!)
356 4645 748 4717 designabatur
774 4653 826 4706 in
857 4656 1156 4719 Abraham,
1188 4674 1307 4712 cum
1335 4662 1382 4714 ei
1420 4663 1621 4720 multos

79 4727 198 4785 Illius
225 4734 458 4804 habenti,
502 4756 638 4808 quos
666 4744 954 4813 Apostolus
981 4748 1120 4803 ﬁlios
1146 4754 1326 4806 carnis
1357 4755 1616 4823 appellat,

134 4870 178 4900 “
199 4872 436 4954 Sap._vn,
461 4876 550 4932 25.
630 4879 673 4909 ⁹⁹
687 4877 899 4954 ⁸Εριιθει.
927 4882 1077 4954 1,-21.
1159 4884 1174 4913 ³
1204 4885 1330 4954 Sap.
1361 4902 1399 4947 I,
1422 4885 1471 4939 7.
1547 4888 1568 4917 ³
1591 4887 1630 4938 Il

1806 4903 1857 4948 ς,
1880 4886 1995 4940 6-8.
2072 4889 2092 4917 ³
2131 4889 2259 4939 ibid.
2288 4888 2340 4952 '5,
2371 4889 2423 4940 4.
2502 4889 2522 4919 ’⁸
2547 4887 2680 4944 Gen.
2704 4905 2873 4953 xxxn,
2902 4889 2989 4941 30.

967 4952 987 4982 ⁷
1011 4951 1206 5010 Genes.
1256 4951 1411 5022 x'vrn,
1443 4956 1531 5011 10.
1600 4957 1621 4988 ⁸
1650 4958 1803 5010 Ilum.
1833 4973 1907 5021 tv,
1944 4958 2030 5012 19.
2102 4959 2123 4989 ⁹
2155 4951 2335 5012 Rom.
2359 4974 2433 5024 Ix,
2481 4959 2532 5012 9.

77 4952 172 5003 xlv,
203 4942 252 4996 9.
324 4945 344 4975 ⁵
373 4947 529 5002 Rom.
563 4963 638 5011 Ix,
683 4948 714 5001 9
748 4942 866 5020 seq.

135 5059 238 5139 (58)
290 5063 572 5139 Qmittitur
624 5078 769 5139 rest
815 5090 832 5121 )
880 5072 932 5124 in
961 5074 1147 5131 editis.
1205 5075 1406 5130 Deinde
1456 5078 1616 5132 iidem

75 5127 254 5248 31:6,}
289 5134 396 5190 Hoc
430 5148 614 5192 autem
643 5138 717 5208 (id
740 5151 822 5195 est
855 5127 1260 5214 sapientiavDei)
1285 5127 1608 5212 etiamdie;

135 5269 237 5348 (59)
264 5272 424 5348 Editi,
465 5295 485 5328 ε
518 5277 804 5333 evidenter
840 5283 1146 5336 ostenditur
1186 5295 1379 5339 natura
1427 5286 1608 5339 Trini-

78 5345 209 5423 tatis,
239 5353 288 5394 et
319 5347 621 5423 substantia
652 5365 782 5423 una,
814 5367 934 5418 quae
958 5360 1041 5406 est
1074 5369 1234 5423 super
1250 5357 1450 5410 omnia.
1487 5357 1604 5412 Non

76 5419 233 5494 anteiit
265 5416 398 5494 quod
435 5418 698 5494 exciderit
736 5416 978 5485 verbum,
1018 5441 1036 5472 ι
1069 5416 1178 5478 etc.

78 5547 87 5557 η
139 5482 238 5549 (60)
267 5483 470 5562 Iﬂditi1t
497 5489 591 5562 sed
619 5491 708 5556 qui
740 5491 832 5543 ﬁlii
864 5482 1234 5560 promissionis
1264 5497 1601 5550 aestimantur

76 5563 120 5598 III
145 5557 365 5632 semine.
397 5557 663 5620 Quoniam
691 5557 1086 5628 supra—dixerat
1121 5581 1216 5632 pro
1246 5566 1594 5620 fratribus....

74 5620 702 5706 qui‘Israelitteuoptare
757 5620 818 5683 se
865 5620 1154 5688 anathema
1197 5637 1338 5701 Iieri,
1371 5651 1602 5706 quorum

74 5700 217 5762 esset,
236 5693 441 5762 adoptio
472 5693 724 5762 ﬁliorum,
757 5719 775 5750 ι
808 5711 914 5755 etc.

149 5761 424 5831 (6I)Editi,
456 5785 474 5814 ι
506 5783 625 5831 qua:
651 5761 717 5822 ex
745 5772 845 5824 eis.
881 5791 898 5822 ι

150 5827 246 5900 (62)
274 5832 430 5902 Edili,
468 5855 485 5887 ι
514 5827 636 5893 Ilaec
669 5841 921 5896 discretio
944 5844 1055 5914 jam
1093 5855 1236 5910 tunc,
1281 5866 1297 5898 ι
1335 5855 1442 5903 etc.

1721 4666 1822 4718 est,
1853 4662 1910 4706 ut
1939 4669 2043 4706 non
2081 4653 2171 4722 qui
2199 4653 2291 4706 ﬁlii
2320 4655 2522 4719 carnis,
2543 4655 2634 4708 sed
2667 4655 2757 4722 qui
2791 4655 2884 4708 ﬁlii
2915 4654 3003 4707 Dei
3033 4664 3174 4716 sunt,
3200 4654 3296 4723 ipsi

1719 4751 2047 4820 deputentur
2081 4747 2136 4798 in
2173 4762 2380 4800 semen.
2413 4746 2568 4801 Sicut
2596 4747 2736 4801 enim
2775 4749 2845 4802 ibi
2881 4764 2945 4802 ex
2975 4747 3152 4800 multis
3179 4748 3302 4800 ﬁliis

3098 4889 3118 4919 ⁸
3139 4885 3295 4944 Joau.

1803 5078 1917 5147 (65)
1946 5079 2115 5146 Editi,
2148 5097 2166 5130 ι
2197 5088 2252 5134 et
2289 5080 2418 5148 ipsis
2457 5081 2785 5134 hmreditatis
2813 5079 3086 5132 successio
3120 5078 3298 5148 decla-

1728 5163 1896 5203 ratur.
1947 5168 1967 5200 ι
2006 5149 2105 5204 Ms.
2158 5147 2316 5215 unus,
2362 5168 2378 5198 ε
2421 5151 2719 5204 collocatur
2765 5167 2783 5199 ι
2832 5163 2930 5218 pro
2983 5166 3002 5199 ι
3049 5147 3296 5203 declara-

1722 5230 1903 5360 miiiei)
1947 5290 2048 5346 Ms.
2087 5289 2287 5360 Regius
2317 5304 2466 5360 num.
2496 5288 2656 5349 1659,
2686 5307 2704 5338 ‹
2731 5291 2831 5360 sed
2858 5298 2912 5342 et
2937 5287 3196 5343 Rebeccae
3227 5303 3292 5343 ex

1717 5357 1824 5412 uno
1867 5357 2157 5413 concubitu
2173 5357 2399 5412 'habeus
2425 5357 2573 5412 Isaac
2603 5359 2741 5425 patri
2769 5370 2974 5412 nostro.
3014 5377 3032 5410 ›

1783 5430 1896 5498 (65)
1939 5431 2100 5492 Editi,
2142 5447 2161 5480 t
2221 5427 2538 5481 deciderunt
2571 5439 2624 5481 et
2673 5427 2948 5483 frustratae
2994 5437 3136 5482 sunt.
3179 5446 3198 5479 ι
3229 5428 3295 5480 Et

1707 5510 1916 5566 postea,
1957 5518 1974 5549 ι
2015 5499 2150 5551 facta
2182 5507 2265 5550 cst
2292 5499 2654 5564 repromissio.
2697 5517 2714 5548 ι

1781 5569 1893 5639 (66)
1937 5569 2097 5630 Editi,
2135 5586 2152 5618 t
2184 5582 2287 5620 non
2319 5566 2488 5639 solum
2514 5569 2809 5639 secuudum
2843 5567 3102 5639 carnalis,
3140 5587 3158 5619 ι
3185 5577 3294 5621 etc.

1783 5638 1896 5707 (67)
1942 5639 2101 5700 Editi,
2126 5655 2144 5687 r
2172 5646 2331 5708 partu
2356 5638 2510 5700 editi,
2558 5653 2730 5706 neque
2761 5638 2883 5690 ullis
2913 5640 3123 5692 actibus
3157 5652 3292 5708 pne-

1714 5725 1895 5763 rorum
1927 5708 2052 5761 houi
2077 5707 2271 5760 malive
2299 5710 2436 5760 inter
2478 5709 2727 5762 homines
2754 5709 2944 5762 habiti.
2984 5727 3002 5759 ι

1789 5776 1900 5846 (68)
1944 5777 2107 5838 nam,
2150 5795 2167 5828 ι
2208 5777 2447 5830 dilectio.
2491 5797 2508 5828 ι

1790 5849 1901 5917 (69)
1945 5847 2156 5917 Editi,_t
2192 5847 2300 5904 Cur
2324 5855 2502 5903 autem
2532 5850 2599 5903 ita
2635 5849 2760 5914 sint,
2799 5851 2977 5904 docet.
3008 5866 3029 5898 ι
