3766 6580
433 369 571 423 1145

431 575 523 628 Dei
558 573 696 645 (70),
726 572 800 626 ita
828 580 884 627 et
914 571 1002 624 hic
1025 586 1088 623 ex
1115 568 1320 624 duobus
1350 570 1529 625 minor
1560 569 1778 639 eligi-tur
1804 567 1992 634 Jacoh,

429 664 523 734 qui
562 665 849 731 adoptetur
876 662 930 714 in
962 660 1125 714 lilium
1167 659 1263 715 Dei
1297 677 1312 727 ;
1346 671 1400 715 et
1432 661 1513 714 sic
1539 675 1725 715 verum
1766 659 1825 713 lit
1853 661 1995 728 quod

431 756 824 820 promissiones
848 753 941 809 Dei
964 769 1068 807 non
1099 752 1149 805 in
1175 753 1298 807 liliis
1323 753 1530 818 carnis,
1554 754 1646 808 sed
1675 754 1726 807 in
1748 752 1839 808 Dei
1873 753 1997 809 ﬁliis

431 855 701 902 constent.
730 846 836 901 Sed
865 846 977 899 haec
1007 847 1188 898 omnia
1216 860 1281 899 eo
1308 854 1577 913 spectant,
1607 855 1666 898 ιιι
1705 845 1832 900 illud
1873 862 1998 913 pro-

430 939 526 994 bet
554 938 863 1008 Apostolus,
892 941 1032 1006 quod
1076 939 1120 991 si
1168 939 1248 993 vel
1279 936 1427 992 Isaac
1456 936 1541 991 vel
1580 935 1749 992 Jacob
1787 951 1883 1005 pro
1911 938 1997 992 his

433 1029 644 1085 meritis
686 1030 842 1084 electi
896 1029 1126 1084 fuissent
1156 1045 1185 1084 a
1242 1030 1349 1083 Deo
1395 1044 1514 1098 qua:
1545 1030 1596 1083 in
1641 1044 1807 1084 carne
1838 1029 1995 1097 positi

432 1123 802 1193 acquisierant
827 1122 963 1194 (71),
984 1133 1036 1177 et
1063 1139 1159 1190 per
1179 1137 1349 1191 opera
1374 1121 1554 1176 carnis
1570 1120 1856 1190 justiilcari
1882 1135 1997 1174 me-

432 1213 690 1279 ruissent,
723 1223 904 1283 posset
933 1213 1118 1281 utique
1160 1213 1337 1269 meriti
1376 1228 1563 1268 eorum
1591 1213 1765 1282 gratia
1804 1213 1870 1265 ad
1902 1226 2000 1281 po-

434 1305 735 1361 steritatem
779 1304 959 1358 carnis
1016 1319 1236 1373 quoque
1280 1312 1331 1357 et
1378 1304 1657 1371 sanguinis
1705 1303 1997 1372 pertinere.

432 1393 588 1449 Nune
618 1410 747 1449 vero
780 1410 902 1449 cum
939 1395 1132 1450 electio
1169 1410 1359 1448 eorum
1394 1409 1499 1447 non
1528 1409 1595 1448 ex
1633 1395 1889 1463 operibus
1919 1395 2001 1448 fa-

434 1495 522 1541 cta
554 1486 644 1551 sit,
672 1488 765 1543 sed
787 1503 853 1543 ex
878 1491 1152 1558 proposito
1169 1488 1287 1551 Dei,
1310 1496 1366 1541 et
1384 1502 1451 1542 ex
1478 1489 1728 1543 vocantis
1752 1488 1995 1553 arbitrio,

431 1576 856 1646 promissionum
897 1577 1068 1644 gratia
1121 1594 1226 1631 non
1261 1579 1315 1631 iu
1360 1577 1484 1632 [iliis
1517 1578 1698 1633 carnis
1727 1578 1998 1647 impletur,

433 1668 530 1721 sed
552 1667 606 1721 in
626 1667 751 1722 illiis
768 1668 882 1733 Dei,
907 1669 1009 1723 hoc
1041 1677 1145 1733 est,
1167 1670 1255 1737 qui
1284 1669 1531 1724 similiter
1552 1662 1618 1722 ἰιι
1657 1669 1758 1737 ipsi
1790 1686 1854 1724 ex
1890 1685 2005 1739 pro-

1869 364 2189 420 ORIGENIS

427 483 610 540 carnis
648 481 811 549 Isaac,
829 480 1049 547 eligitur
1074 492 1103 533 a
1133 479 1241 533 Deo
1276 479 1368 548 qui
1400 479 1686 548 adoptetur
1717 478 1771 532 in
1821 477 1989 532 lilium
2023 487 2066 541 Α
2097 487 2153 531 et
2198 475 2304 531 erit
2344 474 2493 531 Sane
2537 474 2709 539 illius;
2762 492 2783 527 ι
2826 472 2910 528 vel
2941 474 3009 527 de
3062 475 3165 529 hoc
3217 490 3233 526 :

3531 368 3655 423 HN

3293 490 3314 524 ι
3363 472 3539 530 Iacob
3581 484 3653 532 ui-

2097 569 2224 633 lexi,
2250 567 2389 623 Esau
2415 574 2591 621 autem
2619 566 2744 620 odio
2778 565 2939 620 habui
2964 564 3105 631 ¹²·¹³,
3136 583 3156 617 ι
3184 580 3308 620 cum
3337 565 3390 620 in
3415 574 3654 635 praesnti

2095 656 2329 726 capitulo
2355 656 2741 711 introduxisset
2775 654 3012 724 aliquam
3040 669 3333 724 personam
3358 656 3515 712 velut
3538 675 3653 713 ωει-

2097 750 2449 804 tradicentem
2488 747 2591 803 sibi
2626 755 2682 802 et
2708 749 3059 817 quaestionem
3089 757 3423 812 moventem,
3452 758 3509 803 et
3529 750 3657 804 diee—

2097 852 2181 896 ret
2210 857 2225 893 :
2249 860 2268 893 (
2299 840 2546 910 Nunquid
2604 841 2862 908 iniquitas
2917 850 3001 895 est
3023 841 3163 910 apud
3186 840 3356 893 Deum
3375 837 3428 892 in
3455 854 3656 907 respon-

2095 932 2388 1000 dissetque,
2424 951 2443 982 ι
2469 931 2622 985 Absit
2642 930 2773 1002 (77),
2817 950 2837 983 ο
2880 931 2977 986 sed
3013 949 3033 983 ι
3070 945 3177 985 non
3222 929 3656 1001 volentis,ncqu

2095 1017 2260 1092 614
2280 1020 2576 1088 currentis,
2603 1020 2699 1074 sed
2731 1019 3040 1075 miserentis
3076 1018 3189 1090 (78)
3214 1017 3313 1073 Dei
3332 1028 3428 1087 ,εει
3453 1036 3470 1072 :
3503 1036 3524 1072 ι
3548 1020 3655 1075 etsi

2098 1111 2432 1165 Pharaonem
2459 1120 2738 1181 propterea
2761 1111 3082 1181 elegit,utin
3105 1111 3220 1180 ipso
3239 1111 3545 1180 potentiam
3564 1126 3657 1168 su

2099 1205 2318 1258 virtutis
2344 1203 2656 1259 ostenderet
2682 1220 2696 1256 :
2728 1213 2783 1257 et
2822 1204 2865 1258 si
2894 1203 3012 1273 ipse
3037 1203 3122 1259 cui
3146 1204 3262 1258 vult
3286 1204 3657 1269 miseretur,et

2100 1306 2258 1365 quem
2287 1292 2403 1346 vult
2447 1292 2664 1347 ittdurat
2693 1310 2708 1349 :
2737 1300 2798 1346 ut
2831 1295 2964 1361 quid
2992 1294 3060 1346 de
3094 1291 3438 1355 hominibus,
3481 1292 3657 1360 inquit,

2099 1385 2342 1457 queritur
2365 1383 2476 1455 (79)
2495 1384 2518 1438 ?
2534 1394 2588 1439 et
2603 1400 2698 1440 cur
2714 1384 2804 1455 qui
2827 1394 3014 1453 peccat
3027 1383 3294 1454 culpatur,
3318 1398 3451 1438 cum
3472 1384 3586 1437 talis
3604 1387 3658 1439 de

2102 1492 2423 1548 unoquoque
2444 1477 2613 1546 ipsius
2627 1476 2874 1531 voluntas
2901 1477 3163 1531 habeatur
3182 1476 3344 1530 Illaec
3356 1490 3496 1546 ergo
3517 1484 3570 1530 et
3587 1474 3658 1529 bis

2102 1569 2298 1624 similia
2327 1568 2712 1631 commoventi,
2740 1577 2907 1638 atque
2946 1569 2998 1622 in
3027 1559 3186 1638 liuius
3214 1582 3272 1623 se
3300 1568 3554 1638 mysterii
3575 1582 3657 1621 cu-
3692 1636 3699 1643 δ

2103 1660 2340 1715 biculum
2382 1659 2690 1731 protervius
2714 1670 2770 1715 et
2807 1659 3176 1729 importunius
3226 1660 3529 1729 ingerenti,
3552 1674 3656 1713 cum

433 1757 610 1828 posito
634 1759 725 1813 Dei
750 1760 1037 1829 eliguntur,
1065 1770 1120 1814 et
1140 1761 1462 1830 adoptantur
1490 1761 1542 1815 in
1574 1761 1733 1819 alios.
1760 1760 2006 1831 Comple—
2036 1825 2071 1831 _
2105 1750 2478 1820 increpatione
2518 1750 2851 1821 dignissimae
2883 1750 3297 1806 exclamationis
3324 1750 3587 1812 occurrit.
3614 1762 3661 1804 et

436 1825 526 1904 tur
551 1865 781 1921 namque
808 1825 970 1905 etiam
1000 1852 1051 1905 in
1073 1852 1159 1907 his
1186 1825 1314 1907 illud
1340 1854 1483 1921 quod
1501 1851 1611 1923 jam
1644 1868 1805 1921 supra
1847 1825 2008 1924 eaipo-
2036 1825 2076 1879 Β
2104 1847 2238 1903 dicit
2277 1864 2292 1900 :
2329 1865 2349 1899 ι
2382 1849 2427 1903 Ο
2456 1848 2618 1902 homo
2644 1847 2659 1901 ξ
2696 1858 2750 1901 ιιι
2775 1848 2900 1916 quis
2920 1862 2979 1901 es
3015 1846 3107 1916 qui
3131 1855 3325 1900 contra
3354 1846 3659 1915 respondeas

432 1940 643 1996 animus
681 1941 804 2011 quia
838 1956 1001 2012 «quos
1022 1944 1315 2012 praescivit,
1335 1943 1454 1998 illos
1477 1955 1532 1999 et
1556 1945 1953 2015 praedestinavit
1985 1963 2000 2003 :

434 2042 490 2085 et
509 2047 644 2100 quos
690 2034 1240 2101 praedestinavit,illos
1267 2046 1323 2091 et
1343 2037 1659 2092 vocavitzet
1681 2052 1818 2105 quos
1849 2052 2007 2092 voca—

434 2122 531 2186 vit,
552 2123 669 2180 illos
696 2133 752 2178 et
776 2124 1089 2190 justiﬁeavit
1124 2145 1138 2181 :
1166 2138 1223 2181 et
1254 2142 1390 2197 quos
1425 2128 1765 2198 iustiﬁcavit,
1791 2129 1909 2184 illos
1951 2141 2006 2185 et

435 2213 757 2281 gloriﬁcavit
777 2216 873 2270 ⁸⁸.)
899 2217 1242 2288 Quacunque
1269 2231 1449 2275 autem
1477 2222 1543 2275 de
1561 2222 1644 2276 his
1668 2223 2006 2280 sermonibus

435 2316 598 2372 supra
631 2308 1014 2375 exposuimus,
1042 2312 1230 2364 eadem
1271 2312 1433 2366 etiam
1472 2312 1537 2365 ad
1576 2313 1855 2381 praesentis
1901 2313 2004 2370 loci

436 2397 864 2468 explanationem
899 2403 1031 2457 satis
1080 2404 1402 2474 abundeque
1451 2403 1754 2471 suﬁiciunt,
1789 2419 1858 2460 ne
1906 2405 2007 2460 ite-

438 2492 609 2545 rando
633 2493 817 2547 eadem
863 2492 1136 2548 fastidium
1166 2495 1278 2566 (72)
1319 2496 1622 2568 legentibus
1661 2512 2001 2569 generemus.

507 2580 596 2635 16.
641 2599 661 2632 ι
692 2580 829 2648 Quid
854 2597 984 2652 ergo
1016 2586 1257 2640 dicemus
1298 2586 1600 2659 ?Nunquid
1635 2590 1895 2659 iniquitas
1920 2599 2005 2647 est

437 2674 575 2741 apud
618 2674 838 2728 Deum?
878 2677 1055 2731 Absit.
1092 2677 1259 2747 Moysi
1300 2681 1446 2735 enim
1486 2682 1668 2736 dicit:
1707 2681 2005 2738 Miserebor

437 2764 589 2833 cujus
617 2765 898 2833 misereor,
923 2779 976 2821 et
1020 2770 1445 2828 misericordiam
1489 2775 1756 2843 praestabo
1782 2777 1865 2829 cui
1896 2776 2001 2829 mi-

438 2855 680 2909 serebor.
726 2855 893 2923 Igitur
940 2872 1045 2911 non
1084 2857 1312 2916 volentis
1352 2875 1526 2931 neque
1566 2864 1875 2927 currentis,
1906 2866 2000 2919 sed

438 2946 745 3001 miserentis
771 2957 854 3002 est
894 2949 1010 3004 Dei.
1036 2950 1174 3006 Dicit
1197 2954 1342 3008 enim
1367 2954 1646 3025 Scriptura
1686 2957 1950 3012 Pharaoni
1983 2975 1997 3010 :

437 3035 570 3103 Quia
609 3039 674 3091 ad
711 3040 811 3093 hoc
848 3041 1022 3109 ipsum
1060 3054 1111 3097 te
1138 3047 1394 3101 suscitavi
1422 3088 1438 3112 ,
1480 3051 1840 3104 utostendam
1865 3051 1918 3104 in
1950 3060 2001 3105 te

440 3224 488 3276 in
515 3225 768 3279 universa
796 3236 960 3281 terra.
990 3228 1130 3296 Ergo
1156 3231 1244 3285 cui
1280 3232 1393 3286 vult
1420 3233 1731 3299 miseretur,
1759 3244 1815 3288 et
1839 3250 1997 3303 quem

437 3313 552 3367 vult
601 3315 837 3371 indurat.
874 3316 1018 3372 Dicis
1060 3318 1240 3389 itaque
1275 3320 1407 3375 mihi
1436 3339 1451 3375 :
1479 3321 1619 3388 Quid
1659 3338 1791 3393 ergo
1825 3324 2003 3379 adhuc

436 3403 717 3473 queritur?
744 3404 1015 3461 Voluntati
1037 3408 1181 3461 enim
1198 3408 1316 3477 ejus
1336 3410 1461 3483 quis
1496 3411 1703 3466 resistit
1730 3412 1769 3442 “
1798 3412 1948 3483 (71)?
1977 3432 1996 3465 ι

438 3491 724 3563 Legentem
754 3496 868 3550 haec
903 3498 1212 3555 meminisse
1254 3502 1511 3556 attentius
1540 3503 1793 3557 convenit
1816 3503 2004 3558 simili-

444 3584 645 3639 tudinis
690 3586 836 3641 illius
860 3628 874 3653 ,
905 3604 1064 3658 quam
1104 3591 1157 3644 in
1195 3592 1564 3661 superioribus
1593 3594 1747 3649 libris
1770 3596 1836 3650 de
1875 3612 2005 3668 apo-

441 3672 619 3729 stolici
647 3679 913 3733 sermonis
950 3680 1354 3757 dispensatione
1384 3683 1682 3752 posuimus,
1704 3686 1848 3755 quod
1885 3696 2005 3741 tan-

439 3777 602 3834 quam
628 3767 682 3821 in
713 3769 860 3839 regia
892 3774 1124 3846 quadam
1149 3773 1327 3840 domo,
1355 3790 1480 3844 quae
1520 3775 1910 3845 multiplicibus
1933 3779 2005 3833 sit

442 3857 777 3928 ingressibus
808 3864 1217 3934 egressibusque
1251 3866 1526 3934 distincta,
1554 3883 1619 3921 ex
1645 3883 1753 3923 uno
1780 3870 1832 3924 in
1860 3870 2006 3925 aliud

440 3949 698 4007 conclave
726 3953 798 4007 ita
838 3965 1164 4021 transeatur,
1189 3968 1247 4011 ut
1278 3958 1367 4013 vix
1408 3960 1762 4029 ingredientis
1783 3961 2003 4028 indicia,

442 4049 537 4096 aut
566 4044 893 4113 egredientis
915 4057 1211 4117 appareant
1237 4066 1251 4101 :
1287 4049 1360 4102 ita
1387 4051 1547 4107 etiam
1575 4050 1773 4106 Paulus
1798 4054 2006 4107 divino-

443 4149 563 4189 rum
617 4147 823 4191 secreta
868 4138 1142 4207 paululum
1187 4139 1403 4208 quidem
1439 4142 1790 4212 subaperiens
1816 4143 2006 4197 videa-

443 4236 559 4292 tur,
585 4242 690 4283 non
740 4237 920 4285 tamen
962 4230 1117 4299 plane
1150 4242 1438 4301 aperteque
1474 4235 1713 4303 pandens
1747 4233 1879 4304 (75).
1912 4234 2005 4288 De-

442 4317 608 4385 nique
626 4332 748 4372 cum
781 4334 879 4389 pro
902 4319 985 4374 his
1019 4335 1139 4397 qum
1167 4322 1415 4391 superius
1441 4323 1653 4378 dixerat
1676 4323 1743 4377 de
1771 4326 1922 4383 Isaac
1957 4338 2012 4383 et

440 4403 633 4471 Jacob,
660 4410 801 4477 quod
831 4424 926 4479 per
945 4411 1260 4466 electionem
1289 4423 1342 4467 et
1376 4428 1443 4468 ex
1472 4416 1748 4484 proposito
1774 4418 1885 4482 Dei,
1915 4435 2010 4473 an-

2104 1937 2259 1995 Deo?
2288 1959 2309 1993 r
2339 1938 2508 2006 Quasi
2536 1939 2742 1994 diceret
2776 1953 2792 1992 :
2829 1936 2908 1991 Tu
2938 1937 3061 2008 quis
3093 1952 3153 1992 es
3180 1937 3273 2009 qui
3301 1947 3359 1992 te
3405 1938 3464 1990 in
3500 1936 3659 1989 aulam

2103 2033 2247 2104 regis
2274 2033 2574 2103 immergis,
2606 2041 2663 2086 et
2691 2031 2970 2086 interioris
3010 2030 3241 2085 cubiculi
3277 2043 3455 2083 ausus
3492 2043 3553 2083 es
3590 2043 3658 2083 se-

3722 439 3728 486 l

2107 2138 2255 2181 creta
2278 2125 2597 2195 penetrare?
2627 2123 2832 2179 Idcirco
2858 2123 3022 2191 igitur
3050 2131 3106 2176 et
3129 2136 3228 2176 nos
3252 2122 3307 2175 in
3336 2121 3542 2175 talibus
3563 2135 3662 2173 sus-
3726 2121 3727 2147 ‘

2104 2234 2272 2289 penso
2315 2219 2451 2285 pede
2502 2227 2755 2286 tanquam
2798 2214 2852 2268 in
2904 2215 3026 2269 aula
3073 2214 3220 2284 regia
3265 2212 3475 2282 positi,
3514 2226 3657 2280 pauca
3726 2276 3727 2285 χ

2102 2323 2377 2372 sermone,
2406 2308 2559 2379 plura
2581 2306 2799 2363 silentio
2828 2316 3189 2371 transeamus,
3215 2304 3335 2374 ipso
3357 2303 3520 2358 nobis
3554 2314 3662 2369 apo.
3726 2366 3727 2369 η

2102 2401 2240 2459 stolo
2290 2400 2458 2459 Paulo
2500 2400 2756 2470 magistro
2796 2410 2852 2455 et
2891 2399 3028 2453 duce
3065 2395 3224 2465 hujus
3263 2394 3494 2450 itineris
3519 2392 3658 2448 farto.

2101 2491 2268 2564 Igitur
2291 2507 2359 2548 ex
2400 2506 2629 2562 persona
2676 2489 3096 2548 contradicentis
3127 2488 3231 2544 sibi
3269 2487 3414 2542 dicit
3449 2487 3661 2555 Aposto-
3726 2522 3727 2551 ἢ

2102 2586 2184 2642 lus
2220 2604 2272 2645 ιι
2297 2585 2550 2655 Nunquid
2570 2585 2828 2655 iniquitas
2850 2592 2936 2640 est
2970 2584 3110 2656 apud
3136 2583 3306 2638 Deum
3332 2582 3360 2636 ’ἒ
3379 2601 3402 2635 ι
3422 2592 3480 2636 et
3500 2581 3658 2636 statim

2099 2678 2156 2734 in
2185 2677 2353 2734 initiis
2379 2678 2670 2748 respondet
2696 2694 2711 2731 :
2751 2695 2771 2729 ι
2799 2677 2956 2733 Absit
2987 2696 3002 2745 ;
3036 2697 3055 2731 ι
3088 2685 3148 2732 ut
3173 2676 3242 2732 ad
3264 2676 3455 2731 omnia
3486 2684 3661 2730 cetera

2100 2786 2220 2841 quae
2241 2785 2309 2824 ex
2344 2784 2573 2840 persona
2606 2769 3038 2824 contradicentis
3074 2768 3390 2838 obiicienda
3424 2776 3574 2828 sunt,
3600 2767 3658 2821 ab
3726 2758 3727 2831 ᾗ

2100 2862 2357 2932 Apostolo
2405 2874 2619 2929 semper
2672 2860 2987 2927 responderi
3038 2859 3307 2922 videatur,
3366 2876 3386 2909 ι
3441 2856 3655 2913 Absit.)
3726 2856 3727 2929 ξ

2098 2953 2204 3009 lste
2243 2968 2373 3021 ergo
2421 2951 2511 3023 qui
2556 2949 2903 3015 contradicit,
2954 2951 3126 3004 utitur
3156 2960 3213 3005 et
3257 2950 3438 3023 Moysi
3476 2953 3657 3014 verbis,

2098 3044 2295 3115 quibus
2340 3043 2470 3098 dicit
2514 3042 2581 3095 ad
2615 3056 2739 3095 eum
2790 3040 3093 3097 Dominus:
3127 3059 3147 3092 ι
3183 3041 3494 3098 Miserebor
3528 3045 3661 3111 cuius

435 3131 689 3183 virtutem
720 3146 914 3198 meam,
935 3144 989 3188 et
1013 3148 1074 3189 ut
1094 3140 1443 3193 annuntietur
1464 3140 1576 3210 (73)
1599 3156 1793 3196 nomen
1819 3157 1997 3197 meum

2113 3138 2381 3203 misereor,
2427 3147 2483 3191 et
2523 3135 2949 3190 misericordiam
2996 3136 3269 3204 prmstabo
3318 3137 3415 3189 cui
3456 3135 3661 3190 misere-
3726 3131 3727 3195 ἦ

2101 3230 2200 3285 hor
2225 3229 2289 3287 ιδ.
2328 3249 2348 3283 ι
2383 3230 2536 3296 Quod
2568 3230 2613 3285 si
2638 3240 2743 3293 est,
2772 3226 2967 3297 inquit,
2999 3241 3106 3281 non
3142 3241 3271 3296 ergo
3308 3226 3550 3282 volentis
3573 3242 3656 3280 ne-

2101 3336 2207 3391 que
2231 3321 2496 3376 currentis
2520 3330 2604 3375 est
2627 3319 2793 3381 salus,
2811 3319 2904 3373 sed
2931 3317 3046 3386 ejus
3074 3318 3163 3373 cui
3189 3317 3492 3373 miseretur
3514 3316 3656 3372 Deus.

2102 3412 2234 3467 Nam
2266 3423 2322 3468 et
2367 3412 2634 3466 Pharaoni
2678 3409 2814 3480 (80),
2853 3396 3052 3479 inquit,
3091 3407 3318 3475 dicitur,
3359 3427 3383 3459 ι
3431 3411 3555 3479 quia
3597 3410 3656 3460 ad

2104 3505 2205 3559 hoc
2237 3505 2408 3574 ipsum
2439 3513 2491 3557 te
2513 3501 2792 3564 suscitavi,
2816 3510 2875 3554 ιιι
2913 3499 3192 3554 ostendam
3225 3498 3280 3552 in
3312 3508 3371 3554 te
3421 3501 3655 3553 virtutem

2104 3611 2298 3656 meam,
2326 3604 2381 3648 et
2409 3602 2467 3648 ut
2502 3591 2854 3647 annuntietur
2882 3605 3074 3645 nomen
3116 3605 3294 3643 meum
3332 3589 3395 3643 in
3426 3591 3657 3643 universa
3726 3636 3727 3653 ς

2107 3697 2250 3741 terra
2281 3687 2322 3717 "
2352 3702 2367 3750 ;
2406 3705 2425 3739 ι
2460 3694 2518 3738 ut
2550 3700 2613 3739 ex
2651 3684 2753 3739 hoc
2804 3683 3045 3737 videatur
3067 3681 3305 3744 ostendi,
3343 3683 3477 3748 quia
3518 3684 3564 3735 si
3600 3681 3655 3731 ad

2109 3776 2210 3829 hoc
2234 3775 2442 3830 electus
2473 3784 2554 3829 est
2575 3773 2806 3837 Pharao,
2844 3782 2903 3825 ιιι
2923 3787 3018 3841 per
3036 3787 3156 3827 eutn
3182 3772 3357 3827 virtus
3387 3772 3481 3826 Dei
3510 3772 3657 3826 humi.
3726 3800 3727 3807 η

2108 3865 2262 3919 nibus
2286 3865 2606 3929 declaretur,
2633 3880 2739 3920 non
2764 3865 2865 3920 fuit
2881 3864 2937 3918 in
2962 3879 3059 3917 sua
3082 3871 3354 3933 potestate
3380 3864 3528 3934 quod
3555 3876 3656 3931 per-

2110 3957 2190 4011 iit.
2238 3957 2300 4012 Et
2348 3958 2500 4012 addit
2525 3956 2634 4029 (81)
2664 3966 2785 4026 post
2824 3955 3007 4010 omnia
3041 3973 3055 4010 :
3094 3973 3114 4007 ι
3157 3956 3297 4025 Ergo
3324 3957 3416 4011 cui
3448 3952 3656 4007 vultmi-

2107 4060 2339 4118 seretur,
2388 4059 2441 4106 et
2478 4052 2639 4120 quem
2682 4049 2796 4104 vult
2845 4048 3083 4106 indurat.
3116 4067 3137 4102 ι
3173 4047 3289 4104 Hoc
3325 4060 3439 4112 est,
3483 4046 3654 4116 inquit,

2108 4143 2249 4211 quod
2267 4158 2542 4200 asseveras
2558 4152 2613 4198 ιιι
2643 4142 2735 4212 qui
2781 4139 3133 4206 contradicis,
3179 4140 3308 4209 quia
3354 4140 3479 4195 sine
3515 4151 3655 4193 causa

2109 4237 2457 4303 conqueritur
2483 4244 2538 4289 et
2579 4236 2767 4302 arguit
2799 4237 3047 4291 homines
3091 4234 3249 4289 Deus.
3291 4230 3350 4287 Si
3387 4233 3530 4286 enim
3562 4231 3659 4296 ipse

2111 4341 2270 4396 quem
2315 4326 2614 4396 vulteligit,
2644 4338 2698 4381 et
2727 4342 2887 4396 quem
2919 4327 3030 4382 vult
3073 4325 3281 4392 abjicit,
3313 4322 3578 4378 voluntati
3611 4319 3658 4374 il-

2114 4416 2217 4471 lius
2245 4418 2368 4487 quis
2412 4419 2618 4473 resistit
2642 4416 2754 4490 (82)
2795 4434 2893 4488 per
2922 4435 3084 4488 quem
3116 4418 3303 4474 omnia
3337 4416 3363 4470 ?
3398 4415 3530 4470 Illud
3556 4414 3657 4468 sine

448 4511 662 4571 tequam
685 4501 885 4568 aliquid
915 4503 1095 4570 operis
1126 4502 1252 4557 boni
1292 4504 1487 4555 malive
1519 4504 1836 4572 gessissent,
1872 4506 2011 4562 Deus
2041 4509 2083 4563 D
2115 4507 2277 4562 dubio
2323 4511 2676 4565 contradictio
2731 4512 2835 4565 ista
2885 4511 3123 4577 molitur,
3162 4510 3308 4581 quod
3359 4508 3416 4563 in
3464 4504 3655 4562 homine

446 4593 645 4647 dixerit
671 4592 780 4663 (76)
812 4592 895 4648 vel
942 4594 1008 4648 de
1049 4594 1175 4650 illo:
1206 4613 1225 4647 ι
1269 4596 1348 4649 Ad
1392 4596 1492 4650 hoc
1537 4606 1746 4666 tempus
1775 4599 2008 4665 veniam,

517 4733 560 4766 ¹⁰
592 4732 747 4786 Rom.
777 4731 999 4803 γυιάς),
1031 4732 1119 4785 50.
1200 4733 1241 4764 ’ί
1262 4732 1416 4785 Rotn.
1454 4750 1526 4795 ts,
1554 4734 1622 4787 14
1652 4749 1767 4803 seq.

517 4950 630 5022 (70)
664 4951 737 5004 Ita
776 4950 1028 5022 [labantis
1065 4949 1166 5022 hic
1192 4958 1245 5003 et
1272 4947 1584 5022 iu_fra._&lss.
1617 4964 1743 5002 vero
1772 4949 2014 5022 plerique

441 5032 499 5077 et
528 5018 685 5083 editi,
721 5039 739 5072 ι
790 5022 844 5074 in
895 5021 1031 5075 iilios
1078 5019 1192 5074 Dei.
1232 5038 1249 5070 ι
1289 5019 1386 5072 Ms.
1437 5018 1633 5089 Regius
1675 5037 1821 5073 num.
1854 5018 2011 5081 1659,

449 5107 470 5143 ι
501 5091 554 5144 in
587 5092 698 5145 lilio
744 5091 857 5145 Dei.
893 5109 913 5142 ι

516 5158 629 5229 (71)
670 5160 832 5225 Editi,
872 5178 891 5212 ι
939 5161 1004 5213 ad
1033 5174 1094 5214 ea
1143 5173 1261 5228 qme
1296 5157 1347 5209 in
1394 5174 1557 5211 carne
1594 5159 1749 5228 positi
1784 5158 2012 5225 quaesie-

475 5239 590 5283 ant.
628 5249 648 5283 ι

517 5297 628 5367 (72)
670 5299 833 5364 Editi,
866 5318 886 5351 ι
933 5300 1501 5368 dispensatiouetn.....
1528 5314 1595 5353 ne
1642 5299 1833 5352 iterato
1858 5295 2012 5350 fusti-

445 5369 616 5430 dium,
656 5388 674 5421 ι
706 5377 810 5421 etc.

519 5438 633 5506 (75)
675 5438 835 5500 Editi,
873 5457 890 5488 ι
932 5447 989 5490 ιιι
1035 5440 1313 5492 ostendam
1347 5439 1401 5493 in
1441 5447 1492 5491 te
1537 5440 1812 5499 virtutem,
1840 5441 1894 5489 et
1926 5449 2018 5488 an-

449 5507 751 5563 nuntietur.
787 5528 804 5558 ι
850 5507 978 5561 Mss.
1012 5510 1250 5575 quidam,
1285 5525 1302 5557 ι
1339 5507 1674 5568 annuntient,
1713 5527 1730 5559 ι
1763 5517 1869 5559 etc.

521 5576 633 5647 (71)
676 5578 838 5637 Editi.
875 5595 894 5629 ι
956 5577 1144 5630 Dicitis
1190 5581 1371 5645 itaque
1421 5579 1549 5630 mihi
1599 5593 1612 5628 :
1662 5577 1798 5647 Quid
1840 5575 2014 5629 adhuc

447 5646 709 5717 quaeritur
740 5647 764 5700 ?
798 5647 1069 5700 Voluntati
1093 5648 1236 5700 enim
1260 5650 1377 5716 ejus
1404 5648 1524 5715 quis
1554 5646 1807 5717 resistet?
1838 5664 1855 5717 ι»

518 5719 631 5787 (75)
665 5718 828 5778 Editi,
861 5736 877 5765 ι
917 5727 974 5769 ιιι
1016 5725 1267 5785 tanquam
1304 5719 1445 5786 regia
1492 5716 1773 5785 cujusdam
1819 5716 2009 5787 domus

447 5785 566 5854 qua:
591 5785 977 5854 multiplicibus
1003 5785 1426 5855 ingressibus....
1455 5799 1505 5840 et
1539 5802 1602 5840 ex
1640 5802 1745 5840 uno
1777 5789 1827 5839 in
1864 5785 2004 5837 aliud

2124 4614 2229 4654 non
2253 4600 2323 4655 sit
2363 4600 2581 4655 libertas
2614 4602 2867 4669 arbitrii,
2903 4619 3001 4657 nec
3059 4604 3258 4657 habeat
3305 4598 3654 4668 unusquisque

1839 4732 1956 4764 πάι
1983 4734 1997 4784 ς

2113 4748 2180 4787 es.
2216 4749 2368 4793 xvttt.
2403 4732 2497 4800 10;
2539 4733 2764 4789 Malach.
2798 4751 2835 4801 t,
2876 4734 2930 4788 2.
3008 4736 3053 4768 ’⁸
3095 4738 3264 4792 Exod.
3319 4754 3518 4801 xum,
3561 4735 3650 4797 19;

445 4800 601 4857 llotn.
638 4818 713 4866 ιι,
753 4802 951 4869 15,16.
1029 4804 1071 4834 ³⁵
1102 4803 1272 4857 Exod.
1331 4818 1404 4869 Ix,
1455 4808 1561 4869 tu;
1607 4800 1763 4865 Itoni.
1808 4821 1885 4867 Ix,
1935 4803 2019 4865 17.

2119 4945 2394 5007 conclave.
2423 4946 2491 4999 ita
2526 4957 2783 5001 transeat.
2824 4966 2841 4997 ι
2881 4947 3082 5002 Deinde
3115 4945 3273 5000 iidem
3300 4947 3435 5000 editi
3466 4957 3517 5000 et
3540 4959 3650 4999 mss.

2119 5016 2356 5082 quidam,
2376 5035 2395 5066 ι
2415 5016 2492 5070 ita
2515 5018 2677 5087 etiam
2703 5017 2924 5071 Paulum
2955 5017 3388 5087 subaperientem
3417 5017 3651 5070 videri....

2119 5095 2414 5153 aperteque
2442 5086 2780 5152 pandentem.
2816 5104 2835 5137 ι

2211 5154 2302 5219 76)
2341 5155 2505 5219 Editi,
2549 5172 2567 5205 ι
2599 5155 2826 5210 dixerat.
2866 5173 2885 5206 ι

2213 5224 2300 5295 77)
2343 5223 2827 5294 Respondissetque,
2859 5224 3024 5277 Absit.
3057 5221 3180 5279 Hac
3200 5223 3580 5295 desiderantur
3609 5224 3649 5272 in

2121 5290 2291 5366 antea
2306 5290 2483 5359 editis,
2511 5305 2560 5347 et
2590 5297 2639 5347 in
2671 5290 2771 5366 m's.
2813 5295 2979 5366 Regio
3011 5309 3155 5347 num.
3188 5290 3347 5359 1659,
3375 5309 3465 5365 qut
3492 5310 3649 5363 passu

2124 5364 2304 5425 habet,
2347 5381 2364 5414 ι
2412 5366 2455 5417 si
2495 5380 2597 5417 non
2627 5365 2875 5425 volentis,
2902 5364 2938 5416 ἰ
2973 5375 3079 5419 etc.

2192 5433 2303 5503 (78)
2335 5434 2497 5497 Editi,
2532 5452 2551 5485 ι
2587 5435 2975 5495 misericordia,
3017 5453 3034 5485 ι
3064 5441 3119 5489 et
3153 5452 3172 5487 ι
3206 5433 3593 5489 misericordia.
3626 5450 3643 5482 ι

2190 5503 2301 5568 (79)
2339 5503 2498 5565 Editi,
2536 5524 2553 5553 ι
2598 5506 2874 5573 qua-ritur,
2902 5524 2918 5555 ι
2955 5505 3111 5558 male.

2188 5573 2297 5643 (80)
2341 5574 2501 5644 Editi,
2540 5594 2556 5624 ι
2599 5570 2768 5644 neque
2803 5577 3069 5629 currentis
3101 5576 3275 5642 salus,
3318 5576 3410 5632 sed
3439 5576 3550 5644 ejus
3575 5570 3644 5625 cui

2117 5644 2421 5696 miseretur.
2458 5643 2590 5697 Nam
2615 5643 2903 5707 Pharaoni,
2935 5663 2953 5695 ι
2986 5654 3093 5700 etc.
3473 5643 3497 5672 λ

2206 5714 2295 5781 81)
2340 5713 2500 5773 Editi,
2537 5732 2556 5765 ι
2601 5715 2650 5767 in
2678 5715 2792 5782 ejus
2822 5725 3176 5780 potestate....
3212 5716 3277 5772 Et
3306 5714 3522 5770 addidit.
3553 5728 3573 5763 ι

2208 5783 2293 5851 8?.)
2337 5783 2495 5852 Editi,
2534 5804 2549 5835 ι
2589 5785 2819 5839 resistet.
2853 5805 2871 5837 ι
