  <div class='ocr_page' id='page_1' title='image "/cluster/home/n/w/nwhite01/storage/ocr_20150623/14/hvd.32044024333478/580.png"; bbox 0 0 3766 6540; ppageno 0'>
   <div class='ocr_carea' id='block_1_1' title="bbox 45 387 191 444">
    <p class='ocr_par' dir='ltr' id='par_1_1' title="bbox 45 387 191 444">
     <span class='ocr_line' id='line_1_1' title="bbox 45 387 191 444; baseline 0.027 -4"><span class='ocrx_word' id='word_1_1' title='bbox 45 387 191 444; x_wconf 66' lang='grc'><strong>1145</strong></span> 
     </span>
    </p>
   </div>
   <div class='ocr_carea' id='block_1_2' title="bbox 971 390 2360 450">
    <p class='ocr_par' dir='ltr' id='par_1_2' title="bbox 971 390 2360 450">
     <span class='ocr_line' id='line_1_2' title="bbox 971 390 2360 450; baseline 0.003 -4"><span class='ocrx_word' id='word_1_2' title='bbox 971 391 1331 449; x_wconf 78' lang='lat' dir='ltr'><strong>COMMENT.</strong></span> <span class='ocrx_word' id='word_1_3' title='bbox 1372 391 1440 446; x_wconf 84' lang='lat' dir='ltr'><strong>IN</strong></span> <span class='ocrx_word' id='word_1_4' title='bbox 1479 391 1698 446; x_wconf 86' lang='lat' dir='ltr'><strong>EPIST.</strong></span> <span class='ocrx_word' id='word_1_5' title='bbox 1741 391 1832 444; x_wconf 79' lang='lat' dir='ltr'><strong>AD</strong></span> <span class='ocrx_word' id='word_1_6' title='bbox 1871 390 2039 447; x_wconf 75' lang='lat' dir='ltr'><strong>ROM.</strong></span> <span class='ocrx_word' id='word_1_7' title='bbox 2084 393 2210 446; x_wconf 87' lang='lat' dir='ltr'><strong>LIB.</strong></span> <span class='ocrx_word' id='word_1_8' title='bbox 2247 393 2360 450; x_wconf 80' lang='lat' dir='ltr'><strong>VII.</strong></span> 
     </span>
    </p>
   </div>
   <div class='ocr_carea' id='block_1_3' title="bbox 3162 397 3300 451">
    <p class='ocr_par' dir='ltr' id='par_1_3' title="bbox 3162 397 3300 451">
     <span class='ocr_line' id='line_1_3' title="bbox 3162 397 3300 451; baseline 0 0"><span class='ocrx_word' id='word_1_9' title='bbox 3162 397 3300 451; x_wconf 59' lang='lat'><strong>“$6</strong></span> 
     </span>
    </p>
   </div>
   <div class='ocr_carea' id='block_1_4' title="bbox 44 508 3300 585">
    <p class='ocr_par' dir='ltr' id='par_1_4' title="bbox 44 508 3300 585">
     <span class='ocr_line' id='line_1_4' title="bbox 44 508 3300 585; baseline 0.002 -24"><span class='ocrx_word' id='word_1_10' title='bbox 44 508 98 561; x_wconf 91' lang='lat' dir='ltr'><strong>in</strong></span> <span class='ocrx_word' id='word_1_11' title='bbox 149 523 252 564; x_wconf 80' lang='lat' dir='ltr'><strong>sua</strong></span> <span class='ocrx_word' id='word_1_12' title='bbox 295 519 566 581; x_wconf 86' lang='lat' dir='ltr'><strong>potestate</strong></span> <span class='ocrx_word' id='word_1_13' title='bbox 605 520 666 565; x_wconf 92' lang='lat' dir='ltr'><strong>ut</strong></span> <span class='ocrx_word' id='word_1_14' title='bbox 695 519 790 566; x_wconf 88' lang='lat' dir='ltr'><strong>aut</strong></span> <span class='ocrx_word' id='word_1_15' title='bbox 831 511 1071 568; x_wconf 85' lang='lat' dir='ltr'><strong>salvetur</strong></span> <span class='ocrx_word' id='word_1_16' title='bbox 1108 511 1245 585; x_wconf 76' lang='lat'><strong>(83),</strong></span> <span class='ocrx_word' id='word_1_17' title='bbox 1283 523 1378 568; x_wconf 87' lang='lat' dir='ltr'><strong>aut</strong></span> <span class='ocrx_word' id='word_1_18' title='bbox 1417 522 1627 582; x_wconf 85' lang='lat' dir='ltr'><strong>pereat.</strong></span> <span class='ocrx_word' id='word_1_19' title='bbox 1659 517 1706 575; x_wconf 83' lang='grc' dir='ltr'><strong>Α</strong></span> <span class='ocrx_word' id='word_1_20' title='bbox 1734 514 2048 581; x_wconf 69' lang='lat' dir='ltr'><strong>sagacitate.</strong></span> <span class='ocrx_word' id='word_1_21' title='bbox 2097 513 2550 582; x_wconf 97' lang='lat' dir='ltr'><strong>contemplabitur</strong></span> <span class='ocrx_word' id='word_1_22' title='bbox 2595 527 2826 584; x_wconf 87' lang='lat' dir='ltr'><strong>quorum</strong></span> <span class='ocrx_word' id='word_1_23' title='bbox 2857 531 2923 570; x_wconf 79' lang='lat' dir='ltr'><strong>ex</strong></span> <span class='ocrx_word' id='word_1_24' title='bbox 2976 508 3062 566; x_wconf 84' lang='lat' dir='ltr'><strong>his</strong></span> <span class='ocrx_word' id='word_1_25' title='bbox 3087 516 3300 571; x_wconf 85' lang='lat' dir='ltr'><strong>animus</strong></span> 
     </span>
    </p>
   </div>
   <div class='ocr_carea' id='block_1_5' title="bbox 44 598 1624 672">
    <p class='ocr_par' dir='ltr' id='par_1_5' title="bbox 44 598 1624 672">
     <span class='ocr_line' id='line_1_5' title="bbox 44 598 1624 672; baseline 0.006 -22"><span class='ocrx_word' id='word_1_26' title='bbox 44 598 118 651; x_wconf 89' lang='lat' dir='ltr'><strong>De</strong></span> <span class='ocrx_word' id='word_1_27' title='bbox 148 601 354 668; x_wconf 85' lang='lat' dir='ltr'><strong>quibus</strong></span> <span class='ocrx_word' id='word_1_28' title='bbox 395 601 605 669; x_wconf 86' lang='lat' dir='ltr'><strong>plenius</strong></span> <span class='ocrx_word' id='word_1_29' title='bbox 635 603 854 672; x_wconf 86' lang='lat' dir='ltr'><strong>quidem</strong></span> <span class='ocrx_word' id='word_1_30' title='bbox 885 620 914 657; x_wconf 89' lang='lat' dir='ltr'><strong>a</strong></span> <span class='ocrx_word' id='word_1_31' title='bbox 955 605 1110 659; x_wconf 89' lang='lat' dir='ltr'><strong>nobis</strong></span> <span class='ocrx_word' id='word_1_32' title='bbox 1138 605 1191 658; x_wconf 92' lang='lat' dir='ltr'><strong>in</strong></span> <span class='ocrx_word' id='word_1_33' title='bbox 1221 620 1286 660; x_wconf 91' lang='lat' dir='ltr'><strong>eo</strong></span> <span class='ocrx_word' id='word_1_34' title='bbox 1327 605 1509 662; x_wconf 89' lang='lat' dir='ltr'><strong>libello</strong></span> <span class='ocrx_word' id='word_1_35' title='bbox 1535 605 1624 661; x_wconf 90' lang='lat' dir='ltr'><strong>ubi</strong></span> 
     </span>
    </p>
   </div>
   <div class='ocr_carea' id='block_1_6' title="bbox 42 689 1625 765">
    <p class='ocr_par' dir='ltr' id='par_1_6' title="bbox 42 689 1625 765">
     <span class='ocr_line' id='line_1_6' title="bbox 42 689 1625 765; baseline 0.007 -26"><span class='ocrx_word' id='word_1_36' title='bbox 42 690 109 742; x_wconf 88' lang='lat' dir='ltr'><strong>de</strong></span> <span class='ocrx_word' id='word_1_37' title='bbox 140 689 359 744; x_wconf 75' lang='lat' dir='ltr'><strong>arbitrii</strong></span> <span class='ocrx_word' id='word_1_38' title='bbox 392 691 638 748; x_wconf 73' lang='lat' dir='ltr'><strong>libertate</strong></span> <span class='ocrx_word' id='word_1_39' title='bbox 663 693 1038 758; x_wconf 86' lang='lat' dir='ltr'><strong>disseruimus,</strong></span> <span class='ocrx_word' id='word_1_40' title='bbox 1058 709 1156 764; x_wconf 90' lang='lat' dir='ltr'><strong>pro</strong></span> <span class='ocrx_word' id='word_1_41' title='bbox 1185 695 1389 751; x_wconf 91' lang='lat' dir='ltr'><strong>viribus</strong></span> <span class='ocrx_word' id='word_1_42' title='bbox 1413 695 1625 765; x_wconf 82' lang='lat' dir='ltr'><strong>singula</strong></span> 
     </span>
    </p>
   </div>
   <div class='ocr_carea' id='block_1_7' title="bbox 41 783 1623 856">
    <p class='ocr_par' dir='ltr' id='par_1_7' title="bbox 41 783 1623 856">
     <span class='ocr_line' id='line_1_7' title="bbox 41 783 1623 856; baseline 0.008 -25"><span class='ocrx_word' id='word_1_43' title='bbox 41 795 278 850; x_wconf 74' lang='lat' dir='ltr'><strong>qua-que</strong></span> <span class='ocrx_word' id='word_1_44' title='bbox 323 783 564 838; x_wconf 90' lang='lat' dir='ltr'><strong>discussa</strong></span> <span class='ocrx_word' id='word_1_45' title='bbox 605 795 731 838; x_wconf 89' lang='lat' dir='ltr'><strong>sunt</strong></span> <span class='ocrx_word' id='word_1_46' title='bbox 762 785 906 856; x_wconf 70' lang='lat'><strong>(84),</strong></span> <span class='ocrx_word' id='word_1_47' title='bbox 936 801 1056 856; x_wconf 73' lang='lat' dir='ltr'><strong>qua:</strong></span> <span class='ocrx_word' id='word_1_48' title='bbox 1097 790 1165 843; x_wconf 91' lang='lat' dir='ltr'><strong>ad</strong></span> <span class='ocrx_word' id='word_1_49' title='bbox 1211 789 1623 844; x_wconf 84' lang='lat' dir='ltr'><strong>instructionem</strong></span> 
     </span>
    </p>
   </div>
   <div class='ocr_carea' id='block_1_8' title="bbox 42 871 1625 941">
    <p class='ocr_par' dir='ltr' id='par_1_8' title="bbox 42 871 1625 941">
     <span class='ocr_line' id='line_1_8' title="bbox 42 871 1625 941; baseline 0.008 -20"><span class='ocrx_word' id='word_1_50' title='bbox 42 871 178 924; x_wconf 82' lang='lat' dir='ltr'><strong>satis</strong></span> <span class='ocrx_word' id='word_1_51' title='bbox 214 887 492 941; x_wconf 78' lang='lat' dir='ltr'><strong>superque</strong></span> <span class='ocrx_word' id='word_1_52' title='bbox 519 872 808 928; x_wconf 76' lang='lat' dir='ltr'><strong>sufﬁciant.</strong></span> <span class='ocrx_word' id='word_1_53' title='bbox 838 875 1030 930; x_wconf 80' lang='lat' dir='ltr'><strong>Paucis</strong></span> <span class='ocrx_word' id='word_1_54' title='bbox 1074 885 1253 932; x_wconf 89' lang='lat' dir='ltr'><strong>tamen</strong></span> <span class='ocrx_word' id='word_1_55' title='bbox 1284 877 1448 933; x_wconf 88' lang='lat' dir='ltr'><strong>etiam</strong></span> <span class='ocrx_word' id='word_1_56' title='bbox 1480 893 1625 934; x_wconf 89' lang='lat' dir='ltr'><strong>nunc</strong></span> 
     </span>
    </p>
   </div>
   <div class='ocr_carea' id='block_1_9' title="bbox 41 963 1622 1036">
    <p class='ocr_par' dir='ltr' id='par_1_9' title="bbox 41 963 1622 1036">
     <span class='ocr_line' id='line_1_9' title="bbox 41 963 1622 1036; baseline 0.007 -23"><span class='ocrx_word' id='word_1_57' title='bbox 41 963 103 1016; x_wconf 86' lang='lat' dir='ltr'><strong>de</strong></span> <span class='ocrx_word' id='word_1_58' title='bbox 137 963 228 1018; x_wconf 88' lang='lat' dir='ltr'><strong>his</strong></span> <span class='ocrx_word' id='word_1_59' title='bbox 255 979 377 1032; x_wconf 68' lang='lat' dir='ltr'><strong>quae</strong></span> <span class='ocrx_word' id='word_1_60' title='bbox 408 966 478 1018; x_wconf 87' lang='lat' dir='ltr'><strong>ibi</strong></span> <span class='ocrx_word' id='word_1_61' title='bbox 511 966 652 1020; x_wconf 89' lang='lat' dir='ltr'><strong>dicta</strong></span> <span class='ocrx_word' id='word_1_62' title='bbox 696 977 842 1033; x_wconf 92' lang='lat' dir='ltr'><strong>sunt,</strong></span> <span class='ocrx_word' id='word_1_63' title='bbox 883 969 1313 1025; x_wconf 88' lang='lat' dir='ltr'><strong>admonebimus.</strong></span> <span class='ocrx_word' id='word_1_64' title='bbox 1347 969 1501 1036; x_wconf 87' lang='lat' dir='ltr'><strong>Quod</strong></span> <span class='ocrx_word' id='word_1_65' title='bbox 1540 970 1622 1024; x_wconf 90' lang='lat' dir='ltr'><strong>di-</strong></span> 
     </span>
    </p>
   </div>
   <div class='ocr_carea' id='block_1_10' title="bbox 41 1051 1620 1124">
    <p class='ocr_par' dir='ltr' id='par_1_10' title="bbox 41 1051 1620 1124">
     <span class='ocr_line' id='line_1_10' title="bbox 41 1051 1620 1124; baseline 0.007 -20"><span class='ocrx_word' id='word_1_66' title='bbox 41 1053 136 1115; x_wconf 78' lang='lat' dir='ltr'><strong>xit,</strong></span> <span class='ocrx_word' id='word_1_67' title='bbox 180 1070 201 1104; x_wconf 76' lang='grc' dir='ltr'><strong>ι</strong></span> <span class='ocrx_word' id='word_1_68' title='bbox 250 1051 370 1107; x_wconf 85' lang='lat' dir='ltr'><strong>Non</strong></span> <span class='ocrx_word' id='word_1_69' title='bbox 405 1054 669 1120; x_wconf 88' lang='lat' dir='ltr'><strong>volentis,</strong></span> <span class='ocrx_word' id='word_1_70' title='bbox 699 1069 876 1124; x_wconf 90' lang='lat' dir='ltr'><strong>neque</strong></span> <span class='ocrx_word' id='word_1_71' title='bbox 905 1059 1197 1123; x_wconf 90' lang='lat' dir='ltr'><strong>currentis,</strong></span> <span class='ocrx_word' id='word_1_72' title='bbox 1225 1060 1320 1115; x_wconf 89' lang='lat' dir='ltr'><strong>sed</strong></span> <span class='ocrx_word' id='word_1_73' title='bbox 1360 1061 1620 1116; x_wconf 86' lang='lat' dir='ltr'><strong>miseren-</strong></span> 
     </span>
    </p>
   </div>
   <div class='ocr_carea' id='block_1_11' title="bbox 41 1146 1616 1216">
    <p class='ocr_par' dir='ltr' id='par_1_11' title="bbox 41 1146 1616 1216">
     <span class='ocr_line' id='line_1_11' title="bbox 41 1146 1616 1216; baseline 0.01 -21"><span class='ocrx_word' id='word_1_74' title='bbox 41 1146 107 1198; x_wconf 89' lang='lat' dir='ltr'><strong>tis</strong></span> <span class='ocrx_word' id='word_1_75' title='bbox 139 1153 228 1200; x_wconf 87' lang='lat' dir='ltr'><strong>est</strong></span> <span class='ocrx_word' id='word_1_76' title='bbox 261 1146 380 1209; x_wconf 90' lang='lat' dir='ltr'><strong>Dei,</strong></span> <span class='ocrx_word' id='word_1_77' title='bbox 411 1164 430 1198; x_wconf 73' lang='grc' dir='ltr'><strong>ι</strong></span> <span class='ocrx_word' id='word_1_78' title='bbox 486 1147 557 1199; x_wconf 89' lang='lat' dir='ltr'><strong>ita</strong></span> <span class='ocrx_word' id='word_1_79' title='bbox 591 1149 889 1216; x_wconf 84' lang='lat' dir='ltr'><strong>accipitur,</strong></span> <span class='ocrx_word' id='word_1_80' title='bbox 927 1150 1144 1206; x_wconf 88' lang='lat' dir='ltr'><strong>sicutet</strong></span> <span class='ocrx_word' id='word_1_81' title='bbox 1190 1153 1354 1207; x_wconf 89' lang='lat' dir='ltr'><strong>David</strong></span> <span class='ocrx_word' id='word_1_82' title='bbox 1404 1155 1537 1210; x_wconf 84' lang='lat' dir='ltr'><strong>dicit</strong></span> <span class='ocrx_word' id='word_1_83' title='bbox 1564 1157 1616 1210; x_wconf 91' lang='lat' dir='ltr'><strong>in</strong></span> 
     </span>
    </p>
   </div>
   <div class='ocr_carea' id='block_1_12' title="bbox 41 1237 1616 1310">
    <p class='ocr_par' dir='ltr' id='par_1_12' title="bbox 41 1237 1616 1310">
     <span class='ocr_line' id='line_1_12' title="bbox 41 1237 1616 1310; baseline 0.008 -22"><span class='ocrx_word' id='word_1_84' title='bbox 41 1237 259 1293; x_wconf 80' lang='lat' dir='ltr'><strong>Psalmo</strong></span> <span class='ocrx_word' id='word_1_85' title='bbox 297 1240 339 1270; x_wconf 82' lang='lat'>&quot;</span> <span class='ocrx_word' id='word_1_86' title='bbox 369 1255 382 1292; x_wconf 92' lang='lat'><strong>:</strong></span> <span class='ocrx_word' id='word_1_87' title='bbox 417 1255 440 1291; x_wconf 69' lang='grc' dir='ltr'><strong>ι</strong></span> <span class='ocrx_word' id='word_1_88' title='bbox 480 1238 600 1293; x_wconf 83' lang='lat' dir='ltr'><strong>Nisi</strong></span> <span class='ocrx_word' id='word_1_89' title='bbox 633 1239 890 1294; x_wconf 86' lang='lat' dir='ltr'><strong>Dominus</strong></span> <span class='ocrx_word' id='word_1_90' title='bbox 921 1243 1271 1298; x_wconf 67' lang='lat' dir='ltr'><strong>aedificaverit</strong></span> <span class='ocrx_word' id='word_1_91' title='bbox 1298 1247 1538 1310; x_wconf 90' lang='lat' dir='ltr'><strong>domum,</strong></span> <span class='ocrx_word' id='word_1_92' title='bbox 1564 1249 1616 1300; x_wconf 93' lang='lat' dir='ltr'><strong>in</strong></span> 
     </span>
    </p>
   </div>
   <div class='ocr_carea' id='block_1_13' title="bbox 39 1329 1615 1401">
    <p class='ocr_par' dir='ltr' id='par_1_13' title="bbox 39 1329 1615 1401">
     <span class='ocr_line' id='line_1_13' title="bbox 39 1329 1615 1401; baseline 0.01 -23"><span class='ocrx_word' id='word_1_93' title='bbox 39 1344 235 1383; x_wconf 81' lang='lat' dir='ltr'><strong>vanum</strong></span> <span class='ocrx_word' id='word_1_94' title='bbox 278 1329 660 1385; x_wconf 86' lang='lat' dir='ltr'><strong>laboraverunt</strong></span> <span class='ocrx_word' id='word_1_95' title='bbox 684 1331 775 1401; x_wconf 92' lang='lat' dir='ltr'><strong>qui</strong></span> <span class='ocrx_word' id='word_1_96' title='bbox 805 1331 1074 1388; x_wconf 71' lang='lat' dir='ltr'><strong>aedificant</strong></span> <span class='ocrx_word' id='word_1_97' title='bbox 1107 1350 1250 1389; x_wconf 88' lang='lat' dir='ltr'><strong>eam.</strong></span> <span class='ocrx_word' id='word_1_98' title='bbox 1292 1335 1402 1392; x_wconf 88' lang='lat' dir='ltr'><strong>Nisi</strong></span> <span class='ocrx_word' id='word_1_99' title='bbox 1435 1339 1615 1393; x_wconf 88' lang='lat' dir='ltr'><strong>Domi-</strong></span> 
     </span>
    </p>
   </div>
   <div class='ocr_carea' id='block_1_14' title="bbox 39 1423 1616 1502">
    <p class='ocr_par' dir='ltr' id='par_1_14' title="bbox 39 1423 1616 1502">
     <span class='ocr_line' id='line_1_14' title="bbox 39 1423 1616 1502; baseline 0.008 -28"><span class='ocrx_word' id='word_1_100' title='bbox 39 1438 134 1476; x_wconf 89' lang='lat' dir='ltr'><strong>nus</strong></span> <span class='ocrx_word' id='word_1_101' title='bbox 164 1423 494 1478; x_wconf 85' lang='lat' dir='ltr'><strong>custodierit</strong></span> <span class='ocrx_word' id='word_1_102' title='bbox 527 1425 826 1490; x_wconf 85' lang='lat' dir='ltr'><strong>civitatem,</strong></span> <span class='ocrx_word' id='word_1_103' title='bbox 871 1427 1070 1482; x_wconf 86' lang='lat' dir='ltr'><strong>frustra</strong></span> <span class='ocrx_word' id='word_1_104' title='bbox 1100 1431 1282 1500; x_wconf 88' lang='lat' dir='ltr'><strong>vigilat</strong></span> <span class='ocrx_word' id='word_1_105' title='bbox 1311 1435 1402 1502; x_wconf 89' lang='lat' dir='ltr'><strong>qui</strong></span> <span class='ocrx_word' id='word_1_106' title='bbox 1433 1445 1616 1489; x_wconf 84' lang='lat' dir='ltr'><strong>custo-</strong></span> 
     </span>
    </p>
   </div>
   <div class='ocr_carea' id='block_1_15' title="bbox 36 1515 1612 1594">
    <p class='ocr_par' dir='ltr' id='par_1_15' title="bbox 36 1515 1612 1594">
     <span class='ocr_line' id='line_1_15' title="bbox 36 1515 1612 1594; baseline 0.009 -30"><span class='ocrx_word' id='word_1_107' title='bbox 36 1515 108 1567; x_wconf 79' lang='lat' dir='ltr'><strong>dit</strong></span> <span class='ocrx_word' id='word_1_108' title='bbox 135 1530 288 1570; x_wconf 85' lang='lat' dir='ltr'><strong>eam.</strong></span> <span class='ocrx_word' id='word_1_109' title='bbox 328 1534 346 1566; x_wconf 70' lang='grc' dir='ltr'><strong>ι</strong></span> <span class='ocrx_word' id='word_1_110' title='bbox 380 1516 432 1568; x_wconf 89' lang='lat' dir='ltr'><strong>In</strong></span> <span class='ocrx_word' id='word_1_111' title='bbox 470 1531 576 1586; x_wconf 86' lang='lat' dir='ltr'><strong>quo</strong></span> <span class='ocrx_word' id='word_1_112' title='bbox 607 1519 848 1572; x_wconf 87' lang='lat' dir='ltr'><strong>ostendit</strong></span> <span class='ocrx_word' id='word_1_113' title='bbox 891 1535 992 1574; x_wconf 89' lang='lat' dir='ltr'><strong>non</strong></span> <span class='ocrx_word' id='word_1_114' title='bbox 1031 1521 1155 1590; x_wconf 87' lang='lat' dir='ltr'><strong>quia</strong></span> <span class='ocrx_word' id='word_1_115' title='bbox 1198 1525 1243 1577; x_wconf 91' lang='lat' dir='ltr'><strong>is</strong></span> <span class='ocrx_word' id='word_1_116' title='bbox 1277 1525 1367 1594; x_wconf 92' lang='lat' dir='ltr'><strong>qui</strong></span> <span class='ocrx_word' id='word_1_117' title='bbox 1396 1526 1612 1579; x_wconf 89' lang='lat' dir='ltr'><strong>domum</strong></span> 
     </span>
    </p>
   </div>
   <div class='ocr_carea' id='block_1_16' title="bbox 36 1607 1614 1680">
    <p class='ocr_par' dir='ltr' id='par_1_16' title="bbox 36 1607 1614 1680">
     <span class='ocr_line' id='line_1_16' title="bbox 36 1607 1614 1680; baseline 0.009 -23"><span class='ocrx_word' id='word_1_118' title='bbox 36 1607 289 1671; x_wconf 82' lang='lat' dir='ltr'><strong>:edificat,</strong></span> <span class='ocrx_word' id='word_1_119' title='bbox 325 1608 456 1662; x_wconf 88' lang='lat' dir='ltr'><strong>nihil</strong></span> <span class='ocrx_word' id='word_1_120' title='bbox 485 1618 626 1680; x_wconf 87' lang='lat' dir='ltr'><strong>agat,</strong></span> <span class='ocrx_word' id='word_1_121' title='bbox 655 1620 710 1664; x_wconf 88' lang='lat' dir='ltr'><strong>et</strong></span> <span class='ocrx_word' id='word_1_122' title='bbox 751 1611 956 1666; x_wconf 91' lang='lat' dir='ltr'><strong>otiosus</strong></span> <span class='ocrx_word' id='word_1_123' title='bbox 998 1613 1088 1680; x_wconf 86' lang='lat' dir='ltr'><strong>sit,</strong></span> <span class='ocrx_word' id='word_1_124' title='bbox 1115 1624 1168 1669; x_wconf 90' lang='lat' dir='ltr'><strong>et</strong></span> <span class='ocrx_word' id='word_1_125' title='bbox 1195 1615 1264 1669; x_wconf 90' lang='lat' dir='ltr'><strong>ita</strong></span> <span class='ocrx_word' id='word_1_126' title='bbox 1295 1631 1414 1669; x_wconf 90' lang='lat' dir='ltr'><strong>eam</strong></span> <span class='ocrx_word' id='word_1_127' title='bbox 1448 1616 1614 1670; x_wconf 67' lang='lat' dir='ltr'><strong>aedifi-</strong></span> 
     </span>
    </p>
   </div>
   <div class='ocr_carea' id='block_1_17' title="bbox 33 1699 1614 1774">
    <p class='ocr_par' dir='ltr' id='par_1_17' title="bbox 33 1699 1614 1774">
     <span class='ocr_line' id='line_1_17' title="bbox 33 1699 1614 1774; baseline 0.007 -24"><span class='ocrx_word' id='word_1_128' title='bbox 33 1708 115 1750; x_wconf 88' lang='lat' dir='ltr'><strong>cet</strong></span> <span class='ocrx_word' id='word_1_129' title='bbox 148 1699 456 1762; x_wconf 86' lang='lat' dir='ltr'><strong>Dominus;</strong></span> <span class='ocrx_word' id='word_1_130' title='bbox 495 1701 588 1754; x_wconf 89' lang='lat' dir='ltr'><strong>sed</strong></span> <span class='ocrx_word' id='word_1_131' title='bbox 622 1700 736 1768; x_wconf 88' lang='lat' dir='ltr'><strong>ipse</strong></span> <span class='ocrx_word' id='word_1_132' title='bbox 773 1702 990 1770; x_wconf 89' lang='lat' dir='ltr'><strong>quidem</strong></span> <span class='ocrx_word' id='word_1_133' title='bbox 1025 1713 1287 1774; x_wconf 89' lang='lat' dir='ltr'><strong>quantum</strong></span> <span class='ocrx_word' id='word_1_134' title='bbox 1318 1715 1401 1759; x_wconf 90' lang='lat' dir='ltr'><strong>est</strong></span> <span class='ocrx_word' id='word_1_135' title='bbox 1432 1706 1486 1759; x_wconf 92' lang='lat' dir='ltr'><strong>in</strong></span> <span class='ocrx_word' id='word_1_136' title='bbox 1523 1709 1614 1761; x_wconf 81' lang='lat' dir='ltr'><strong>ho-</strong></span> 
     </span>
    </p>
   </div>
   <div class='ocr_carea' id='block_1_18' title="bbox 36 1791 1607 1866">
    <p class='ocr_par' dir='ltr' id='par_1_18' title="bbox 36 1791 1607 1866">
     <span class='ocr_line' id='line_1_18' title="bbox 36 1791 1607 1866; baseline 0.008 -24"><span class='ocrx_word' id='word_1_137' title='bbox 36 1791 174 1844; x_wconf 90' lang='lat' dir='ltr'><strong>mine</strong></span> <span class='ocrx_word' id='word_1_138' title='bbox 205 1791 592 1845; x_wconf 77' lang='lat' dir='ltr'><strong>sollicitudinis</strong></span> <span class='ocrx_word' id='word_1_139' title='bbox 631 1803 686 1846; x_wconf 90' lang='lat' dir='ltr'><strong>et</strong></span> <span class='ocrx_word' id='word_1_140' title='bbox 730 1794 927 1850; x_wconf 85' lang='lat' dir='ltr'><strong>laboris</strong></span> <span class='ocrx_word' id='word_1_141' title='bbox 957 1799 1258 1866; x_wconf 79' lang='lat' dir='ltr'><strong>expendat;</strong></span> <span class='ocrx_word' id='word_1_142' title='bbox 1297 1799 1385 1854; x_wconf 92' lang='lat' dir='ltr'><strong>Dei</strong></span> <span class='ocrx_word' id='word_1_143' title='bbox 1430 1811 1607 1854; x_wconf 90' lang='lat' dir='ltr'><strong>autem</strong></span> 
     </span>
    </p>
   </div>
   <div class='ocr_carea' id='block_1_19' title="bbox 1728 605 3301 675">
    <p class='ocr_par' dir='ltr' id='par_1_19' title="bbox 1728 605 3301 675">
     <span class='ocr_line' id='line_1_19' title="bbox 1728 605 3301 675; baseline 0.003 -19"><span class='ocrx_word' id='word_1_144' title='bbox 1728 614 1887 673; x_wconf 89' lang='lat' dir='ltr'><strong>aptus</strong></span> <span class='ocrx_word' id='word_1_145' title='bbox 1917 605 1987 658; x_wconf 90' lang='lat' dir='ltr'><strong>sit</strong></span> <span class='ocrx_word' id='word_1_146' title='bbox 2019 605 2085 658; x_wconf 92' lang='lat' dir='ltr'><strong>ad</strong></span> <span class='ocrx_word' id='word_1_147' title='bbox 2122 619 2213 660; x_wconf 89' lang='lat' dir='ltr'><strong>rus</strong></span> <span class='ocrx_word' id='word_1_148' title='bbox 2235 605 2548 673; x_wconf 91' lang='lat' dir='ltr'><strong>colendum,</strong></span> <span class='ocrx_word' id='word_1_149' title='bbox 2575 621 2630 660; x_wconf 91' lang='lat' dir='ltr'><strong>et</strong></span> <span class='ocrx_word' id='word_1_150' title='bbox 2652 607 2801 674; x_wconf 87' lang='lat' dir='ltr'><strong>ipsos</strong></span> <span class='ocrx_word' id='word_1_151' title='bbox 2831 607 2941 660; x_wconf 90' lang='lat' dir='ltr'><strong>ruri</strong></span> <span class='ocrx_word' id='word_1_152' title='bbox 2975 608 3250 675; x_wconf 89' lang='lat' dir='ltr'><strong>deputabit</strong></span> <span class='ocrx_word' id='word_1_153' title='bbox 3275 609 3301 661; x_wconf 72' lang='grc' dir='ltr'>τ</span> 
     </span>
    </p>
   </div>
   <div class='ocr_carea' id='block_1_20' title="bbox 1724 697 3300 766">
    <p class='ocr_par' dir='ltr' id='par_1_20' title="bbox 1724 697 3300 766">
     <span class='ocr_line' id='line_1_20' title="bbox 1724 697 3300 766; baseline 0 -16"><span class='ocrx_word' id='word_1_154' title='bbox 1724 697 1877 762; x_wconf 86' lang='lat' dir='ltr'><strong>cujus</strong></span> <span class='ocrx_word' id='word_1_155' title='bbox 1903 711 2034 750; x_wconf 87' lang='lat' dir='ltr'><strong>vero</strong></span> <span class='ocrx_word' id='word_1_156' title='bbox 2061 697 2127 748; x_wconf 87' lang='lat' dir='ltr'><strong>ad</strong></span> <span class='ocrx_word' id='word_1_157' title='bbox 2155 697 2565 765; x_wconf 84' lang='lat' dir='ltr'><strong>negotiandum,</strong></span> <span class='ocrx_word' id='word_1_158' title='bbox 2586 698 2740 766; x_wconf 90' lang='lat' dir='ltr'><strong>cujus</strong></span> <span class='ocrx_word' id='word_1_159' title='bbox 2765 699 2929 751; x_wconf 87' lang='lat' dir='ltr'><strong>etiam</strong></span> <span class='ocrx_word' id='word_1_160' title='bbox 2959 699 3026 751; x_wconf 91' lang='lat' dir='ltr'><strong>ad</strong></span> <span class='ocrx_word' id='word_1_161' title='bbox 3055 699 3300 752; x_wconf 87' lang='lat' dir='ltr'><strong>nutrien-</strong></span> 
     </span>
    </p>
   </div>
   <div class='ocr_carea' id='block_1_21' title="bbox 1723 787 3299 856">
    <p class='ocr_par' dir='ltr' id='par_1_21' title="bbox 1723 787 3299 856">
     <span class='ocr_line' id='line_1_21' title="bbox 1723 787 3299 856; baseline 0.001 -16"><span class='ocrx_word' id='word_1_162' title='bbox 1723 787 1849 840; x_wconf 91' lang='lat' dir='ltr'><strong>dum</strong></span> <span class='ocrx_word' id='word_1_163' title='bbox 1880 802 2042 856; x_wconf 89' lang='lat' dir='ltr'><strong>pecus</strong></span> <span class='ocrx_word' id='word_1_164' title='bbox 2081 787 2214 855; x_wconf 75' lang='lat'><strong>(89),</strong></span> <span class='ocrx_word' id='word_1_165' title='bbox 2253 787 2408 854; x_wconf 90' lang='lat' dir='ltr'><strong>cujus</strong></span> <span class='ocrx_word' id='word_1_166' title='bbox 2437 803 2565 841; x_wconf 85' lang='lat' dir='ltr'><strong>vero</strong></span> <span class='ocrx_word' id='word_1_167' title='bbox 2606 791 2674 841; x_wconf 88' lang='lat' dir='ltr'><strong>ad</strong></span> <span class='ocrx_word' id='word_1_168' title='bbox 2708 789 3100 852; x_wconf 86' lang='lat' dir='ltr'><strong>ministerium,</strong></span> <span class='ocrx_word' id='word_1_169' title='bbox 3125 799 3178 842; x_wconf 86' lang='lat' dir='ltr'><strong>et</strong></span> <span class='ocrx_word' id='word_1_170' title='bbox 3200 791 3299 842; x_wconf 91' lang='lat' dir='ltr'><strong>ob-</strong></span> 
     </span>
    </p>
   </div>
   <div class='ocr_carea' id='block_1_22' title="bbox 1723 877 3300 950">
    <p class='ocr_par' dir='ltr' id='par_1_22' title="bbox 1723 877 3300 950">
     <span class='ocr_line' id='line_1_22' title="bbox 1723 877 3300 950; baseline 0.002 -19"><span class='ocrx_word' id='word_1_171' title='bbox 1723 879 1974 931; x_wconf 82' lang='lat' dir='ltr'><strong>servandi</strong></span> <span class='ocrx_word' id='word_1_172' title='bbox 2001 877 2164 948; x_wconf 77' lang='lat'><strong>615</strong></span> <span class='ocrx_word' id='word_1_173' title='bbox 2188 878 2417 931; x_wconf 88' lang='lat' dir='ltr'><strong>cubiculi</strong></span> <span class='ocrx_word' id='word_1_174' title='bbox 2443 879 2526 933; x_wconf 87' lang='lat' dir='ltr'><strong>sui</strong></span> <span class='ocrx_word' id='word_1_175' title='bbox 2551 889 2732 946; x_wconf 91' lang='lat' dir='ltr'><strong>aptum</strong></span> <span class='ocrx_word' id='word_1_176' title='bbox 2755 879 3128 947; x_wconf 86' lang='lat' dir='ltr'><strong>probabit(90)</strong></span> <span class='ocrx_word' id='word_1_177' title='bbox 3156 881 3300 950; x_wconf 80' lang='lat' dir='ltr'><strong>inge-</strong></span> 
     </span>
    </p>
   </div>
   <div class='ocr_carea' id='block_1_23' title="bbox 1723 969 3295 1039">
    <p class='ocr_par' dir='ltr' id='par_1_23' title="bbox 1723 969 3295 1039">
     <span class='ocr_line' id='line_1_23' title="bbox 1723 969 3295 1039; baseline 0.004 -18"><span class='ocrx_word' id='word_1_178' title='bbox 1723 969 1868 1022; x_wconf 90' lang='lat' dir='ltr'><strong>nium</strong></span> <span class='ocrx_word' id='word_1_179' title='bbox 1889 1009 1905 1033; x_wconf 93' lang='lat'><strong>,</strong></span> <span class='ocrx_word' id='word_1_180' title='bbox 1937 977 1993 1021; x_wconf 90' lang='lat' dir='ltr'><strong>et</strong></span> <span class='ocrx_word' id='word_1_181' title='bbox 2029 970 2100 1022; x_wconf 88' lang='lat' dir='ltr'><strong>ita</strong></span> <span class='ocrx_word' id='word_1_182' title='bbox 2133 984 2570 1037; x_wconf 87' lang='lat' dir='ltr'><strong>unumquemque</strong></span> <span class='ocrx_word' id='word_1_183' title='bbox 2600 971 3031 1038; x_wconf 80' lang='lat' dir='ltr'><strong>competentibus</strong></span> <span class='ocrx_word' id='word_1_184' title='bbox 3070 970 3295 1039; x_wconf 74' lang='lat' dir='ltr'><strong>ciliciis,</strong></span> 
     </span>
    </p>
   </div>
   <div class='ocr_carea' id='block_1_24' title="bbox 1721 1059 3294 1130">
    <p class='ocr_par' dir='ltr' id='par_1_24' title="bbox 1721 1059 3294 1130">
     <span class='ocr_line' id='line_1_24' title="bbox 1721 1059 3294 1130; baseline 0.004 -18"><span class='ocrx_word' id='word_1_185' title='bbox 1721 1069 1908 1130; x_wconf 87' lang='lat' dir='ltr'><strong>utpote</strong></span> <span class='ocrx_word' id='word_1_186' title='bbox 1951 1061 2204 1130; x_wconf 84' lang='lat' dir='ltr'><strong>sapiens,</strong></span> <span class='ocrx_word' id='word_1_187' title='bbox 2253 1061 2620 1128; x_wconf 84' lang='lat' dir='ltr'><strong>mancipabit?</strong></span> <span class='ocrx_word' id='word_1_188' title='bbox 2649 1059 2842 1114; x_wconf 83' lang='lat' dir='ltr'><strong>Verum</strong></span> <span class='ocrx_word' id='word_1_189' title='bbox 2891 1063 3145 1130; x_wconf 91' lang='lat' dir='ltr'><strong>quoniam</strong></span> <span class='ocrx_word' id='word_1_190' title='bbox 3187 1079 3294 1120; x_wconf 86' lang='lat' dir='ltr'><strong>non</strong></span> 
     </span>
    </p>
   </div>
   <div class='ocr_carea' id='block_1_25' title="bbox 1719 1145 3293 1224">
    <p class='ocr_par' dir='ltr' id='par_1_25' title="bbox 1719 1145 3293 1224">
     <span class='ocr_line' id='line_1_25' title="bbox 1719 1145 3293 1224; baseline 0.003 -17"><span class='ocrx_word' id='word_1_191' title='bbox 1719 1145 1846 1207; x_wconf 83' lang='lat' dir='ltr'><strong>latet</strong></span> <span class='ocrx_word' id='word_1_192' title='bbox 1882 1169 2026 1216; x_wconf 91' lang='lat' dir='ltr'><strong>eum,</strong></span> <span class='ocrx_word' id='word_1_193' title='bbox 2055 1153 2169 1209; x_wconf 84' lang='lat' dir='ltr'><strong>sive</strong></span> <span class='ocrx_word' id='word_1_194' title='bbox 2204 1151 2621 1222; x_wconf 82' lang='lat' dir='ltr'><strong>paterfamilias,</strong></span> <span class='ocrx_word' id='word_1_195' title='bbox 2641 1154 2756 1207; x_wconf 86' lang='lat' dir='ltr'><strong>sive</strong></span> <span class='ocrx_word' id='word_1_196' title='bbox 2782 1169 2879 1207; x_wconf 78' lang='lat' dir='ltr'><strong>rex</strong></span> <span class='ocrx_word' id='word_1_197' title='bbox 2908 1155 3010 1209; x_wconf 91' lang='lat' dir='ltr'><strong>iste</strong></span> <span class='ocrx_word' id='word_1_198' title='bbox 3037 1157 3126 1217; x_wconf 91' lang='lat' dir='ltr'><strong>sit,</strong></span> <span class='ocrx_word' id='word_1_199' title='bbox 3149 1160 3293 1224; x_wconf 86' lang='lat' dir='ltr'><strong>quod</strong></span> 
     </span>
    </p>
   </div>
   <div class='ocr_carea' id='block_1_26' title="bbox 1720 1243 3288 1310">
    <p class='ocr_par' dir='ltr' id='par_1_26' title="bbox 1720 1243 3288 1310">
     <span class='ocr_line' id='line_1_26' title="bbox 1720 1243 3288 1310; baseline 0.004 -16"><span class='ocrx_word' id='word_1_200' title='bbox 1720 1256 1938 1296; x_wconf 86' lang='lat' dir='ltr'><strong>necesse</strong></span> <span class='ocrx_word' id='word_1_201' title='bbox 1975 1252 2058 1297; x_wconf 89' lang='lat' dir='ltr'><strong>est</strong></span> <span class='ocrx_word' id='word_1_202' title='bbox 2097 1244 2366 1296; x_wconf 90' lang='lat' dir='ltr'><strong>interdum</strong></span> <span class='ocrx_word' id='word_1_203' title='bbox 2411 1243 2676 1297; x_wconf 87' lang='lat' dir='ltr'><strong>rebellare</strong></span> <span class='ocrx_word' id='word_1_204' title='bbox 2714 1243 3007 1310; x_wconf 84' lang='lat' dir='ltr'><strong>subjectos,</strong></span> <span class='ocrx_word' id='word_1_205' title='bbox 3039 1258 3092 1299; x_wconf 90' lang='lat' dir='ltr'><strong>et</strong></span> <span class='ocrx_word' id='word_1_206' title='bbox 3122 1249 3288 1302; x_wconf 89' lang='lat' dir='ltr'><strong>disci-</strong></span> 
     </span>
    </p>
   </div>
   <div class='ocr_carea' id='block_1_27' title="bbox 1716 1333 3293 1406">
    <p class='ocr_par' dir='ltr' id='par_1_27' title="bbox 1716 1333 3293 1406">
     <span class='ocr_line' id='line_1_27' title="bbox 1716 1333 3293 1406; baseline 0.003 -20"><span class='ocrx_word' id='word_1_207' title='bbox 1716 1335 1875 1402; x_wconf 72' lang='lat' dir='ltr'><strong>plinae</strong></span> <span class='ocrx_word' id='word_1_208' title='bbox 1914 1333 2034 1400; x_wconf 86' lang='lat' dir='ltr'><strong>jura</strong></span> <span class='ocrx_word' id='word_1_209' title='bbox 2081 1349 2462 1402; x_wconf 83' lang='lat' dir='ltr'><strong>cortumpere,</strong></span> <span class='ocrx_word' id='word_1_210' title='bbox 2512 1345 2565 1389; x_wconf 92' lang='lat' dir='ltr'><strong>et</strong></span> <span class='ocrx_word' id='word_1_211' title='bbox 2593 1335 2662 1388; x_wconf 87' lang='lat' dir='ltr'><strong>ob</strong></span> <span class='ocrx_word' id='word_1_212' title='bbox 2714 1336 2813 1390; x_wconf 93' lang='lat' dir='ltr'><strong>hoc</strong></span> <span class='ocrx_word' id='word_1_213' title='bbox 2853 1339 3195 1406; x_wconf 87' lang='lat' dir='ltr'><strong>correptione</strong></span> <span class='ocrx_word' id='word_1_214' title='bbox 3225 1355 3293 1391; x_wconf 89' lang='lat' dir='ltr'><strong>ac-</strong></span> 
     </span>
    </p>
   </div>
   <div class='ocr_carea' id='block_1_28' title="bbox 1714 1424 3288 1496">
    <p class='ocr_par' dir='ltr' id='par_1_28' title="bbox 1714 1424 3288 1496">
     <span class='ocr_line' id='line_1_28' title="bbox 1714 1424 3288 1496; baseline 0.006 -21"><span class='ocrx_word' id='word_1_215' title='bbox 1714 1424 2034 1478; x_wconf 88' lang='lat' dir='ltr'><strong>vcrberibus</strong></span> <span class='ocrx_word' id='word_1_216' title='bbox 2079 1425 2356 1494; x_wconf 75' lang='lat' dir='ltr'><strong>indigere,</strong></span> <span class='ocrx_word' id='word_1_217' title='bbox 2386 1438 2606 1478; x_wconf 90' lang='lat' dir='ltr'><strong>necesse</strong></span> <span class='ocrx_word' id='word_1_218' title='bbox 2637 1435 2721 1479; x_wconf 86' lang='lat' dir='ltr'><strong>est</strong></span> <span class='ocrx_word' id='word_1_219' title='bbox 2753 1441 2883 1493; x_wconf 78' lang='lat' dir='ltr'><strong>ergo</strong></span> <span class='ocrx_word' id='word_1_220' title='bbox 2915 1438 2974 1480; x_wconf 92' lang='lat' dir='ltr'><strong>ut</strong></span> <span class='ocrx_word' id='word_1_221' title='bbox 3017 1428 3178 1496; x_wconf 82' lang='lat' dir='ltr'><strong>eligat</strong></span> <span class='ocrx_word' id='word_1_222' title='bbox 3220 1445 3288 1484; x_wconf 80' lang='lat' dir='ltr'><strong>ex</strong></span> 
     </span>
    </p>
   </div>
   <div class='ocr_carea' id='block_1_29' title="bbox 1713 1515 3291 1586">
    <p class='ocr_par' dir='ltr' id='par_1_29' title="bbox 1713 1515 3291 1586">
     <span class='ocr_line' id='line_1_29' title="bbox 1713 1515 3291 1586; baseline 0.003 -18"><span class='ocrx_word' id='word_1_223' title='bbox 1713 1515 1963 1568; x_wconf 91' lang='lat' dir='ltr'><strong>omnibus</strong></span> <span class='ocrx_word' id='word_1_224' title='bbox 1999 1525 2123 1582; x_wconf 90' lang='lat' dir='ltr'><strong>apta</strong></span> <span class='ocrx_word' id='word_1_225' title='bbox 2158 1524 2216 1568; x_wconf 90' lang='lat' dir='ltr'><strong>et</strong></span> <span class='ocrx_word' id='word_1_226' title='bbox 2246 1516 2314 1568; x_wconf 89' lang='lat' dir='ltr'><strong>ad</strong></span> <span class='ocrx_word' id='word_1_227' title='bbox 2363 1516 2467 1568; x_wconf 88' lang='lat' dir='ltr'><strong>hoc</strong></span> <span class='ocrx_word' id='word_1_228' title='bbox 2519 1515 2768 1584; x_wconf 82' lang='lat' dir='ltr'><strong>ingenia,</strong></span> <span class='ocrx_word' id='word_1_229' title='bbox 2800 1516 2846 1570; x_wconf 91' lang='lat' dir='ltr'><strong>si</strong></span> <span class='ocrx_word' id='word_1_230' title='bbox 2892 1533 2996 1586; x_wconf 91' lang='lat' dir='ltr'><strong>qua</strong></span> <span class='ocrx_word' id='word_1_231' title='bbox 3040 1517 3128 1570; x_wconf 89' lang='lat' dir='ltr'><strong>illa</strong></span> <span class='ocrx_word' id='word_1_232' title='bbox 3163 1530 3291 1573; x_wconf 87' lang='lat' dir='ltr'><strong>sunt</strong></span> 
     </span>
    </p>
   </div>
   <div class='ocr_carea' id='block_1_30' title="bbox 1714 1605 3292 1675">
    <p class='ocr_par' dir='ltr' id='par_1_30' title="bbox 1714 1605 3292 1675">
     <span class='ocr_line' id='line_1_30' title="bbox 1714 1605 3292 1675; baseline 0.003 -18"><span class='ocrx_word' id='word_1_233' title='bbox 1714 1605 1953 1659; x_wconf 90' lang='lat' dir='ltr'><strong>atrocius</strong></span> <span class='ocrx_word' id='word_1_234' title='bbox 1986 1606 2239 1672; x_wconf 89' lang='lat' dir='ltr'><strong>incitata,</strong></span> <span class='ocrx_word' id='word_1_235' title='bbox 2275 1621 2395 1674; x_wconf 63' lang='lat' dir='ltr'><strong>quae</strong></span> <span class='ocrx_word' id='word_1_236' title='bbox 2437 1607 2551 1662; x_wconf 90' lang='lat' dir='ltr'><strong>suis</strong></span> <span class='ocrx_word' id='word_1_237' title='bbox 2587 1608 2803 1675; x_wconf 86' lang='lat' dir='ltr'><strong>quidem</strong></span> <span class='ocrx_word' id='word_1_238' title='bbox 2841 1610 3076 1663; x_wconf 92' lang='lat' dir='ltr'><strong>motibus</strong></span> <span class='ocrx_word' id='word_1_239' title='bbox 3111 1609 3292 1664; x_wconf 81' lang='lat' dir='ltr'><strong>feran-</strong></span> 
     </span>
    </p>
   </div>
   <div class='ocr_carea' id='block_1_31' title="bbox 1716 1699 3288 1766">
    <p class='ocr_par' dir='ltr' id='par_1_31' title="bbox 1716 1699 3288 1766">
     <span class='ocr_line' id='line_1_31' title="bbox 1716 1699 3288 1766; baseline 0.001 -16"><span class='ocrx_word' id='word_1_240' title='bbox 1716 1712 1819 1758; x_wconf 89' lang='lat' dir='ltr'><strong>tur,</strong></span> <span class='ocrx_word' id='word_1_241' title='bbox 1835 1699 2264 1752; x_wconf 89' lang='lat' dir='ltr'><strong>emendationem</strong></span> <span class='ocrx_word' id='word_1_242' title='bbox 2285 1709 2461 1753; x_wconf 87' lang='lat' dir='ltr'><strong>tamen</strong></span> <span class='ocrx_word' id='word_1_243' title='bbox 2481 1699 2916 1766; x_wconf 89' lang='lat' dir='ltr'><strong>delinquentibus</strong></span> <span class='ocrx_word' id='word_1_244' title='bbox 2930 1702 3288 1754; x_wconf 81' lang='lat' dir='ltr'><strong>necessariam</strong></span> 
     </span>
    </p>
   </div>
   <div class='ocr_carea' id='block_1_32' title="bbox 1711 1789 3286 1859">
    <p class='ocr_par' dir='ltr' id='par_1_32' title="bbox 1711 1789 3286 1859">
     <span class='ocr_line' id='line_1_32' title="bbox 1711 1789 3286 1859; baseline -0.001 -16"><span class='ocrx_word' id='word_1_245' title='bbox 1711 1792 2013 1845; x_wconf 80' lang='lat' dir='ltr'><strong>conferant.</strong></span> <span class='ocrx_word' id='word_1_246' title='bbox 2049 1789 2322 1843; x_wconf 90' lang='lat' dir='ltr'><strong>Ponamus</strong></span> <span class='ocrx_word' id='word_1_247' title='bbox 2354 1805 2488 1859; x_wconf 90' lang='lat' dir='ltr'><strong>ergo</strong></span> <span class='ocrx_word' id='word_1_248' title='bbox 2513 1791 2595 1843; x_wconf 89' lang='lat' dir='ltr'><strong>vel</strong></span> <span class='ocrx_word' id='word_1_249' title='bbox 2625 1790 3076 1858; x_wconf 79' lang='lat' dir='ltr'><strong>patremfamilias</strong></span> <span class='ocrx_word' id='word_1_250' title='bbox 3106 1794 3286 1850; x_wconf 87' lang='lat' dir='ltr'><strong>istum,</strong></span> 
     </span>
    </p>
   </div>
   <div class='ocr_carea' id='block_1_33' title="bbox 33 1861 3287 1959">
    <p class='ocr_par' dir='ltr' id='par_1_33' title="bbox 33 1861 3287 1959">
     <span class='ocr_line' id='line_1_33' title="bbox 33 1861 3287 1959; baseline 0.003 -26"><span class='ocrx_word' id='word_1_251' title='bbox 33 1881 118 1944; x_wconf 87' lang='lat' dir='ltr'><strong>sit,</strong></span> <span class='ocrx_word' id='word_1_252' title='bbox 166 1891 231 1935; x_wconf 91' lang='lat' dir='ltr'><strong>ut</strong></span> <span class='ocrx_word' id='word_1_253' title='bbox 277 1884 574 1937; x_wconf 86' lang='lat' dir='ltr'><strong>obstaculis</strong></span> <span class='ocrx_word' id='word_1_254' title='bbox 604 1884 853 1940; x_wconf 91' lang='lat' dir='ltr'><strong>omnibus</strong></span> <span class='ocrx_word' id='word_1_255' title='bbox 896 1861 1110 1949; x_wconf 75' lang='lat' dir='ltr'><strong>amoiis,</strong></span> <span class='ocrx_word' id='word_1_256' title='bbox 1143 1861 1280 1957; x_wconf 81' lang='lat' dir='ltr'><strong>Opus</strong></span> <span class='ocrx_word' id='word_1_257' title='bbox 1326 1893 1611 1959; x_wconf 86' lang='lat' dir='ltr'><strong>perveniat</strong></span> <span class='ocrx_word' id='word_1_258' title='bbox 1642 1861 1682 1914; x_wconf 75' lang='grc' dir='ltr'><strong>Β</strong></span> <span class='ocrx_word' id='word_1_259' title='bbox 1713 1881 1795 1933; x_wconf 77' lang='grc' dir='ltr'><strong>νει</strong></span> <span class='ocrx_word' id='word_1_260' title='bbox 1822 1895 2002 1948; x_wconf 73' lang='lat' dir='ltr'><strong>regem</strong></span> <span class='ocrx_word' id='word_1_261' title='bbox 2036 1879 2237 1934; x_wconf 75' lang='lat' dir='ltr'><strong>Vidisse</strong></span> <span class='ocrx_word' id='word_1_262' title='bbox 2279 1888 2522 1949; x_wconf 75' lang='grc' dir='ltr'>ῑθιιιριιε,</span> <span class='ocrx_word' id='word_1_263' title='bbox 2557 1895 2664 1948; x_wconf 83' lang='grc' dir='ltr'><strong>(1υο</strong></span> <span class='ocrx_word' id='word_1_264' title='bbox 2700 1881 2978 1934; x_wconf 73' lang='lat' dir='ltr'><strong>emendari</strong></span> <span class='ocrx_word' id='word_1_265' title='bbox 3008 1882 3202 1936; x_wconf 74' lang='lat' dir='ltr'><strong>debelll</strong></span> <span class='ocrx_word' id='word_1_266' title='bbox 3231 1878 3287 1935; x_wconf 77' lang='grc' dir='ltr'><strong>1Ιὶ</strong></span> 
     </span>
    </p>
   </div>
   <div class='ocr_carea' id='block_1_34' title="bbox 36 1973 1608 2051">
    <p class='ocr_par' dir='ltr' id='par_1_34' title="bbox 36 1973 1608 2051">
     <span class='ocr_line' id='line_1_34' title="bbox 36 1973 1608 2051; baseline 0.008 -29"><span class='ocrx_word' id='word_1_267' title='bbox 36 1974 94 2024; x_wconf 91' lang='lat' dir='ltr'><strong>ad</strong></span> <span class='ocrx_word' id='word_1_268' title='bbox 129 1973 392 2026; x_wconf 76' lang='lat' dir='ltr'><strong>effectum</strong></span> <span class='ocrx_word' id='word_1_269' title='bbox 423 1973 559 2041; x_wconf 83' lang='lat'><strong>(85).</strong></span> <span class='ocrx_word' id='word_1_270' title='bbox 591 1973 725 2027; x_wconf 92' lang='lat' dir='ltr'><strong>Cum</strong></span> <span class='ocrx_word' id='word_1_271' title='bbox 765 1990 895 2045; x_wconf 87' lang='lat' dir='ltr'><strong>ergo</strong></span> <span class='ocrx_word' id='word_1_272' title='bbox 921 1991 1015 2045; x_wconf 90' lang='lat' dir='ltr'><strong>per</strong></span> <span class='ocrx_word' id='word_1_273' title='bbox 1046 1978 1144 2032; x_wconf 90' lang='lat' dir='ltr'><strong>hoc</strong></span> <span class='ocrx_word' id='word_1_274' title='bbox 1180 1979 1436 2033; x_wconf 83' lang='lat' dir='ltr'><strong>doceatur</strong></span> <span class='ocrx_word' id='word_1_275' title='bbox 1461 1982 1608 2051; x_wconf 92' lang='lat' dir='ltr'><strong>quod</strong></span> 
     </span>
    </p>
   </div>
   <div class='ocr_carea' id='block_1_35' title="bbox 36 2065 1603 2139">
    <p class='ocr_par' dir='ltr' id='par_1_35' title="bbox 36 2065 1603 2139">
     <span class='ocr_line' id='line_1_35' title="bbox 36 2065 1603 2139; baseline 0.006 -23"><span class='ocrx_word' id='word_1_276' title='bbox 36 2066 191 2118; x_wconf 86' lang='lat' dir='ltr'><strong>homo</strong></span> <span class='ocrx_word' id='word_1_277' title='bbox 222 2065 444 2134; x_wconf 89' lang='lat' dir='ltr'><strong>quidem</strong></span> <span class='ocrx_word' id='word_1_278' title='bbox 493 2065 730 2120; x_wconf 89' lang='lat' dir='ltr'><strong>laborem</strong></span> <span class='ocrx_word' id='word_1_279' title='bbox 767 2068 1041 2136; x_wconf 90' lang='lat' dir='ltr'><strong>impendat</strong></span> <span class='ocrx_word' id='word_1_280' title='bbox 1081 2078 1137 2124; x_wconf 91' lang='lat' dir='ltr'><strong>et</strong></span> <span class='ocrx_word' id='word_1_281' title='bbox 1165 2070 1603 2139; x_wconf 89' lang='lat' dir='ltr'><strong>sollicitudinem,</strong></span> 
     </span>
    </p>
   </div>
   <div class='ocr_carea' id='block_1_36' title="bbox 37 2154 1603 2229">
    <p class='ocr_par' dir='ltr' id='par_1_36' title="bbox 37 2154 1603 2229">
     <span class='ocr_line' id='line_1_36' title="bbox 37 2154 1603 2229; baseline 0.008 -24"><span class='ocrx_word' id='word_1_282' title='bbox 37 2154 170 2207; x_wconf 86' lang='lat' dir='ltr'><strong>Deus</strong></span> <span class='ocrx_word' id='word_1_283' title='bbox 198 2166 386 2209; x_wconf 84' lang='lat' dir='ltr'><strong>autem</strong></span> <span class='ocrx_word' id='word_1_284' title='bbox 423 2171 731 2210; x_wconf 79' lang='lat' dir='ltr'><strong>successum</strong></span> <span class='ocrx_word' id='word_1_285' title='bbox 784 2160 931 2226; x_wconf 86' lang='lat' dir='ltr'><strong>nperi</strong></span> <span class='ocrx_word' id='word_1_286' title='bbox 988 2159 1192 2214; x_wconf 87' lang='lat' dir='ltr'><strong>tribuat</strong></span> <span class='ocrx_word' id='word_1_287' title='bbox 1235 2171 1292 2215; x_wconf 90' lang='lat' dir='ltr'><strong>et</strong></span> <span class='ocrx_word' id='word_1_288' title='bbox 1330 2161 1603 2229; x_wconf 79' lang='lat' dir='ltr'><strong>eﬂ‘ectum,</strong></span> 
     </span>
    </p>
   </div>
   <div class='ocr_carea' id='block_1_37' title="bbox 35 2248 1606 2324">
    <p class='ocr_par' dir='ltr' id='par_1_37' title="bbox 35 2248 1606 2324">
     <span class='ocr_line' id='line_1_37' title="bbox 35 2248 1606 2324; baseline 0.007 -25"><span class='ocrx_word' id='word_1_289' title='bbox 35 2248 170 2314; x_wconf 87' lang='lat' dir='ltr'><strong>pium</strong></span> <span class='ocrx_word' id='word_1_290' title='bbox 215 2250 404 2318; x_wconf 86' lang='lat' dir='ltr'><strong>utique</strong></span> <span class='ocrx_word' id='word_1_291' title='bbox 431 2258 484 2301; x_wconf 91' lang='lat' dir='ltr'><strong>et</strong></span> <span class='ocrx_word' id='word_1_292' title='bbox 509 2248 818 2317; x_wconf 88' lang='lat' dir='ltr'><strong>religiosum</strong></span> <span class='ocrx_word' id='word_1_293' title='bbox 861 2259 946 2304; x_wconf 88' lang='lat' dir='ltr'><strong>est</strong></span> <span class='ocrx_word' id='word_1_294' title='bbox 990 2251 1112 2305; x_wconf 89' lang='lat' dir='ltr'><strong>ideo</strong></span> <span class='ocrx_word' id='word_1_295' title='bbox 1143 2261 1197 2306; x_wconf 89' lang='lat' dir='ltr'><strong>et</strong></span> <span class='ocrx_word' id='word_1_296' title='bbox 1230 2253 1434 2308; x_wconf 89' lang='lat' dir='ltr'><strong>homini</strong></span> <span class='ocrx_word' id='word_1_297' title='bbox 1462 2257 1606 2324; x_wconf 90' lang='lat' dir='ltr'><strong>quod</strong></span> 
     </span>
    </p>
   </div>
   <div class='ocr_carea' id='block_1_38' title="bbox 36 2338 1601 2412">
    <p class='ocr_par' dir='ltr' id='par_1_38' title="bbox 36 2338 1601 2412">
     <span class='ocr_line' id='line_1_38' title="bbox 36 2338 1601 2412; baseline 0.008 -24"><span class='ocrx_word' id='word_1_298' title='bbox 36 2338 79 2388; x_wconf 91' lang='lat' dir='ltr'><strong>in</strong></span> <span class='ocrx_word' id='word_1_299' title='bbox 113 2353 170 2392; x_wconf 92' lang='lat' dir='ltr'><strong>se</strong></span> <span class='ocrx_word' id='word_1_300' title='bbox 196 2348 289 2393; x_wconf 89' lang='lat' dir='ltr'><strong>est</strong></span> <span class='ocrx_word' id='word_1_301' title='bbox 310 2340 512 2408; x_wconf 88' lang='lat' dir='ltr'><strong>operis,</strong></span> <span class='ocrx_word' id='word_1_302' title='bbox 539 2355 805 2394; x_wconf 89' lang='lat' dir='ltr'><strong>summam</strong></span> <span class='ocrx_word' id='word_1_303' title='bbox 856 2341 965 2395; x_wconf 91' lang='lat' dir='ltr'><strong>Deo</strong></span> <span class='ocrx_word' id='word_1_304' title='bbox 1002 2343 1172 2411; x_wconf 87' lang='lat' dir='ltr'><strong>magis</strong></span> <span class='ocrx_word' id='word_1_305' title='bbox 1202 2358 1366 2412; x_wconf 89' lang='lat' dir='ltr'><strong>quam</strong></span> <span class='ocrx_word' id='word_1_306' title='bbox 1400 2346 1601 2400; x_wconf 90' lang='lat' dir='ltr'><strong>homini</strong></span> 
     </span>
    </p>
   </div>
   <div class='ocr_carea' id='block_1_39' title="bbox 35 2430 1606 2505">
    <p class='ocr_par' dir='ltr' id='par_1_39' title="bbox 35 2430 1606 2505">
     <span class='ocr_line' id='line_1_39' title="bbox 35 2430 1606 2505; baseline 0.008 -24"><span class='ocrx_word' id='word_1_307' title='bbox 35 2434 295 2496; x_wconf 82' lang='lat' dir='ltr'><strong>deputare</strong></span> <span class='ocrx_word' id='word_1_308' title='bbox 348 2430 482 2499; x_wconf 88' lang='lat'><strong>(86).</strong></span> <span class='ocrx_word' id='word_1_309' title='bbox 528 2430 619 2486; x_wconf 87' lang='lat' dir='ltr'><strong>Sic</strong></span> <span class='ocrx_word' id='word_1_310' title='bbox 674 2442 728 2486; x_wconf 92' lang='lat' dir='ltr'><strong>et</strong></span> <span class='ocrx_word' id='word_1_311' title='bbox 779 2448 899 2486; x_wconf 89' lang='lat' dir='ltr'><strong>cum</strong></span> <span class='ocrx_word' id='word_1_312' title='bbox 956 2432 1156 2490; x_wconf 90' lang='lat' dir='ltr'><strong>Paulus</strong></span> <span class='ocrx_word' id='word_1_313' title='bbox 1209 2437 1503 2505; x_wconf 86' lang='lat' dir='ltr'><strong>plantabat,</strong></span> <span class='ocrx_word' id='word_1_314' title='bbox 1551 2448 1606 2493; x_wconf 87' lang='lat' dir='ltr'><strong>et</strong></span> 
     </span>
    </p>
   </div>
   <div class='ocr_carea' id='block_1_40' title="bbox 31 2520 1604 2590">
    <p class='ocr_par' dir='ltr' id='par_1_40' title="bbox 31 2520 1604 2590">
     <span class='ocr_line' id='line_1_40' title="bbox 31 2520 1604 2590; baseline 0.008 -18"><span class='ocrx_word' id='word_1_315' title='bbox 31 2520 211 2589; x_wconf 82' lang='lat' dir='ltr'><strong>Apollo</strong></span> <span class='ocrx_word' id='word_1_316' title='bbox 236 2523 467 2590; x_wconf 79' lang='lat' dir='ltr'><strong>rigabat,</strong></span> <span class='ocrx_word' id='word_1_317' title='bbox 494 2523 630 2578; x_wconf 88' lang='lat' dir='ltr'><strong>Deus</strong></span> <span class='ocrx_word' id='word_1_318' title='bbox 651 2523 780 2578; x_wconf 89' lang='lat' dir='ltr'><strong>dare</strong></span> <span class='ocrx_word' id='word_1_319' title='bbox 798 2525 997 2580; x_wconf 92' lang='lat' dir='ltr'><strong>dicitur</strong></span> <span class='ocrx_word' id='word_1_320' title='bbox 1020 2527 1410 2582; x_wconf 88' lang='lat' dir='ltr'><strong>incrementum</strong></span> <span class='ocrx_word' id='word_1_321' title='bbox 1435 2530 1474 2560; x_wconf 86' lang='lat'>&quot;</span> <span class='ocrx_word' id='word_1_322' title='bbox 1507 2547 1520 2582; x_wconf 91' lang='lat'><strong>:</strong></span> <span class='ocrx_word' id='word_1_323' title='bbox 1547 2540 1604 2586; x_wconf 91' lang='lat' dir='ltr'><strong>et</strong></span> 
     </span>
    </p>
   </div>
   <div class='ocr_carea' id='block_1_41' title="bbox 31 2610 1599 2688">
    <p class='ocr_par' dir='ltr' id='par_1_41' title="bbox 31 2610 1599 2688">
     <span class='ocr_line' id='line_1_41' title="bbox 31 2610 1599 2688; baseline 0.007 -25"><span class='ocrx_word' id='word_1_324' title='bbox 31 2614 237 2665; x_wconf 83' lang='lat' dir='ltr'><strong>additur</strong></span> <span class='ocrx_word' id='word_1_325' title='bbox 268 2610 302 2666; x_wconf 74' lang='grc' dir='ltr'><strong>ε’</strong></span> <span class='ocrx_word' id='word_1_326' title='bbox 331 2631 349 2664; x_wconf 75' lang='grc' dir='ltr'><strong>ι</strong></span> <span class='ocrx_word' id='word_1_327' title='bbox 385 2611 573 2683; x_wconf 85' lang='lat' dir='ltr'><strong>Itaque</strong></span> <span class='ocrx_word' id='word_1_328' title='bbox 602 2629 776 2683; x_wconf 87' lang='lat' dir='ltr'><strong>neque</strong></span> <span class='ocrx_word' id='word_1_329' title='bbox 807 2617 896 2684; x_wconf 94' lang='lat' dir='ltr'><strong>qui</strong></span> <span class='ocrx_word' id='word_1_330' title='bbox 932 2617 1165 2685; x_wconf 90' lang='lat' dir='ltr'><strong>plantat,</strong></span> <span class='ocrx_word' id='word_1_331' title='bbox 1199 2633 1370 2686; x_wconf 88' lang='lat' dir='ltr'><strong>neque</strong></span> <span class='ocrx_word' id='word_1_332' title='bbox 1393 2619 1485 2688; x_wconf 90' lang='lat' dir='ltr'><strong>qui</strong></span> <span class='ocrx_word' id='word_1_333' title='bbox 1521 2621 1599 2674; x_wconf 90' lang='lat' dir='ltr'><strong>ri-</strong></span> 
     </span>
    </p>
   </div>
   <div class='ocr_carea' id='block_1_42' title="bbox 28 2701 1594 2771">
    <p class='ocr_par' dir='ltr' id='par_1_42' title="bbox 28 2701 1594 2771">
     <span class='ocr_line' id='line_1_42' title="bbox 28 2701 1594 2771; baseline 0.005 -20"><span class='ocrx_word' id='word_1_334' title='bbox 28 2711 108 2767; x_wconf 76' lang='lat' dir='ltr'><strong>gat</strong></span> <span class='ocrx_word' id='word_1_335' title='bbox 136 2712 222 2754; x_wconf 92' lang='lat' dir='ltr'><strong>est</strong></span> <span class='ocrx_word' id='word_1_336' title='bbox 243 2701 471 2770; x_wconf 87' lang='lat' dir='ltr'><strong>aliquid,</strong></span> <span class='ocrx_word' id='word_1_337' title='bbox 497 2702 590 2756; x_wconf 89' lang='lat' dir='ltr'><strong>sed</strong></span> <span class='ocrx_word' id='word_1_338' title='bbox 630 2704 720 2771; x_wconf 92' lang='lat' dir='ltr'><strong>qui</strong></span> <span class='ocrx_word' id='word_1_339' title='bbox 746 2703 1140 2757; x_wconf 89' lang='lat' dir='ltr'><strong>incrementum</strong></span> <span class='ocrx_word' id='word_1_340' title='bbox 1171 2705 1263 2757; x_wconf 87' lang='lat' dir='ltr'><strong>dat</strong></span> <span class='ocrx_word' id='word_1_341' title='bbox 1297 2705 1435 2759; x_wconf 90' lang='lat' dir='ltr'><strong>Deus</strong></span> <span class='ocrx_word' id='word_1_342' title='bbox 1470 2706 1533 2760; x_wconf 73' lang='grc' dir='ltr'><strong>η.</strong></span> <span class='ocrx_word' id='word_1_343' title='bbox 1574 2725 1594 2759; x_wconf 77' lang='grc' dir='ltr'><strong>ι</strong></span> 
     </span>
    </p>
   </div>
   <div class='ocr_carea' id='block_1_43' title="bbox 30 2792 1594 2865">
    <p class='ocr_par' dir='ltr' id='par_1_43' title="bbox 30 2792 1594 2865">
     <span class='ocr_line' id='line_1_43' title="bbox 30 2792 1594 2865; baseline 0.006 -24"><span class='ocrx_word' id='word_1_344' title='bbox 30 2792 94 2843; x_wconf 85' lang='lat' dir='ltr'><strong>ita</strong></span> <span class='ocrx_word' id='word_1_345' title='bbox 125 2807 263 2861; x_wconf 86' lang='lat' dir='ltr'><strong>ergo</strong></span> <span class='ocrx_word' id='word_1_346' title='bbox 293 2794 456 2846; x_wconf 86' lang='lat' dir='ltr'><strong>etiam</strong></span> <span class='ocrx_word' id='word_1_347' title='bbox 500 2795 552 2846; x_wconf 91' lang='lat' dir='ltr'><strong>in</strong></span> <span class='ocrx_word' id='word_1_348' title='bbox 587 2796 838 2860; x_wconf 71' lang='lat' dir='ltr'><strong>pra-senti</strong></span> <span class='ocrx_word' id='word_1_349' title='bbox 885 2795 1005 2849; x_wconf 91' lang='lat' dir='ltr'><strong>loco</strong></span> <span class='ocrx_word' id='word_1_350' title='bbox 1048 2812 1334 2865; x_wconf 85' lang='lat' dir='ltr'><strong>possumus</strong></span> <span class='ocrx_word' id='word_1_351' title='bbox 1378 2799 1594 2863; x_wconf 90' lang='lat' dir='ltr'><strong>dicere;</strong></span> 
     </span>
    </p>
   </div>
   <div class='ocr_carea' id='block_1_44' title="bbox 31 2883 1594 2958">
    <p class='ocr_par' dir='ltr' id='par_1_44' title="bbox 31 2883 1594 2958">
     <span class='ocr_line' id='line_1_44' title="bbox 31 2883 1594 2958; baseline 0.006 -26"><span class='ocrx_word' id='word_1_352' title='bbox 31 2883 202 2950; x_wconf 79' lang='lat' dir='ltr'><strong>itaque</strong></span> <span class='ocrx_word' id='word_1_353' title='bbox 231 2897 409 2952; x_wconf 85' lang='lat' dir='ltr'><strong>neque</strong></span> <span class='ocrx_word' id='word_1_354' title='bbox 435 2886 525 2953; x_wconf 93' lang='lat' dir='ltr'><strong>qui</strong></span> <span class='ocrx_word' id='word_1_355' title='bbox 551 2887 725 2939; x_wconf 86' lang='lat' dir='ltr'><strong>currit</strong></span> <span class='ocrx_word' id='word_1_356' title='bbox 753 2897 837 2940; x_wconf 90' lang='lat' dir='ltr'><strong>est</strong></span> <span class='ocrx_word' id='word_1_357' title='bbox 864 2887 1088 2955; x_wconf 89' lang='lat' dir='ltr'><strong>aliquid,</strong></span> <span class='ocrx_word' id='word_1_358' title='bbox 1117 2903 1292 2956; x_wconf 82' lang='lat' dir='ltr'><strong>neque</strong></span> <span class='ocrx_word' id='word_1_359' title='bbox 1317 2889 1408 2958; x_wconf 91' lang='lat' dir='ltr'><strong>qui</strong></span> <span class='ocrx_word' id='word_1_360' title='bbox 1445 2889 1556 2942; x_wconf 87' lang='lat' dir='ltr'><strong>vult</strong></span> <span class='ocrx_word' id='word_1_361' title='bbox 1580 2907 1594 2955; x_wconf 93' lang='lat'><strong>;</strong></span> 
     </span>
    </p>
   </div>
   <div class='ocr_carea' id='block_1_45' title="bbox 28 2975 1594 3050">
    <p class='ocr_par' dir='ltr' id='par_1_45' title="bbox 28 2975 1594 3050">
     <span class='ocr_line' id='line_1_45' title="bbox 28 2975 1594 3050; baseline 0.006 -24"><span class='ocrx_word' id='word_1_362' title='bbox 28 2975 110 3026; x_wconf 84' lang='lat' dir='ltr'><strong>sed</strong></span> <span class='ocrx_word' id='word_1_363' title='bbox 149 2977 244 3042; x_wconf 92' lang='lat' dir='ltr'><strong>qni</strong></span> <span class='ocrx_word' id='word_1_364' title='bbox 294 2975 542 3029; x_wconf 69' lang='lat' dir='ltr'><strong>vll‘cctnm</strong></span> <span class='ocrx_word' id='word_1_365' title='bbox 597 2981 688 3032; x_wconf 88' lang='lat' dir='ltr'><strong>dat</strong></span> <span class='ocrx_word' id='word_1_366' title='bbox 739 2979 897 3032; x_wconf 88' lang='lat' dir='ltr'><strong>Deus.</strong></span> <span class='ocrx_word' id='word_1_367' title='bbox 954 2980 1055 3044; x_wconf 88' lang='lat' dir='ltr'><strong>Qui</strong></span> <span class='ocrx_word' id='word_1_368' title='bbox 1096 2980 1240 3033; x_wconf 92' lang='lat' dir='ltr'><strong>enim</strong></span> <span class='ocrx_word' id='word_1_369' title='bbox 1278 2981 1594 3050; x_wconf 88' lang='lat' dir='ltr'><strong>vnlt,etqni</strong></span> 
     </span>
    </p>
   </div>
   <div class='ocr_carea' id='block_1_46' title="bbox 25 3068 1592 3142">
    <p class='ocr_par' dir='ltr' id='par_1_46' title="bbox 25 3068 1592 3142">
     <span class='ocr_line' id='line_1_46' title="bbox 25 3068 1592 3142; baseline 0.008 -27"><span class='ocrx_word' id='word_1_370' title='bbox 25 3068 187 3120; x_wconf 77' lang='lat' dir='ltr'><strong>currit</strong></span> <span class='ocrx_word' id='word_1_371' title='bbox 207 3106 224 3128; x_wconf 90' lang='lat'><strong>,</strong></span> <span class='ocrx_word' id='word_1_372' title='bbox 275 3069 375 3121; x_wconf 90' lang='lat' dir='ltr'><strong>hoc</strong></span> <span class='ocrx_word' id='word_1_373' title='bbox 405 3070 651 3123; x_wconf 70' lang='lat' dir='ltr'><strong>videntur</strong></span> <span class='ocrx_word' id='word_1_374' title='bbox 683 3086 805 3124; x_wconf 87' lang='lat' dir='ltr'><strong>esse</strong></span> <span class='ocrx_word' id='word_1_375' title='bbox 835 3072 977 3139; x_wconf 90' lang='lat' dir='ltr'><strong>quod</strong></span> <span class='ocrx_word' id='word_1_376' title='bbox 1007 3081 1088 3125; x_wconf 91' lang='lat' dir='ltr'><strong>est</strong></span> <span class='ocrx_word' id='word_1_377' title='bbox 1120 3072 1208 3127; x_wconf 91' lang='lat' dir='ltr'><strong>ille</strong></span> <span class='ocrx_word' id='word_1_378' title='bbox 1239 3073 1330 3142; x_wconf 88' lang='lat' dir='ltr'><strong>qui</strong></span> <span class='ocrx_word' id='word_1_379' title='bbox 1365 3075 1592 3142; x_wconf 88' lang='lat' dir='ltr'><strong>plantat,</strong></span> 
     </span>
    </p>
   </div>
   <div class='ocr_carea' id='block_1_47' title="bbox 24 3158 1663 3256">
    <p class='ocr_par' dir='ltr' id='par_1_47' title="bbox 24 3158 1663 3256">
     <span class='ocr_line' id='line_1_47' title="bbox 24 3158 1663 3256; baseline 0.007 -46"><span class='ocrx_word' id='word_1_380' title='bbox 24 3169 71 3210; x_wconf 83' lang='lat' dir='ltr'><strong>et</strong></span> <span class='ocrx_word' id='word_1_381' title='bbox 102 3158 189 3212; x_wconf 88' lang='lat' dir='ltr'><strong>ille</strong></span> <span class='ocrx_word' id='word_1_382' title='bbox 228 3160 322 3227; x_wconf 88' lang='lat' dir='ltr'><strong>qui</strong></span> <span class='ocrx_word' id='word_1_383' title='bbox 371 3161 544 3230; x_wconf 84' lang='lat' dir='ltr'><strong>rigat;</strong></span> <span class='ocrx_word' id='word_1_384' title='bbox 580 3163 672 3215; x_wconf 88' lang='lat' dir='ltr'><strong>sed</strong></span> <span class='ocrx_word' id='word_1_385' title='bbox 713 3177 833 3216; x_wconf 91' lang='lat' dir='ltr'><strong>eum</strong></span> <span class='ocrx_word' id='word_1_386' title='bbox 873 3163 963 3231; x_wconf 92' lang='lat' dir='ltr'><strong>qui</strong></span> <span class='ocrx_word' id='word_1_387' title='bbox 1013 3163 1219 3232; x_wconf 86' lang='lat' dir='ltr'><strong>plantat</strong></span> <span class='ocrx_word' id='word_1_388' title='bbox 1257 3164 1366 3234; x_wconf 88' lang='lat'><strong>(87)</strong></span> <span class='ocrx_word' id='word_1_389' title='bbox 1396 3175 1451 3220; x_wconf 89' lang='lat' dir='ltr'><strong>et</strong></span> <span class='ocrx_word' id='word_1_390' title='bbox 1471 3182 1592 3220; x_wconf 92' lang='lat' dir='ltr'><strong>eum</strong></span> <span class='ocrx_word' id='word_1_391' title='bbox 1621 3200 1663 3256; x_wconf 65' lang='grc' dir='ltr'>ε</span> 
     </span>
    </p>
   </div>
   <div class='ocr_carea' id='block_1_48' title="bbox 23 3251 1591 3326">
    <p class='ocr_par' dir='ltr' id='par_1_48' title="bbox 23 3251 1591 3326">
     <span class='ocr_line' id='line_1_48' title="bbox 23 3251 1591 3326; baseline 0.006 -25"><span class='ocrx_word' id='word_1_392' title='bbox 23 3251 105 3318; x_wconf 84' lang='lat' dir='ltr'><strong>qui</strong></span> <span class='ocrx_word' id='word_1_393' title='bbox 134 3251 279 3320; x_wconf 84' lang='lat' dir='ltr'><strong>rigat</strong></span> <span class='ocrx_word' id='word_1_394' title='bbox 314 3253 444 3306; x_wconf 88' lang='lat' dir='ltr'><strong>nihil</strong></span> <span class='ocrx_word' id='word_1_395' title='bbox 475 3254 605 3306; x_wconf 90' lang='lat' dir='ltr'><strong>dicit</strong></span> <span class='ocrx_word' id='word_1_396' title='bbox 627 3270 746 3309; x_wconf 83' lang='lat' dir='ltr'><strong>esse</strong></span> <span class='ocrx_word' id='word_1_397' title='bbox 771 3256 1061 3324; x_wconf 81' lang='lat' dir='ltr'><strong>Apostolus</strong></span> <span class='ocrx_word' id='word_1_398' title='bbox 1090 3272 1103 3307; x_wconf 89' lang='lat'><strong>:</strong></span> <span class='ocrx_word' id='word_1_399' title='bbox 1139 3273 1245 3310; x_wconf 92' lang='lat' dir='ltr'><strong>non</strong></span> <span class='ocrx_word' id='word_1_400' title='bbox 1273 3259 1418 3326; x_wconf 86' lang='lat' dir='ltr'><strong>quod</strong></span> <span class='ocrx_word' id='word_1_401' title='bbox 1461 3258 1591 3312; x_wconf 88' lang='lat' dir='ltr'><strong>nihil</strong></span> 
     </span>
    </p>
   </div>
   <div class='ocr_carea' id='block_1_49' title="bbox 23 3343 1594 3417">
    <p class='ocr_par' dir='ltr' id='par_1_49' title="bbox 23 3343 1594 3417">
     <span class='ocr_line' id='line_1_49' title="bbox 23 3343 1594 3417; baseline 0.008 -26"><span class='ocrx_word' id='word_1_402' title='bbox 23 3351 215 3407; x_wconf 80' lang='lat' dir='ltr'><strong>agant;</strong></span> <span class='ocrx_word' id='word_1_403' title='bbox 249 3343 344 3394; x_wconf 90' lang='lat' dir='ltr'><strong>sed</strong></span> <span class='ocrx_word' id='word_1_404' title='bbox 369 3343 508 3410; x_wconf 91' lang='lat' dir='ltr'><strong>quod</strong></span> <span class='ocrx_word' id='word_1_405' title='bbox 554 3344 619 3398; x_wconf 91' lang='lat' dir='ltr'><strong>ad</strong></span> <span class='ocrx_word' id='word_1_406' title='bbox 662 3346 1118 3414; x_wconf 88' lang='lat' dir='ltr'><strong>comparationem</strong></span> <span class='ocrx_word' id='word_1_407' title='bbox 1155 3347 1245 3400; x_wconf 92' lang='lat' dir='ltr'><strong>Dei</strong></span> <span class='ocrx_word' id='word_1_408' title='bbox 1291 3347 1385 3417; x_wconf 92' lang='lat' dir='ltr'><strong>qui</strong></span> <span class='ocrx_word' id='word_1_409' title='bbox 1420 3348 1594 3403; x_wconf 87' lang='lat' dir='ltr'><strong>incre-</strong></span> 
     </span>
    </p>
   </div>
   <div class='ocr_carea' id='block_1_50' title="bbox 25 3435 1593 3504">
    <p class='ocr_par' dir='ltr' id='par_1_50' title="bbox 25 3435 1593 3504">
     <span class='ocr_line' id='line_1_50' title="bbox 25 3435 1593 3504; baseline 0.006 -19"><span class='ocrx_word' id='word_1_410' title='bbox 25 3445 257 3487; x_wconf 83' lang='lat' dir='ltr'><strong>mentum</strong></span> <span class='ocrx_word' id='word_1_411' title='bbox 289 3435 379 3488; x_wconf 87' lang='lat' dir='ltr'><strong>dat</strong></span> <span class='ocrx_word' id='word_1_412' title='bbox 409 3437 580 3504; x_wconf 86' lang='lat' dir='ltr'><strong>Operi,</strong></span> <span class='ocrx_word' id='word_1_413' title='bbox 623 3438 705 3491; x_wconf 91' lang='lat' dir='ltr'><strong>vel</strong></span> <span class='ocrx_word' id='word_1_414' title='bbox 753 3436 1026 3502; x_wconf 78' lang='lat' dir='ltr'><strong>effectum,</strong></span> <span class='ocrx_word' id='word_1_415' title='bbox 1063 3438 1136 3492; x_wconf 88' lang='lat' dir='ltr'><strong>illi</strong></span> <span class='ocrx_word' id='word_1_416' title='bbox 1180 3439 1312 3493; x_wconf 90' lang='lat' dir='ltr'><strong>nihil</strong></span> <span class='ocrx_word' id='word_1_417' title='bbox 1357 3454 1478 3495; x_wconf 90' lang='lat' dir='ltr'><strong>esse</strong></span> <span class='ocrx_word' id='word_1_418' title='bbox 1508 3441 1593 3495; x_wconf 85' lang='lat' dir='ltr'><strong>di-</strong></span> 
     </span>
    </p>
   </div>
   <div class='ocr_carea' id='block_1_51' title="bbox 25 3526 1588 3597">
    <p class='ocr_par' dir='ltr' id='par_1_51' title="bbox 25 3526 1588 3597">
     <span class='ocr_line' id='line_1_51' title="bbox 25 3526 1588 3597; baseline 0.005 -21"><span class='ocrx_word' id='word_1_419' title='bbox 25 3535 229 3578; x_wconf 68' lang='lat' dir='ltr'><strong>tantur.</strong></span> <span class='ocrx_word' id='word_1_420' title='bbox 279 3526 386 3580; x_wconf 89' lang='lat' dir='ltr'><strong>Sed</strong></span> <span class='ocrx_word' id='word_1_421' title='bbox 440 3528 630 3582; x_wconf 89' lang='lat' dir='ltr'><strong>ethoc</strong></span> <span class='ocrx_word' id='word_1_422' title='bbox 679 3531 821 3597; x_wconf 83' lang='lat' dir='ltr'><strong>quod</strong></span> <span class='ocrx_word' id='word_1_423' title='bbox 867 3530 1067 3584; x_wconf 93' lang='lat' dir='ltr'><strong>dicitur</strong></span> <span class='ocrx_word' id='word_1_424' title='bbox 1098 3530 1165 3583; x_wconf 89' lang='lat' dir='ltr'><strong>ad</strong></span> <span class='ocrx_word' id='word_1_425' title='bbox 1220 3529 1588 3596; x_wconf 79' lang='lat' dir='ltr'><strong>Pharaonem,</strong></span> 
     </span>
    </p>
   </div>
   <div class='ocr_carea' id='block_1_52' title="bbox 27 3617 1587 3688">
    <p class='ocr_par' dir='ltr' id='par_1_52' title="bbox 27 3617 1587 3688">
     <span class='ocr_line' id='line_1_52' title="bbox 27 3617 1587 3688; baseline 0.006 -22"><span class='ocrx_word' id='word_1_426' title='bbox 27 3634 44 3666; x_wconf 86' lang='grc'>‹</span> <span class='ocrx_word' id='word_1_427' title='bbox 69 3618 202 3682; x_wconf 83' lang='lat' dir='ltr'><strong>Quia</strong></span> <span class='ocrx_word' id='word_1_428' title='bbox 234 3617 303 3670; x_wconf 88' lang='lat' dir='ltr'><strong>ad</strong></span> <span class='ocrx_word' id='word_1_429' title='bbox 333 3618 432 3671; x_wconf 88' lang='lat' dir='ltr'><strong>hoc</strong></span> <span class='ocrx_word' id='word_1_430' title='bbox 469 3619 643 3688; x_wconf 89' lang='lat' dir='ltr'><strong>ipsum</strong></span> <span class='ocrx_word' id='word_1_431' title='bbox 679 3630 730 3674; x_wconf 87' lang='lat' dir='ltr'><strong>te</strong></span> <span class='ocrx_word' id='word_1_432' title='bbox 775 3621 1056 3683; x_wconf 87' lang='lat' dir='ltr'><strong>suscitavi,</strong></span> <span class='ocrx_word' id='word_1_433' title='bbox 1096 3631 1154 3674; x_wconf 93' lang='lat' dir='ltr'><strong>ut</strong></span> <span class='ocrx_word' id='word_1_434' title='bbox 1205 3621 1485 3676; x_wconf 88' lang='lat' dir='ltr'><strong>ostendam</strong></span> <span class='ocrx_word' id='word_1_435' title='bbox 1535 3624 1587 3676; x_wconf 92' lang='lat' dir='ltr'><strong>in</strong></span> 
     </span>
    </p>
   </div>
   <div class='ocr_carea' id='block_1_53' title="bbox 27 3709 1585 3779">
    <p class='ocr_par' dir='ltr' id='par_1_53' title="bbox 27 3709 1585 3779">
     <span class='ocr_line' id='line_1_53' title="bbox 27 3709 1585 3779; baseline 0.006 -23"><span class='ocrx_word' id='word_1_436' title='bbox 27 3719 68 3758; x_wconf 83' lang='lat' dir='ltr'><strong>te</strong></span> <span class='ocrx_word' id='word_1_437' title='bbox 94 3709 350 3761; x_wconf 81' lang='lat' dir='ltr'><strong>virtutem</strong></span> <span class='ocrx_word' id='word_1_438' title='bbox 390 3725 562 3763; x_wconf 88' lang='lat' dir='ltr'><strong>meam</strong></span> <span class='ocrx_word' id='word_1_439' title='bbox 587 3711 651 3772; x_wconf 70' lang='grc' dir='ltr'><strong>ι’,</strong></span> <span class='ocrx_word' id='word_1_440' title='bbox 695 3731 714 3762; x_wconf 73' lang='grc' dir='ltr'><strong>ι</strong></span> <span class='ocrx_word' id='word_1_441' title='bbox 749 3712 909 3779; x_wconf 88' lang='lat' dir='ltr'><strong>quale</strong></span> <span class='ocrx_word' id='word_1_442' title='bbox 942 3713 1014 3764; x_wconf 94' lang='lat' dir='ltr'><strong>sit</strong></span> <span class='ocrx_word' id='word_1_443' title='bbox 1037 3712 1336 3766; x_wconf 85' lang='lat' dir='ltr'><strong>videamus.</strong></span> <span class='ocrx_word' id='word_1_444' title='bbox 1365 3714 1585 3766; x_wconf 78' lang='lat' dir='ltr'><strong>Certum</strong></span> 
     </span>
    </p>
   </div>
   <div class='ocr_carea' id='block_1_54' title="bbox 24 3799 1584 3872">
    <p class='ocr_par' dir='ltr' id='par_1_54' title="bbox 24 3799 1584 3872">
     <span class='ocr_line' id='line_1_54' title="bbox 24 3799 1584 3872; baseline 0.006 -26"><span class='ocrx_word' id='word_1_445' title='bbox 24 3809 92 3849; x_wconf 74' lang='lat' dir='ltr'><strong>Cal</strong></span> <span class='ocrx_word' id='word_1_446' title='bbox 124 3799 293 3852; x_wconf 85' lang='lat' dir='ltr'><strong>Deum</strong></span> <span class='ocrx_word' id='word_1_447' title='bbox 325 3815 429 3853; x_wconf 92' lang='lat' dir='ltr'><strong>non</strong></span> <span class='ocrx_word' id='word_1_448' title='bbox 462 3801 634 3854; x_wconf 89' lang='lat' dir='ltr'><strong>solmn</strong></span> <span class='ocrx_word' id='word_1_449' title='bbox 679 3804 819 3856; x_wconf 85' lang='lat' dir='ltr'><strong>scire</strong></span> <span class='ocrx_word' id='word_1_450' title='bbox 858 3803 1286 3872; x_wconf 89' lang='lat' dir='ltr'><strong>uniuscujusque</strong></span> <span class='ocrx_word' id='word_1_451' title='bbox 1333 3805 1584 3872; x_wconf 90' lang='lat' dir='ltr'><strong>proposi-</strong></span> 
     </span>
    </p>
   </div>
   <div class='ocr_carea' id='block_1_55' title="bbox 25 3891 1584 3963">
    <p class='ocr_par' dir='ltr' id='par_1_55' title="bbox 25 3891 1584 3963">
     <span class='ocr_line' id='line_1_55' title="bbox 25 3891 1584 3963; baseline 0.005 -23"><span class='ocrx_word' id='word_1_452' title='bbox 25 3902 121 3943; x_wconf 87' lang='lat' dir='ltr'><strong>tum</strong></span> <span class='ocrx_word' id='word_1_453' title='bbox 147 3907 210 3943; x_wconf 86' lang='lat' dir='ltr'><strong>ac</strong></span> <span class='ocrx_word' id='word_1_454' title='bbox 241 3891 596 3956; x_wconf 84' lang='lat' dir='ltr'><strong>voluntatem,</strong></span> <span class='ocrx_word' id='word_1_455' title='bbox 627 3894 800 3948; x_wconf 89' lang='lat' dir='ltr'><strong>sedet</strong></span> <span class='ocrx_word' id='word_1_456' title='bbox 838 3895 1113 3963; x_wconf 70' lang='lat' dir='ltr'><strong>praescire.</strong></span> <span class='ocrx_word' id='word_1_457' title='bbox 1164 3891 1358 3948; x_wconf 89' lang='lat' dir='ltr'><strong>Sciens</strong></span> <span class='ocrx_word' id='word_1_458' title='bbox 1403 3903 1584 3948; x_wconf 91' lang='lat' dir='ltr'><strong>autem</strong></span> 
     </span>
    </p>
   </div>
   <div class='ocr_carea' id='block_1_56' title="bbox 24 3987 1584 4055">
    <p class='ocr_par' dir='ltr' id='par_1_56' title="bbox 24 3987 1584 4055">
     <span class='ocr_line' id='line_1_56' title="bbox 24 3987 1584 4055; baseline 0.005 -23"><span class='ocrx_word' id='word_1_459' title='bbox 24 3995 67 4035; x_wconf 73' lang='lat' dir='ltr'><strong>rt</strong></span> <span class='ocrx_word' id='word_1_460' title='bbox 124 4000 508 4051; x_wconf 75' lang='lat' dir='ltr'><strong>pncnoscens,</strong></span> <span class='ocrx_word' id='word_1_461' title='bbox 573 3996 826 4053; x_wconf 90' lang='lat' dir='ltr'><strong>tanquam</strong></span> <span class='ocrx_word' id='word_1_462' title='bbox 895 3987 1069 4039; x_wconf 88' lang='lat' dir='ltr'><strong>bonus</strong></span> <span class='ocrx_word' id='word_1_463' title='bbox 1130 3987 1472 4055; x_wconf 89' lang='lat' dir='ltr'><strong>dispensator</strong></span> <span class='ocrx_word' id='word_1_464' title='bbox 1531 3997 1584 4040; x_wconf 91' lang='lat' dir='ltr'><strong>et</strong></span> 
     </span>
    </p>
   </div>
   <div class='ocr_carea' id='block_1_57' title="bbox 21 4072 1586 4144">
    <p class='ocr_par' dir='ltr' id='par_1_57' title="bbox 21 4072 1586 4144">
     <span class='ocr_line' id='line_1_57' title="bbox 21 4072 1586 4144; baseline 0.006 -24"><span class='ocrx_word' id='word_1_465' title='bbox 21 4072 209 4136; x_wconf 72' lang='lat' dir='ltr'><strong>justus,</strong></span> <span class='ocrx_word' id='word_1_466' title='bbox 260 4073 692 4144; x_wconf 88' lang='lat' dir='ltr'><strong>uniuscujusque</strong></span> <span class='ocrx_word' id='word_1_467' title='bbox 734 4077 969 4130; x_wconf 86' lang='lat' dir='ltr'><strong>motibus</strong></span> <span class='ocrx_word' id='word_1_468' title='bbox 1002 4087 1056 4130; x_wconf 91' lang='lat' dir='ltr'><strong>et</strong></span> <span class='ocrx_word' id='word_1_469' title='bbox 1095 4077 1372 4144; x_wconf 90' lang='lat' dir='ltr'><strong>proposito</strong></span> <span class='ocrx_word' id='word_1_470' title='bbox 1417 4078 1586 4130; x_wconf 90' lang='lat' dir='ltr'><strong>utitur</strong></span> 
     </span>
    </p>
   </div>
   <div class='ocr_carea' id='block_1_58' title="bbox 25 4164 1584 4237">
    <p class='ocr_par' dir='ltr' id='par_1_58' title="bbox 25 4164 1584 4237">
     <span class='ocr_line' id='line_1_58' title="bbox 25 4164 1584 4237; baseline 0.007 -26"><span class='ocrx_word' id='word_1_471' title='bbox 25 4167 79 4212; x_wconf 86' lang='lat' dir='ltr'><strong>ad</strong></span> <span class='ocrx_word' id='word_1_472' title='bbox 115 4180 176 4216; x_wconf 91' lang='lat' dir='ltr'><strong>ea</strong></span> <span class='ocrx_word' id='word_1_473' title='bbox 209 4179 374 4232; x_wconf 89' lang='lat' dir='ltr'><strong>opera</strong></span> <span class='ocrx_word' id='word_1_474' title='bbox 401 4164 684 4220; x_wconf 84' lang='lat' dir='ltr'><strong>eﬂicienda</strong></span> <span class='ocrx_word' id='word_1_475' title='bbox 719 4167 830 4235; x_wconf 88' lang='lat'><strong>(88)</strong></span> <span class='ocrx_word' id='word_1_476' title='bbox 861 4182 980 4235; x_wconf 70' lang='lat' dir='ltr'><strong>qua:</strong></span> <span class='ocrx_word' id='word_1_477' title='bbox 1007 4168 1430 4237; x_wconf 81' lang='lat' dir='ltr'><strong>uniuscujusque</strong></span> <span class='ocrx_word' id='word_1_478' title='bbox 1467 4170 1584 4222; x_wconf 82' lang='lat' dir='ltr'><strong>ani-</strong></span> 
     </span>
    </p>
   </div>
   <div class='ocr_carea' id='block_1_59' title="bbox 25 4255 1585 4326">
    <p class='ocr_par' dir='ltr' id='par_1_59' title="bbox 25 4255 1585 4326">
     <span class='ocr_line' id='line_1_59' title="bbox 25 4255 1585 4326; baseline 0.006 -24"><span class='ocrx_word' id='word_1_479' title='bbox 25 4270 127 4306; x_wconf 86' lang='lat' dir='ltr'><strong>mus</strong></span> <span class='ocrx_word' id='word_1_480' title='bbox 156 4270 220 4308; x_wconf 92' lang='lat' dir='ltr'><strong>ac</strong></span> <span class='ocrx_word' id='word_1_481' title='bbox 263 4255 512 4310; x_wconf 87' lang='lat' dir='ltr'><strong>voluntas</strong></span> <span class='ocrx_word' id='word_1_482' title='bbox 549 4258 721 4326; x_wconf 80' lang='lat' dir='ltr'><strong>eligit.</strong></span> <span class='ocrx_word' id='word_1_483' title='bbox 762 4255 916 4312; x_wconf 86' lang='lat' dir='ltr'><strong>Velut</strong></span> <span class='ocrx_word' id='word_1_484' title='bbox 937 4259 1005 4322; x_wconf 90' lang='lat' dir='ltr'><strong>si,</strong></span> <span class='ocrx_word' id='word_1_485' title='bbox 1039 4260 1187 4314; x_wconf 90' lang='lat' dir='ltr'><strong>verbi</strong></span> <span class='ocrx_word' id='word_1_486' title='bbox 1218 4276 1404 4325; x_wconf 90' lang='lat' dir='ltr'><strong>causa,</strong></span> <span class='ocrx_word' id='word_1_487' title='bbox 1435 4260 1585 4314; x_wconf 86' lang='lat' dir='ltr'><strong>dica-</strong></span> 
     </span>
    </p>
   </div>
   <div class='ocr_carea' id='block_1_60' title="bbox 23 4344 1586 4422">
    <p class='ocr_par' dir='ltr' id='par_1_60' title="bbox 23 4344 1586 4422">
     <span class='ocr_line' id='line_1_60' title="bbox 23 4344 1586 4422; baseline 0.004 -26"><span class='ocrx_word' id='word_1_488' title='bbox 23 4359 128 4398; x_wconf 82' lang='lat' dir='ltr'><strong>mus</strong></span> <span class='ocrx_word' id='word_1_489' title='bbox 157 4361 172 4399; x_wconf 91' lang='lat'><strong>:</strong></span> <span class='ocrx_word' id='word_1_490' title='bbox 205 4344 602 4406; x_wconf 85' lang='lat' dir='ltr'><strong>Paterfamilias</strong></span> <span class='ocrx_word' id='word_1_491' title='bbox 627 4351 670 4406; x_wconf 90' lang='lat' dir='ltr'><strong>si</strong></span> <span class='ocrx_word' id='word_1_492' title='bbox 694 4355 818 4422; x_wconf 89' lang='lat' dir='ltr'><strong>quis</strong></span> <span class='ocrx_word' id='word_1_493' title='bbox 852 4353 924 4408; x_wconf 88' lang='lat' dir='ltr'><strong>sit</strong></span> <span class='ocrx_word' id='word_1_494' title='bbox 953 4352 1199 4420; x_wconf 88' lang='lat' dir='ltr'><strong>sapiens,</strong></span> <span class='ocrx_word' id='word_1_495' title='bbox 1220 4360 1276 4406; x_wconf 90' lang='lat' dir='ltr'><strong>et</strong></span> <span class='ocrx_word' id='word_1_496' title='bbox 1305 4351 1508 4420; x_wconf 88' lang='lat' dir='ltr'><strong>justus,</strong></span> <span class='ocrx_word' id='word_1_497' title='bbox 1531 4360 1586 4404; x_wconf 89' lang='lat' dir='ltr'><strong>et</strong></span> 
     </span>
    </p>
   </div>
   <div class='ocr_carea' id='block_1_61' title="bbox 23 4439 1588 4516">
    <p class='ocr_par' dir='ltr' id='par_1_61' title="bbox 23 4439 1588 4516">
     <span class='ocr_line' id='line_1_61' title="bbox 23 4439 1588 4516; baseline 0.004 -23"><span class='ocrx_word' id='word_1_498' title='bbox 23 4439 211 4495; x_wconf 82' lang='lat' dir='ltr'><strong>habens</strong></span> <span class='ocrx_word' id='word_1_499' title='bbox 250 4444 418 4499; x_wconf 88' lang='lat' dir='ltr'><strong>multa</strong></span> <span class='ocrx_word' id='word_1_500' title='bbox 460 4447 682 4501; x_wconf 88' lang='lat' dir='ltr'><strong>servitia</strong></span> <span class='ocrx_word' id='word_1_501' title='bbox 706 4489 720 4508; x_wconf 90' lang='lat'><strong>,</strong></span> <span class='ocrx_word' id='word_1_502' title='bbox 757 4461 964 4510; x_wconf 92' lang='lat' dir='ltr'><strong>nonne,</strong></span> <span class='ocrx_word' id='word_1_503' title='bbox 999 4458 1202 4516; x_wconf 91' lang='lat' dir='ltr'><strong>quanta</strong></span> <span class='ocrx_word' id='word_1_504' title='bbox 1247 4445 1362 4500; x_wconf 78' lang='lat' dir='ltr'><strong>fieri</strong></span> <span class='ocrx_word' id='word_1_505' title='bbox 1409 4454 1588 4514; x_wconf 87' lang='lat' dir='ltr'><strong>potest</strong></span> 
     </span>
    </p>
   </div>
   <div class='ocr_carea' id='block_1_62' title="bbox 76 4605 1460 4670">
    <p class='ocr_par' dir='ltr' id='par_1_62' title="bbox 76 4605 1460 4670">
     <span class='ocr_line' id='line_1_62' title="bbox 76 4605 1460 4670; baseline -0.002 -9"><span class='ocrx_word' id='word_1_506' title='bbox 76 4607 114 4638; x_wconf 80' lang='lat'>&quot;</span> <span class='ocrx_word' id='word_1_507' title='bbox 141 4606 281 4661; x_wconf 90' lang='lat' dir='ltr'><strong>Psal.</strong></span> <span class='ocrx_word' id='word_1_508' title='bbox 311 4621 493 4670; x_wconf 76' lang='lat' dir='ltr'><strong>cxxvt,</strong></span> <span class='ocrx_word' id='word_1_509' title='bbox 517 4607 563 4658; x_wconf 88' lang='lat' dir='ltr'><strong>l.</strong></span> <span class='ocrx_word' id='word_1_510' title='bbox 639 4607 677 4636; x_wconf 86' lang='lat'>”</span> <span class='ocrx_word' id='word_1_511' title='bbox 715 4605 730 4658; x_wconf 98' lang='grc' dir='ltr'><strong>Ι</strong></span> <span class='ocrx_word' id='word_1_512' title='bbox 765 4606 886 4660; x_wconf 90' lang='lat' dir='ltr'><strong>Cor.</strong></span> <span class='ocrx_word' id='word_1_513' title='bbox 919 4623 999 4670; x_wconf 86' lang='grc' dir='ltr'>ιιι,</span> <span class='ocrx_word' id='word_1_514' title='bbox 1045 4607 1096 4660; x_wconf 87' lang='grc'><strong>6.</strong></span> <span class='ocrx_word' id='word_1_515' title='bbox 1175 4607 1216 4636; x_wconf 72' lang='grc'><strong>’⁸</strong></span> <span class='ocrx_word' id='word_1_516' title='bbox 1251 4605 1374 4658; x_wconf 88' lang='lat' dir='ltr'><strong>ibid.</strong></span> <span class='ocrx_word' id='word_1_517' title='bbox 1407 4605 1460 4658; x_wconf 93' lang='lat'><strong>7.</strong></span> 
     </span>
    </p>
   </div>
   <div class='ocr_carea' id='block_1_63' title="bbox 1543 4603 2463 4671">
    <p class='ocr_par' dir='ltr' id='par_1_63' title="bbox 1543 4603 2463 4671">
     <span class='ocr_line' id='line_1_63' title="bbox 1543 4603 2463 4671; baseline 0.004 -14"><span class='ocrx_word' id='word_1_518' title='bbox 1543 4604 1585 4635; x_wconf 78' lang='lat'><strong>&quot;</strong></span> <span class='ocrx_word' id='word_1_519' title='bbox 1631 4603 1788 4658; x_wconf 78' lang='lat' dir='ltr'><strong>Rom.</strong></span> <span class='ocrx_word' id='word_1_520' title='bbox 1827 4619 1906 4669; x_wconf 72' lang='grc' dir='ltr'>ιι,</span> <span class='ocrx_word' id='word_1_521' title='bbox 1939 4604 2031 4671; x_wconf 81' lang='lat' dir='ltr'><strong>l7;</strong></span> <span class='ocrx_word' id='word_1_522' title='bbox 2067 4604 2236 4660; x_wconf 75' lang='lat' dir='ltr'><strong>Exod.</strong></span> <span class='ocrx_word' id='word_1_523' title='bbox 2266 4621 2340 4670; x_wconf 85' lang='lat' dir='ltr'><strong>tx,</strong></span> <span class='ocrx_word' id='word_1_524' title='bbox 2378 4607 2463 4661; x_wconf 78' lang='grc'><strong>16.</strong></span> 
     </span>
    </p>
   </div>
   <div class='ocr_carea' id='block_1_64' title="bbox 1710 1970 3288 2040">
    <p class='ocr_par' dir='ltr' id='par_1_64' title="bbox 1710 1970 3288 2040">
     <span class='ocr_line' id='line_1_64' title="bbox 1710 1970 3288 2040; baseline 0.001 -19"><span class='ocrx_word' id='word_1_525' title='bbox 1710 1973 1798 2039; x_wconf 75' lang='lat' dir='ltr'><strong>qui</strong></span> <span class='ocrx_word' id='word_1_526' title='bbox 1849 1982 2039 2024; x_wconf 90' lang='lat' dir='ltr'><strong>contra</strong></span> <span class='ocrx_word' id='word_1_527' title='bbox 2090 1986 2269 2024; x_wconf 86' lang='lat' dir='ltr'><strong>mores</strong></span> <span class='ocrx_word' id='word_1_528' title='bbox 2312 1980 2366 2026; x_wconf 89' lang='lat' dir='ltr'><strong>et</strong></span> <span class='ocrx_word' id='word_1_529' title='bbox 2399 1971 2741 2040; x_wconf 85' lang='lat' dir='ltr'><strong>disciplinam</strong></span> <span class='ocrx_word' id='word_1_530' title='bbox 2783 1970 2949 2025; x_wconf 90' lang='lat' dir='ltr'><strong>multa</strong></span> <span class='ocrx_word' id='word_1_531' title='bbox 2999 1973 3288 2026; x_wconf 80' lang='lat' dir='ltr'><strong>commisc-</strong></span> 
     </span>
    </p>
   </div>
   <div class='ocr_carea' id='block_1_65' title="bbox 1712 2062 3286 2132">
    <p class='ocr_par' dir='ltr' id='par_1_65' title="bbox 1712 2062 3286 2132">
     <span class='ocr_line' id='line_1_65' title="bbox 1712 2062 3286 2132; baseline 0.002 -18"><span class='ocrx_word' id='word_1_532' title='bbox 1712 2063 1837 2125; x_wconf 88' lang='lat' dir='ltr'><strong>rint,</strong></span> <span class='ocrx_word' id='word_1_533' title='bbox 1866 2072 1920 2117; x_wconf 93' lang='lat' dir='ltr'><strong>et</strong></span> <span class='ocrx_word' id='word_1_534' title='bbox 1940 2062 2170 2132; x_wconf 79' lang='lat' dir='ltr'><strong>elegisse</strong></span> <span class='ocrx_word' id='word_1_535' title='bbox 2198 2063 2529 2116; x_wconf 90' lang='lat' dir='ltr'><strong>dirissimum</strong></span> <span class='ocrx_word' id='word_1_536' title='bbox 2556 2062 2664 2132; x_wconf 87' lang='lat'><strong>(9|)</strong></span> <span class='ocrx_word' id='word_1_537' title='bbox 2689 2063 2945 2131; x_wconf 86' lang='lat' dir='ltr'><strong>aliquem,</strong></span> <span class='ocrx_word' id='word_1_538' title='bbox 2966 2073 3019 2116; x_wconf 91' lang='lat' dir='ltr'><strong>et</strong></span> <span class='ocrx_word' id='word_1_539' title='bbox 3047 2063 3128 2116; x_wconf 83' lang='lat' dir='ltr'><strong>his</strong></span> <span class='ocrx_word' id='word_1_540' title='bbox 3155 2065 3286 2130; x_wconf 87' lang='lat' dir='ltr'><strong>ipsis</strong></span> 
     </span>
    </p>
   </div>
   <div class='ocr_carea' id='block_1_66' title="bbox 1707 2152 3287 2224">
    <p class='ocr_par' dir='ltr' id='par_1_66' title="bbox 1707 2152 3287 2224">
     <span class='ocr_line' id='line_1_66' title="bbox 1707 2152 3287 2224; baseline 0.001 -18"><span class='ocrx_word' id='word_1_541' title='bbox 1707 2154 1799 2223; x_wconf 90' lang='lat' dir='ltr'><strong>qui</strong></span> <span class='ocrx_word' id='word_1_542' title='bbox 1843 2152 2168 2222; x_wconf 89' lang='lat' dir='ltr'><strong>corripiendi</strong></span> <span class='ocrx_word' id='word_1_543' title='bbox 2199 2163 2328 2207; x_wconf 88' lang='lat' dir='ltr'><strong>sunt</strong></span> <span class='ocrx_word' id='word_1_544' title='bbox 2365 2153 2534 2208; x_wconf 90' lang='lat' dir='ltr'><strong>multo</strong></span> <span class='ocrx_word' id='word_1_545' title='bbox 2575 2153 2836 2208; x_wconf 90' lang='lat' dir='ltr'><strong>diriorem</strong></span> <span class='ocrx_word' id='word_1_546' title='bbox 2885 2153 3020 2224; x_wconf 74' lang='lat'><strong>(9‘2),</strong></span> <span class='ocrx_word' id='word_1_547' title='bbox 3057 2154 3148 2222; x_wconf 90' lang='lat' dir='ltr'><strong>qui</strong></span> <span class='ocrx_word' id='word_1_548' title='bbox 3185 2170 3287 2224; x_wconf 81' lang='lat' dir='ltr'><strong>pro</strong></span> 
     </span>
    </p>
   </div>
   <div class='ocr_carea' id='block_1_67' title="bbox 1707 2245 3285 2316">
    <p class='ocr_par' dir='ltr' id='par_1_67' title="bbox 1707 2245 3285 2316">
     <span class='ocr_line' id='line_1_67' title="bbox 1707 2245 3285 2316; baseline -0.003 -16"><span class='ocrx_word' id='word_1_549' title='bbox 1707 2245 2001 2300; x_wconf 88' lang='lat' dir='ltr'><strong>sceleribus</strong></span> <span class='ocrx_word' id='word_1_550' title='bbox 2040 2247 2152 2299; x_wconf 89' lang='lat' dir='ltr'><strong>suis</strong></span> <span class='ocrx_word' id='word_1_551' title='bbox 2175 2245 2290 2316; x_wconf 86' lang='lat' dir='ltr'><strong>jam</strong></span> <span class='ocrx_word' id='word_1_552' title='bbox 2320 2261 2424 2300; x_wconf 93' lang='lat' dir='ltr'><strong>non</strong></span> <span class='ocrx_word' id='word_1_553' title='bbox 2465 2245 2536 2300; x_wconf 92' lang='lat' dir='ltr'><strong>sit</strong></span> <span class='ocrx_word' id='word_1_554' title='bbox 2557 2246 2749 2314; x_wconf 86' lang='lat' dir='ltr'><strong>dignus</strong></span> <span class='ocrx_word' id='word_1_555' title='bbox 2773 2245 3285 2309; x_wconf 84' lang='lat' dir='ltr'><strong>emendatione,sed</strong></span> 
     </span>
    </p>
   </div>
   <div class='ocr_carea' id='block_1_68' title="bbox 1707 2333 3280 2404">
    <p class='ocr_par' dir='ltr' id='par_1_68' title="bbox 1707 2333 3280 2404">
     <span class='ocr_line' id='line_1_68' title="bbox 1707 2333 3280 2404; baseline 0 -18"><span class='ocrx_word' id='word_1_556' title='bbox 1707 2344 1899 2387; x_wconf 90' lang='lat' dir='ltr'><strong>morte.</strong></span> <span class='ocrx_word' id='word_1_557' title='bbox 1927 2333 2127 2389; x_wconf 86' lang='lat' dir='ltr'><strong>Volens</strong></span> <span class='ocrx_word' id='word_1_558' title='bbox 2152 2349 2282 2389; x_wconf 85' lang='lat' dir='ltr'><strong>vero</strong></span> <span class='ocrx_word' id='word_1_559' title='bbox 2308 2334 2585 2387; x_wconf 85' lang='lat' dir='ltr'><strong>interitum</strong></span> <span class='ocrx_word' id='word_1_560' title='bbox 2619 2335 2740 2404; x_wconf 87' lang='lat' dir='ltr'><strong>ejus</strong></span> <span class='ocrx_word' id='word_1_561' title='bbox 2757 2335 2824 2387; x_wconf 91' lang='lat' dir='ltr'><strong>ad</strong></span> <span class='ocrx_word' id='word_1_562' title='bbox 2848 2335 3280 2388; x_wconf 89' lang='lat' dir='ltr'><strong>emendationem</strong></span> 
     </span>
    </p>
   </div>
   <div class='ocr_carea' id='block_1_69' title="bbox 1705 2423 3285 2494">
    <p class='ocr_par' dir='ltr' id='par_1_69' title="bbox 1705 2423 3285 2494">
     <span class='ocr_line' id='line_1_69' title="bbox 1705 2423 3285 2494; baseline -0.001 -17"><span class='ocrx_word' id='word_1_563' title='bbox 1705 2428 1970 2494; x_wconf 83' lang='lat' dir='ltr'><strong>prolicere</strong></span> <span class='ocrx_word' id='word_1_564' title='bbox 1997 2436 2342 2490; x_wconf 55' lang='lat' dir='ltr'><strong>exterarum,</strong></span> <span class='ocrx_word' id='word_1_565' title='bbox 2368 2426 2529 2479; x_wconf 89' lang='lat' dir='ltr'><strong>mittit</strong></span> <span class='ocrx_word' id='word_1_566' title='bbox 2560 2440 2682 2479; x_wconf 88' lang='lat' dir='ltr'><strong>eum</strong></span> <span class='ocrx_word' id='word_1_567' title='bbox 2716 2423 2782 2478; x_wconf 92' lang='lat' dir='ltr'><strong>ad</strong></span> <span class='ocrx_word' id='word_1_568' title='bbox 2806 2425 2925 2478; x_wconf 89' lang='lat' dir='ltr'><strong>illos</strong></span> <span class='ocrx_word' id='word_1_569' title='bbox 2951 2440 3088 2493; x_wconf 93' lang='lat' dir='ltr'><strong>quos</strong></span> <span class='ocrx_word' id='word_1_570' title='bbox 3112 2434 3285 2477; x_wconf 89' lang='lat' dir='ltr'><strong>morte</strong></span> 
     </span>
    </p>
   </div>
   <div class='ocr_carea' id='block_1_70' title="bbox 1703 2517 3282 2588">
    <p class='ocr_par' dir='ltr' id='par_1_70' title="bbox 1703 2517 3282 2588">
     <span class='ocr_line' id='line_1_70' title="bbox 1703 2517 3282 2588; baseline 0.002 -18"><span class='ocrx_word' id='word_1_571' title='bbox 1703 2533 1818 2586; x_wconf 82' lang='lat' dir='ltr'><strong>ejus</strong></span> <span class='ocrx_word' id='word_1_572' title='bbox 1842 2520 2042 2588; x_wconf 80' lang='lat' dir='ltr'><strong>corrigi</strong></span> <span class='ocrx_word' id='word_1_573' title='bbox 2072 2519 2236 2588; x_wconf 92' lang='lat' dir='ltr'><strong>cupit,</strong></span> <span class='ocrx_word' id='word_1_574' title='bbox 2278 2527 2334 2572; x_wconf 90' lang='lat' dir='ltr'><strong>et</strong></span> <span class='ocrx_word' id='word_1_575' title='bbox 2362 2520 2492 2572; x_wconf 86' lang='lat' dir='ltr'><strong>dicit</strong></span> <span class='ocrx_word' id='word_1_576' title='bbox 2527 2520 2576 2571; x_wconf 92' lang='lat' dir='ltr'><strong>ei</strong></span> <span class='ocrx_word' id='word_1_577' title='bbox 2606 2535 2620 2572; x_wconf 87' lang='lat'><strong>:</strong></span> <span class='ocrx_word' id='word_1_578' title='bbox 2656 2535 2676 2570; x_wconf 72' lang='grc' dir='ltr'><strong>ι</strong></span> <span class='ocrx_word' id='word_1_579' title='bbox 2713 2519 2846 2584; x_wconf 89' lang='lat' dir='ltr'><strong>Quia</strong></span> <span class='ocrx_word' id='word_1_580' title='bbox 2878 2517 2943 2571; x_wconf 92' lang='lat' dir='ltr'><strong>ad</strong></span> <span class='ocrx_word' id='word_1_581' title='bbox 2975 2519 3074 2571; x_wconf 94' lang='lat' dir='ltr'><strong>hoc</strong></span> <span class='ocrx_word' id='word_1_582' title='bbox 3108 2518 3282 2587; x_wconf 89' lang='lat' dir='ltr'><strong>ipsum</strong></span> 
     </span>
    </p>
   </div>
   <div class='ocr_carea' id='block_1_71' title="bbox 1702 2610 3282 2678">
    <p class='ocr_par' dir='ltr' id='par_1_71' title="bbox 1702 2610 3282 2678">
     <span class='ocr_line' id='line_1_71' title="bbox 1702 2610 3282 2678; baseline -0.001 -14"><span class='ocrx_word' id='word_1_583' title='bbox 1702 2620 1754 2664; x_wconf 92' lang='lat' dir='ltr'><strong>te</strong></span> <span class='ocrx_word' id='word_1_584' title='bbox 1787 2611 2081 2678; x_wconf 90' lang='lat' dir='ltr'><strong>suscitavi,</strong></span> <span class='ocrx_word' id='word_1_585' title='bbox 2133 2621 2190 2665; x_wconf 92' lang='lat' dir='ltr'><strong>ut</strong></span> <span class='ocrx_word' id='word_1_586' title='bbox 2243 2613 2525 2665; x_wconf 89' lang='lat' dir='ltr'><strong>ostendam</strong></span> <span class='ocrx_word' id='word_1_587' title='bbox 2575 2611 2626 2663; x_wconf 89' lang='lat' dir='ltr'><strong>in</strong></span> <span class='ocrx_word' id='word_1_588' title='bbox 2678 2620 2732 2663; x_wconf 90' lang='lat' dir='ltr'><strong>te</strong></span> <span class='ocrx_word' id='word_1_589' title='bbox 2772 2610 3024 2663; x_wconf 87' lang='lat' dir='ltr'><strong>virtutem</strong></span> <span class='ocrx_word' id='word_1_590' title='bbox 3079 2627 3282 2675; x_wconf 88' lang='lat' dir='ltr'><strong>meam,</strong></span> 
     </span>
    </p>
   </div>
   <div class='ocr_carea' id='block_1_72' title="bbox 1701 2701 3283 2756">
    <p class='ocr_par' dir='ltr' id='par_1_72' title="bbox 1701 2701 3283 2756">
     <span class='ocr_line' id='line_1_72' title="bbox 1701 2701 3283 2756; baseline 0 -1"><span class='ocrx_word' id='word_1_591' title='bbox 1701 2709 1757 2755; x_wconf 89' lang='lat' dir='ltr'><strong>et</strong></span> <span class='ocrx_word' id='word_1_592' title='bbox 1825 2711 1883 2756; x_wconf 87' lang='lat' dir='ltr'><strong>ut</strong></span> <span class='ocrx_word' id='word_1_593' title='bbox 1961 2702 2310 2755; x_wconf 85' lang='lat' dir='ltr'><strong>annuntietur</strong></span> <span class='ocrx_word' id='word_1_594' title='bbox 2376 2717 2567 2756; x_wconf 87' lang='lat' dir='ltr'><strong>nomen</strong></span> <span class='ocrx_word' id='word_1_595' title='bbox 2641 2715 2818 2753; x_wconf 85' lang='lat' dir='ltr'><strong>meum</strong></span> <span class='ocrx_word' id='word_1_596' title='bbox 2895 2701 2947 2753; x_wconf 93' lang='lat' dir='ltr'><strong>in</strong></span> <span class='ocrx_word' id='word_1_597' title='bbox 3033 2703 3283 2755; x_wconf 82' lang='lat' dir='ltr'><strong>universa</strong></span> 
     </span>
    </p>
   </div>
   <div class='ocr_carea' id='block_1_73' title="bbox 1701 2791 3282 2863">
    <p class='ocr_par' dir='ltr' id='par_1_73' title="bbox 1701 2791 3282 2863">
     <span class='ocr_line' id='line_1_73' title="bbox 1701 2791 3282 2863; baseline 0.003 -17"><span class='ocrx_word' id='word_1_598' title='bbox 1701 2803 1847 2846; x_wconf 88' lang='lat' dir='ltr'><strong>terra</strong></span> <span class='ocrx_word' id='word_1_599' title='bbox 1899 2794 1966 2846; x_wconf 77' lang='lat'><strong>‘°.</strong></span> <span class='ocrx_word' id='word_1_600' title='bbox 2016 2812 2036 2844; x_wconf 74' lang='grc' dir='ltr'><strong>ι</strong></span> <span class='ocrx_word' id='word_1_601' title='bbox 2076 2791 2204 2847; x_wconf 73' lang='lat' dir='ltr'><strong>Vide</strong></span> <span class='ocrx_word' id='word_1_602' title='bbox 2247 2794 2392 2848; x_wconf 91' lang='lat' dir='ltr'><strong>enim</strong></span> <span class='ocrx_word' id='word_1_603' title='bbox 2421 2795 2544 2863; x_wconf 89' lang='lat' dir='ltr'><strong>quia</strong></span> <span class='ocrx_word' id='word_1_604' title='bbox 2583 2810 2688 2848; x_wconf 91' lang='lat' dir='ltr'><strong>non</strong></span> <span class='ocrx_word' id='word_1_605' title='bbox 2721 2796 2898 2849; x_wconf 87' lang='lat' dir='ltr'><strong>dixit:</strong></span> <span class='ocrx_word' id='word_1_606' title='bbox 2934 2813 2951 2845; x_wconf 71' lang='grc' dir='ltr'><strong>ι</strong></span> <span class='ocrx_word' id='word_1_607' title='bbox 2985 2794 3118 2861; x_wconf 83' lang='lat' dir='ltr'><strong>Quia</strong></span> <span class='ocrx_word' id='word_1_608' title='bbox 3153 2815 3176 2847; x_wconf 67' lang='grc' dir='ltr'><strong>ι</strong></span> <span class='ocrx_word' id='word_1_609' title='bbox 3213 2799 3282 2850; x_wconf 88' lang='lat' dir='ltr'><strong>ad</strong></span> 
     </span>
    </p>
   </div>
   <div class='ocr_carea' id='block_1_74' title="bbox 1701 2885 3281 2954">
    <p class='ocr_par' dir='ltr' id='par_1_74' title="bbox 1701 2885 3281 2954">
     <span class='ocr_line' id='line_1_74' title="bbox 1701 2885 3281 2954; baseline 0.003 -17"><span class='ocrx_word' id='word_1_610' title='bbox 1701 2885 1802 2940; x_wconf 90' lang='lat' dir='ltr'><strong>hoc</strong></span> <span class='ocrx_word' id='word_1_611' title='bbox 1840 2885 2015 2953; x_wconf 90' lang='lat' dir='ltr'><strong>ipsum</strong></span> <span class='ocrx_word' id='word_1_612' title='bbox 2056 2897 2108 2940; x_wconf 90' lang='lat' dir='ltr'><strong>te</strong></span> <span class='ocrx_word' id='word_1_613' title='bbox 2131 2887 2233 2941; x_wconf 89' lang='lat' dir='ltr'><strong>feci</strong></span> <span class='ocrx_word' id='word_1_614' title='bbox 2266 2905 2278 2942; x_wconf 91' lang='lat'><strong>:</strong></span> <span class='ocrx_word' id='word_1_615' title='bbox 2317 2886 2558 2954; x_wconf 90' lang='lat' dir='ltr'><strong>alioquin</strong></span> <span class='ocrx_word' id='word_1_616' title='bbox 2603 2887 2669 2939; x_wconf 90' lang='lat' dir='ltr'><strong>ad</strong></span> <span class='ocrx_word' id='word_1_617' title='bbox 2713 2889 3052 2940; x_wconf 83' lang='lat' dir='ltr'><strong>conditorem</strong></span> <span class='ocrx_word' id='word_1_618' title='bbox 3087 2888 3281 2942; x_wconf 88' lang='lat' dir='ltr'><strong>referri</strong></span> 
     </span>
    </p>
   </div>
   <div class='ocr_carea' id='block_1_75' title="bbox 1698 2978 3278 3047">
    <p class='ocr_par' dir='ltr' id='par_1_75' title="bbox 1698 2978 3278 3047">
     <span class='ocr_line' id='line_1_75' title="bbox 1698 2978 3278 3047; baseline 0.001 -16"><span class='ocrx_word' id='word_1_619' title='bbox 1698 2978 1855 3044; x_wconf 87' lang='lat' dir='ltr'><strong>culpa</strong></span> <span class='ocrx_word' id='word_1_620' title='bbox 1890 2979 2163 3032; x_wconf 85' lang='lat' dir='ltr'><strong>videretur</strong></span> <span class='ocrx_word' id='word_1_621' title='bbox 2193 2999 2206 3034; x_wconf 93' lang='lat'><strong>:</strong></span> <span class='ocrx_word' id='word_1_622' title='bbox 2238 2979 2332 3032; x_wconf 87' lang='lat' dir='ltr'><strong>sed</strong></span> <span class='ocrx_word' id='word_1_623' title='bbox 2365 2981 2440 3032; x_wconf 89' lang='lat' dir='ltr'><strong>ait</strong></span> <span class='ocrx_word' id='word_1_624' title='bbox 2469 2996 2483 3032; x_wconf 86' lang='lat'><strong>:</strong></span> <span class='ocrx_word' id='word_1_625' title='bbox 2515 2997 2533 3030; x_wconf 81' lang='grc' dir='ltr'><strong>ι</strong></span> <span class='ocrx_word' id='word_1_626' title='bbox 2570 2979 2648 3030; x_wconf 81' lang='lat' dir='ltr'><strong>Ad</strong></span> <span class='ocrx_word' id='word_1_627' title='bbox 2678 2979 2780 3032; x_wconf 88' lang='lat' dir='ltr'><strong>hoc</strong></span> <span class='ocrx_word' id='word_1_628' title='bbox 2821 2980 2994 3047; x_wconf 84' lang='lat' dir='ltr'><strong>ipsum</strong></span> <span class='ocrx_word' id='word_1_629' title='bbox 3023 2990 3076 3032; x_wconf 89' lang='lat' dir='ltr'><strong>te</strong></span> <span class='ocrx_word' id='word_1_630' title='bbox 3103 2982 3278 3034; x_wconf 83' lang='lat' dir='ltr'><strong>susci-</strong></span> 
     </span>
    </p>
   </div>
   <div class='ocr_carea' id='block_1_76' title="bbox 1702 3070 3276 3139">
    <p class='ocr_par' dir='ltr' id='par_1_76' title="bbox 1702 3070 3276 3139">
     <span class='ocr_line' id='line_1_76' title="bbox 1702 3070 3276 3139; baseline 0.001 -17"><span class='ocrx_word' id='word_1_631' title='bbox 1702 3072 1807 3122; x_wconf 87' lang='lat' dir='ltr'><strong>tavi</strong></span> <span class='ocrx_word' id='word_1_632' title='bbox 1842 3089 1854 3123; x_wconf 94' lang='lat'>:</span> <span class='ocrx_word' id='word_1_633' title='bbox 1899 3089 1919 3121; x_wconf 72' lang='grc' dir='ltr'><strong>ι</strong></span> <span class='ocrx_word' id='word_1_634' title='bbox 1955 3071 2057 3124; x_wconf 85' lang='lat' dir='ltr'><strong>hoc</strong></span> <span class='ocrx_word' id='word_1_635' title='bbox 2085 3081 2205 3134; x_wconf 88' lang='lat' dir='ltr'><strong>est,</strong></span> <span class='ocrx_word' id='word_1_636' title='bbox 2254 3080 2313 3123; x_wconf 91' lang='lat' dir='ltr'><strong>ut</strong></span> <span class='ocrx_word' id='word_1_637' title='bbox 2355 3087 2449 3138; x_wconf 90' lang='lat' dir='ltr'><strong>per</strong></span> <span class='ocrx_word' id='word_1_638' title='bbox 2488 3070 2654 3125; x_wconf 86' lang='lat' dir='ltr'><strong>animi</strong></span> <span class='ocrx_word' id='word_1_639' title='bbox 2695 3072 2771 3124; x_wconf 91' lang='lat' dir='ltr'><strong>tui</strong></span> <span class='ocrx_word' id='word_1_640' title='bbox 2811 3071 3074 3124; x_wconf 87' lang='lat' dir='ltr'><strong>malitiam</strong></span> <span class='ocrx_word' id='word_1_641' title='bbox 3115 3085 3276 3139; x_wconf 87' lang='lat' dir='ltr'><strong>quam</strong></span> 
     </span>
    </p>
   </div>
   <div class='ocr_carea' id='block_1_77' title="bbox 1700 3161 3277 3233">
    <p class='ocr_par' dir='ltr' id='par_1_77' title="bbox 1700 3161 3277 3233">
     <span class='ocr_line' id='line_1_77' title="bbox 1700 3161 3277 3233; baseline 0 -19"><span class='ocrx_word' id='word_1_642' title='bbox 1700 3162 1796 3215; x_wconf 92' lang='lat' dir='ltr'><strong>tibi</strong></span> <span class='ocrx_word' id='word_1_643' title='bbox 1832 3162 2059 3216; x_wconf 89' lang='lat' dir='ltr'><strong>infrenis</strong></span> <span class='ocrx_word' id='word_1_644' title='bbox 2091 3161 2201 3233; x_wconf 82' lang='lat'><strong>(95)</strong></span> <span class='ocrx_word' id='word_1_645' title='bbox 2224 3172 2278 3216; x_wconf 90' lang='lat' dir='ltr'><strong>et</strong></span> <span class='ocrx_word' id='word_1_646' title='bbox 2309 3163 2428 3216; x_wconf 91' lang='lat' dir='ltr'><strong>sine</strong></span> <span class='ocrx_word' id='word_1_647' title='bbox 2459 3163 2550 3216; x_wconf 89' lang='lat' dir='ltr'><strong>Dei</strong></span> <span class='ocrx_word' id='word_1_648' title='bbox 2579 3164 2773 3217; x_wconf 86' lang='lat' dir='ltr'><strong>timore</strong></span> <span class='ocrx_word' id='word_1_649' title='bbox 2812 3164 3042 3216; x_wconf 87' lang='lat' dir='ltr'><strong>vivendo</strong></span> <span class='ocrx_word' id='word_1_650' title='bbox 3075 3163 3277 3232; x_wconf 62' lang='lat' dir='ltr'><strong>quaesi-</strong></span> 
     </span>
    </p>
   </div>
   <div class='ocr_carea' id='block_1_78' title="bbox 1701 3253 3274 3324">
    <p class='ocr_par' dir='ltr' id='par_1_78' title="bbox 1701 3253 3274 3324">
     <span class='ocr_line' id='line_1_78' title="bbox 1701 3253 3274 3324; baseline 0 -18"><span class='ocrx_word' id='word_1_651' title='bbox 1701 3254 1792 3318; x_wconf 90' lang='lat' dir='ltr'><strong>sti,</strong></span> <span class='ocrx_word' id='word_1_652' title='bbox 1833 3254 1973 3307; x_wconf 89' lang='lat' dir='ltr'><strong>etin</strong></span> <span class='ocrx_word' id='word_1_653' title='bbox 2004 3255 2142 3308; x_wconf 90' lang='lat' dir='ltr'><strong>alios</strong></span> <span class='ocrx_word' id='word_1_654' title='bbox 2175 3255 2445 3324; x_wconf 86' lang='lat' dir='ltr'><strong>irrogctur</strong></span> <span class='ocrx_word' id='word_1_655' title='bbox 2482 3253 2627 3308; x_wconf 87' lang='lat' dir='ltr'><strong>utilis</strong></span> <span class='ocrx_word' id='word_1_656' title='bbox 2667 3265 2722 3308; x_wconf 90' lang='lat' dir='ltr'><strong>et</strong></span> <span class='ocrx_word' id='word_1_657' title='bbox 2764 3254 3045 3309; x_wconf 84' lang='lat' dir='ltr'><strong>fructuosa</strong></span> <span class='ocrx_word' id='word_1_658' title='bbox 3086 3266 3274 3308; x_wconf 84' lang='lat' dir='ltr'><strong>corre-</strong></span> 
     </span>
    </p>
   </div>
   <div class='ocr_carea' id='block_1_79' title="bbox 1698 3343 3279 3416">
    <p class='ocr_par' dir='ltr' id='par_1_79' title="bbox 1698 3343 3279 3416">
     <span class='ocr_line' id='line_1_79' title="bbox 1698 3343 3279 3416; baseline 0 -18"><span class='ocrx_word' id='word_1_659' title='bbox 1698 3346 1827 3409; x_wconf 91' lang='lat' dir='ltr'><strong>ctio,</strong></span> <span class='ocrx_word' id='word_1_660' title='bbox 1863 3357 1920 3400; x_wconf 89' lang='lat' dir='ltr'><strong>et</strong></span> <span class='ocrx_word' id='word_1_661' title='bbox 1949 3346 2000 3398; x_wconf 93' lang='lat' dir='ltr'><strong>in</strong></span> <span class='ocrx_word' id='word_1_662' title='bbox 2025 3355 2077 3400; x_wconf 90' lang='lat' dir='ltr'><strong>te</strong></span> <span class='ocrx_word' id='word_1_663' title='bbox 2097 3348 2271 3416; x_wconf 90' lang='lat' dir='ltr'><strong>ipsum</strong></span> <span class='ocrx_word' id='word_1_664' title='bbox 2296 3347 2362 3400; x_wconf 89' lang='lat' dir='ltr'><strong>ad</strong></span> <span class='ocrx_word' id='word_1_665' title='bbox 2391 3347 2726 3414; x_wconf 84' lang='lat' dir='ltr'><strong>posteritatis</strong></span> <span class='ocrx_word' id='word_1_666' title='bbox 2753 3347 3059 3415; x_wconf 84' lang='lat' dir='ltr'><strong>exemplum</strong></span> <span class='ocrx_word' id='word_1_667' title='bbox 3102 3343 3279 3398; x_wconf 86' lang='lat' dir='ltr'><strong>famo-</strong></span> 
     </span>
    </p>
   </div>
   <div class='ocr_carea' id='block_1_80' title="bbox 1696 3437 3274 3505">
    <p class='ocr_par' dir='ltr' id='par_1_80' title="bbox 1696 3437 3274 3505">
     <span class='ocr_line' id='line_1_80' title="bbox 1696 3437 3274 3505; baseline -0.003 -13"><span class='ocrx_word' id='word_1_668' title='bbox 1696 3437 1946 3492; x_wconf 77' lang='lat' dir='ltr'><strong>sissimas</strong></span> <span class='ocrx_word' id='word_1_669' title='bbox 1983 3438 2299 3492; x_wconf 87' lang='lat' dir='ltr'><strong>conferatur</strong></span> <span class='ocrx_word' id='word_1_670' title='bbox 2347 3437 2621 3492; x_wconf 90' lang='lat' dir='ltr'><strong>interitus.</strong></span> <span class='ocrx_word' id='word_1_671' title='bbox 2673 3440 2827 3505; x_wconf 89' lang='lat' dir='ltr'><strong>Quod</strong></span> <span class='ocrx_word' id='word_1_672' title='bbox 2868 3447 3047 3490; x_wconf 88' lang='lat' dir='ltr'><strong>autem</strong></span> <span class='ocrx_word' id='word_1_673' title='bbox 3103 3437 3274 3498; x_wconf 90' lang='lat' dir='ltr'><strong>dicit,</strong></span> 
     </span>
    </p>
   </div>
   <div class='ocr_carea' id='block_1_81' title="bbox 1702 3527 3267 3600">
    <p class='ocr_par' dir='ltr' id='par_1_81' title="bbox 1702 3527 3267 3600">
     <span class='ocr_line' id='line_1_81' title="bbox 1702 3527 3267 3600; baseline 0 -19"><span class='ocrx_word' id='word_1_674' title='bbox 1702 3548 1720 3581; x_wconf 78' lang='grc' dir='ltr'><strong>ι</strong></span> <span class='ocrx_word' id='word_1_675' title='bbox 1742 3529 1878 3596; x_wconf 81' lang='lat' dir='ltr'><strong>Ergo</strong></span> <span class='ocrx_word' id='word_1_676' title='bbox 1893 3528 2101 3600; x_wconf 71' lang='grc' dir='ltr'>(94)(ῑυί</span> <span class='ocrx_word' id='word_1_677' title='bbox 2123 3530 2234 3581; x_wconf 90' lang='lat' dir='ltr'><strong>vult</strong></span> <span class='ocrx_word' id='word_1_678' title='bbox 2253 3530 2562 3594; x_wconf 90' lang='lat' dir='ltr'><strong>miseretur,</strong></span> <span class='ocrx_word' id='word_1_679' title='bbox 2581 3539 2637 3584; x_wconf 88' lang='lat' dir='ltr'><strong>et</strong></span> <span class='ocrx_word' id='word_1_680' title='bbox 2653 3544 2815 3598; x_wconf 92' lang='lat' dir='ltr'><strong>quem</strong></span> <span class='ocrx_word' id='word_1_681' title='bbox 2836 3529 2950 3582; x_wconf 81' lang='lat' dir='ltr'><strong>vult</strong></span> <span class='ocrx_word' id='word_1_682' title='bbox 2975 3527 3213 3594; x_wconf 88' lang='lat' dir='ltr'><strong>indurat,</strong></span> <span class='ocrx_word' id='word_1_683' title='bbox 3247 3547 3267 3581; x_wconf 69' lang='grc' dir='ltr'><strong>ι</strong></span> 
     </span>
    </p>
   </div>
   <div class='ocr_carea' id='block_1_82' title="bbox 1695 3619 3271 3689">
    <p class='ocr_par' dir='ltr' id='par_1_82' title="bbox 1695 3619 3271 3689">
     <span class='ocr_line' id='line_1_82' title="bbox 1695 3619 3271 3689; baseline -0.001 -15"><span class='ocrx_word' id='word_1_684' title='bbox 1695 3635 1760 3674; x_wconf 77' lang='lat' dir='ltr'><strong>ex</strong></span> <span class='ocrx_word' id='word_1_685' title='bbox 1789 3619 1872 3673; x_wconf 91' lang='lat' dir='ltr'><strong>his</strong></span> <span class='ocrx_word' id='word_1_686' title='bbox 1906 3635 2025 3688; x_wconf 77' lang='lat' dir='ltr'><strong>qua:</strong></span> <span class='ocrx_word' id='word_1_687' title='bbox 2056 3621 2108 3672; x_wconf 93' lang='lat' dir='ltr'><strong>in</strong></span> <span class='ocrx_word' id='word_1_688' title='bbox 2133 3620 2320 3674; x_wconf 73' lang='lat' dir='ltr'><strong>Exodo</strong></span> <span class='ocrx_word' id='word_1_689' title='bbox 2344 3621 2547 3689; x_wconf 89' lang='lat' dir='ltr'><strong>scripta</strong></span> <span class='ocrx_word' id='word_1_690' title='bbox 2571 3629 2696 3674; x_wconf 91' lang='lat' dir='ltr'><strong>sunt</strong></span> <span class='ocrx_word' id='word_1_691' title='bbox 2726 3622 2943 3674; x_wconf 83' lang='lat' dir='ltr'><strong>videtur</strong></span> <span class='ocrx_word' id='word_1_692' title='bbox 2971 3635 3271 3674; x_wconf 89' lang='lat' dir='ltr'><strong>assumere.</strong></span> 
     </span>
    </p>
   </div>
   <div class='ocr_carea' id='block_1_83' title="bbox 1696 3709 3275 3774">
    <p class='ocr_par' dir='ltr' id='par_1_83' title="bbox 1696 3709 3275 3774">
     <span class='ocr_line' id='line_1_83' title="bbox 1696 3709 3275 3774; baseline -0.001 -12"><span class='ocrx_word' id='word_1_693' title='bbox 1696 3709 1768 3762; x_wconf 84' lang='lat' dir='ltr'><strong>ibi</strong></span> <span class='ocrx_word' id='word_1_694' title='bbox 1798 3711 1943 3764; x_wconf 87' lang='lat' dir='ltr'><strong>enim</strong></span> <span class='ocrx_word' id='word_1_695' title='bbox 1987 3711 2162 3764; x_wconf 85' lang='lat' dir='ltr'><strong>dicit:</strong></span> <span class='ocrx_word' id='word_1_696' title='bbox 2201 3729 2220 3761; x_wconf 72' lang='grc' dir='ltr'><strong>ι</strong></span> <span class='ocrx_word' id='word_1_697' title='bbox 2272 3710 2537 3764; x_wconf 88' lang='lat' dir='ltr'><strong>lnduraho</strong></span> <span class='ocrx_word' id='word_1_698' title='bbox 2575 3725 2672 3765; x_wconf 90' lang='lat' dir='ltr'><strong>cor</strong></span> <span class='ocrx_word' id='word_1_699' title='bbox 2696 3710 3033 3774; x_wconf 86' lang='lat' dir='ltr'><strong>Pharaonis,</strong></span> <span class='ocrx_word' id='word_1_700' title='bbox 3079 3711 3154 3762; x_wconf 92' lang='lat' dir='ltr'><strong>uti</strong></span> <span class='ocrx_word' id='word_1_701' title='bbox 3204 3726 3275 3761; x_wconf 87' lang='lat' dir='ltr'><strong>ne</strong></span> 
     </span>
    </p>
   </div>
   <div class='ocr_carea' id='block_1_84' title="bbox 1695 3799 3274 3872">
    <p class='ocr_par' dir='ltr' id='par_1_84' title="bbox 1695 3799 3274 3872">
     <span class='ocr_line' id='line_1_84' title="bbox 1695 3799 3274 3872; baseline 0.001 -20"><span class='ocrx_word' id='word_1_702' title='bbox 1695 3801 1930 3853; x_wconf 90' lang='lat' dir='ltr'><strong>dimittat</strong></span> <span class='ocrx_word' id='word_1_703' title='bbox 1957 3799 2212 3870; x_wconf 77' lang='lat' dir='ltr'><strong>populum</strong></span> <span class='ocrx_word' id='word_1_704' title='bbox 2260 3801 2324 3855; x_wconf 83' lang='grc'><strong>²¹.</strong></span> <span class='ocrx_word' id='word_1_705' title='bbox 2367 3823 2386 3857; x_wconf 75' lang='grc' dir='ltr'><strong>ι</strong></span> <span class='ocrx_word' id='word_1_706' title='bbox 2456 3801 2813 3855; x_wconf 83' lang='lat' dir='ltr'><strong>lndnrabatur</strong></span> <span class='ocrx_word' id='word_1_707' title='bbox 2836 3813 3012 3855; x_wconf 91' lang='lat' dir='ltr'><strong>autem</strong></span> <span class='ocrx_word' id='word_1_708' title='bbox 3048 3800 3158 3872; x_wconf 79' lang='lat'><strong>(95)</strong></span> <span class='ocrx_word' id='word_1_709' title='bbox 3179 3815 3274 3854; x_wconf 90' lang='lat' dir='ltr'><strong>cor</strong></span> 
     </span>
    </p>
   </div>
   <div class='ocr_carea' id='block_1_85' title="bbox 1692 3892 3268 3948">
    <p class='ocr_par' dir='ltr' id='par_1_85' title="bbox 1692 3892 3268 3948">
     <span class='ocr_line' id='line_1_85' title="bbox 1692 3892 3268 3948; baseline -0.001 -2"><span class='ocrx_word' id='word_1_710' title='bbox 1692 3892 1996 3947; x_wconf 86' lang='lat' dir='ltr'><strong>Pharaonis</strong></span> <span class='ocrx_word' id='word_1_711' title='bbox 2037 3895 2138 3948; x_wconf 87' lang='lat' dir='ltr'><strong>hoc</strong></span> <span class='ocrx_word' id='word_1_712' title='bbox 2180 3896 2363 3947; x_wconf 91' lang='lat' dir='ltr'><strong>modo.</strong></span> <span class='ocrx_word' id='word_1_713' title='bbox 2405 3893 2586 3946; x_wconf 90' lang='lat' dir='ltr'><strong>Noluit</strong></span> <span class='ocrx_word' id='word_1_714' title='bbox 2623 3893 2764 3946; x_wconf 88' lang='lat' dir='ltr'><strong>Deus</strong></span> <span class='ocrx_word' id='word_1_715' title='bbox 2794 3893 2846 3946; x_wconf 94' lang='lat' dir='ltr'><strong>in</strong></span> <span class='ocrx_word' id='word_1_716' title='bbox 2878 3907 3001 3944; x_wconf 93' lang='lat' dir='ltr'><strong>eum</strong></span> <span class='ocrx_word' id='word_1_717' title='bbox 3033 3893 3268 3945; x_wconf 88' lang='lat' dir='ltr'><strong>subitam</strong></span> 
     </span>
    </p>
   </div>
   <div class='ocr_carea' id='block_1_86' title="bbox 1692 3975 3268 4054">
    <p class='ocr_par' dir='ltr' id='par_1_86' title="bbox 1692 3975 3268 4054">
     <span class='ocr_line' id='line_1_86' title="bbox 1692 3975 3268 4054; baseline -0.002 -16"><span class='ocrx_word' id='word_1_718' title='bbox 1692 3997 1744 4038; x_wconf 88' lang='lat' dir='ltr'><strong>et</strong></span> <span class='ocrx_word' id='word_1_719' title='bbox 1771 3985 1983 4054; x_wconf 83' lang='lat' dir='ltr'><strong>plenam</strong></span> <span class='ocrx_word' id='word_1_720' title='bbox 2007 3989 2134 4038; x_wconf 88' lang='lat' dir='ltr'><strong>dare</strong></span> <span class='ocrx_word' id='word_1_721' title='bbox 2165 3975 2483 4038; x_wconf 58' lang='lat' dir='ltr'><strong>vindictam.</strong></span> <span class='ocrx_word' id='word_1_722' title='bbox 2514 3983 2778 4050; x_wconf 85' lang='lat' dir='ltr'><strong>Quamvis</strong></span> <span class='ocrx_word' id='word_1_723' title='bbox 2806 3982 2949 4037; x_wconf 88' lang='lat' dir='ltr'><strong>enim</strong></span> <span class='ocrx_word' id='word_1_724' title='bbox 2968 3993 3268 4038; x_wconf 78' lang='lat' dir='ltr'><strong>essetcon-</strong></span> 
     </span>
    </p>
   </div>
   <div class='ocr_carea' id='block_1_87' title="bbox 1692 4077 3265 4146">
    <p class='ocr_par' dir='ltr' id='par_1_87' title="bbox 1692 4077 3265 4146">
     <span class='ocr_line' id='line_1_87' title="bbox 1692 4077 3265 4146; baseline -0.001 -14"><span class='ocrx_word' id='word_1_725' title='bbox 1692 4087 1974 4132; x_wconf 65' lang='lat' dir='ltr'><strong>summatm</strong></span> <span class='ocrx_word' id='word_1_726' title='bbox 2037 4077 2292 4141; x_wconf 71' lang='lat' dir='ltr'><strong>malitiae,</strong></span> <span class='ocrx_word' id='word_1_727' title='bbox 2350 4088 2524 4130; x_wconf 87' lang='lat' dir='ltr'><strong>tamen</strong></span> <span class='ocrx_word' id='word_1_728' title='bbox 2577 4092 2672 4145; x_wconf 92' lang='lat' dir='ltr'><strong>per</strong></span> <span class='ocrx_word' id='word_1_729' title='bbox 2731 4077 3050 4146; x_wconf 87' lang='lat' dir='ltr'><strong>patientiam</strong></span> <span class='ocrx_word' id='word_1_730' title='bbox 3106 4093 3265 4132; x_wconf 87' lang='lat' dir='ltr'><strong>suam</strong></span> 
     </span>
    </p>
   </div>
   <div class='ocr_carea' id='block_1_88' title="bbox 1693 4167 3268 4238">
    <p class='ocr_par' dir='ltr' id='par_1_88' title="bbox 1693 4167 3268 4238">
     <span class='ocr_line' id='line_1_88' title="bbox 1693 4167 3268 4238; baseline -0.002 -16"><span class='ocrx_word' id='word_1_731' title='bbox 1693 4169 1833 4222; x_wconf 89' lang='lat' dir='ltr'><strong>Deus</strong></span> <span class='ocrx_word' id='word_1_732' title='bbox 1864 4169 1975 4237; x_wconf 81' lang='grc'>(96)</span> <span class='ocrx_word' id='word_1_733' title='bbox 2010 4185 2108 4224; x_wconf 90' lang='lat' dir='ltr'><strong>nec</strong></span> <span class='ocrx_word' id='word_1_734' title='bbox 2134 4169 2233 4238; x_wconf 89' lang='lat' dir='ltr'><strong>ipsi</strong></span> <span class='ocrx_word' id='word_1_735' title='bbox 2259 4168 2574 4222; x_wconf 87' lang='lat' dir='ltr'><strong>facultatem</strong></span> <span class='ocrx_word' id='word_1_736' title='bbox 2609 4167 2987 4223; x_wconf 87' lang='lat' dir='ltr'><strong>conversionis</strong></span> <span class='ocrx_word' id='word_1_737' title='bbox 3018 4167 3268 4221; x_wconf 76' lang='lat' dir='ltr'><strong>excluse-</strong></span> 
     </span>
    </p>
   </div>
   <div class='ocr_carea' id='block_1_89' title="bbox 1693 4259 3266 4329">
    <p class='ocr_par' dir='ltr' id='par_1_89' title="bbox 1693 4259 3266 4329">
     <span class='ocr_line' id='line_1_89' title="bbox 1693 4259 3266 4329; baseline -0.001 -15"><span class='ocrx_word' id='word_1_738' title='bbox 1693 4271 1775 4314; x_wconf 89' lang='lat' dir='ltr'><strong>rat</strong></span> <span class='ocrx_word' id='word_1_739' title='bbox 1803 4277 1818 4312; x_wconf 88' lang='lat'><strong>:</strong></span> <span class='ocrx_word' id='word_1_740' title='bbox 1843 4271 1894 4314; x_wconf 91' lang='lat' dir='ltr'><strong>et</strong></span> <span class='ocrx_word' id='word_1_741' title='bbox 1925 4261 2044 4314; x_wconf 89' lang='lat' dir='ltr'><strong>ideo</strong></span> <span class='ocrx_word' id='word_1_742' title='bbox 2081 4261 2255 4329; x_wconf 92' lang='lat' dir='ltr'><strong>primo</strong></span> <span class='ocrx_word' id='word_1_743' title='bbox 2285 4261 2610 4328; x_wconf 89' lang='lat' dir='ltr'><strong>lenioribus,</strong></span> <span class='ocrx_word' id='word_1_744' title='bbox 2658 4271 2772 4316; x_wconf 90' lang='lat' dir='ltr'><strong>tum</strong></span> <span class='ocrx_word' id='word_1_745' title='bbox 2800 4259 2967 4315; x_wconf 89' lang='lat' dir='ltr'><strong>etiam</strong></span> <span class='ocrx_word' id='word_1_746' title='bbox 3006 4259 3266 4329; x_wconf 87' lang='lat' dir='ltr'><strong>paulatim</strong></span> 
     </span>
    </p>
   </div>
   <div class='ocr_carea' id='block_1_90' title="bbox 1692 4349 3270 4419">
    <p class='ocr_par' dir='ltr' id='par_1_90' title="bbox 1692 4349 3270 4419">
     <span class='ocr_line' id='line_1_90' title="bbox 1692 4349 3270 4419; baseline 0.001 -16"><span class='ocrx_word' id='word_1_747' title='bbox 1692 4349 2199 4417; x_wconf 84' lang='lat' dir='ltr'><strong>ingravescentibus</strong></span> <span class='ocrx_word' id='word_1_748' title='bbox 2225 4352 2277 4404; x_wconf 92' lang='lat' dir='ltr'><strong>in</strong></span> <span class='ocrx_word' id='word_1_749' title='bbox 2300 4367 2422 4405; x_wconf 91' lang='lat' dir='ltr'><strong>eum</strong></span> <span class='ocrx_word' id='word_1_750' title='bbox 2453 4353 2772 4407; x_wconf 84' lang='lat' dir='ltr'><strong>verberibus</strong></span> <span class='ocrx_word' id='word_1_751' title='bbox 2809 4352 2978 4404; x_wconf 93' lang='lat' dir='ltr'><strong>utitur</strong></span> <span class='ocrx_word' id='word_1_752' title='bbox 3009 4349 3141 4419; x_wconf 75' lang='lat'><strong>(97).</strong></span> <span class='ocrx_word' id='word_1_753' title='bbox 3163 4351 3270 4404; x_wconf 87' lang='lat' dir='ltr'><strong>Sed</strong></span> 
     </span>
    </p>
   </div>
   <div class='ocr_carea' id='block_1_91' title="bbox 1691 4441 3271 4513">
    <p class='ocr_par' dir='ltr' id='par_1_91' title="bbox 1691 4441 3271 4513">
     <span class='ocr_line' id='line_1_91' title="bbox 1691 4441 3271 4513; baseline 0.002 -20"><span class='ocrx_word' id='word_1_754' title='bbox 1691 4443 1833 4512; x_wconf 90' lang='lat' dir='ltr'><strong>quod</strong></span> <span class='ocrx_word' id='word_1_755' title='bbox 1869 4441 2007 4496; x_wconf 92' lang='lat' dir='ltr'><strong>Deus</strong></span> <span class='ocrx_word' id='word_1_756' title='bbox 2029 4443 2252 4512; x_wconf 84' lang='lat' dir='ltr'><strong>gerebat</strong></span> <span class='ocrx_word' id='word_1_757' title='bbox 2282 4458 2378 4513; x_wconf 90' lang='lat' dir='ltr'><strong>per</strong></span> <span class='ocrx_word' id='word_1_758' title='bbox 2405 4445 2748 4512; x_wconf 85' lang='lat' dir='ltr'><strong>patientiam,</strong></span> <span class='ocrx_word' id='word_1_759' title='bbox 2776 4459 2844 4498; x_wconf 81' lang='lat' dir='ltr'><strong>ex</strong></span> <span class='ocrx_word' id='word_1_760' title='bbox 2877 4442 3086 4497; x_wconf 91' lang='lat' dir='ltr'><strong>hocille</strong></span> <span class='ocrx_word' id='word_1_761' title='bbox 3115 4443 3271 4496; x_wconf 84' lang='lat' dir='ltr'><strong>indu-</strong></span> 
     </span>
    </p>
   </div>
   <div class='ocr_carea' id='block_1_92' title="bbox 2555 4604 3238 4669">
    <p class='ocr_par' dir='ltr' id='par_1_92' title="bbox 2555 4604 3238 4669">
     <span class='ocr_line' id='line_1_92' title="bbox 2555 4604 3238 4669; baseline -0.01 -6"><span class='ocrx_word' id='word_1_762' title='bbox 2555 4609 2600 4642; x_wconf 79' lang='lat'><strong>&quot;</strong></span> <span class='ocrx_word' id='word_1_763' title='bbox 2631 4606 2761 4665; x_wconf 85' lang='lat' dir='ltr'><strong>ibid.</strong></span> <span class='ocrx_word' id='word_1_764' title='bbox 2787 4610 2829 4642; x_wconf 86' lang='grc'>¹¹</span> <span class='ocrx_word' id='word_1_765' title='bbox 2858 4606 3025 4662; x_wconf 80' lang='lat' dir='ltr'><strong>Exod.</strong></span> <span class='ocrx_word' id='word_1_766' title='bbox 3054 4621 3126 4669; x_wconf 90' lang='lat' dir='ltr'><strong>Iv,</strong></span> <span class='ocrx_word' id='word_1_767' title='bbox 3149 4604 3238 4657; x_wconf 69' lang='lat'><strong>9|.</strong></span> 
     </span>
    </p>
   </div>
   <div class='ocr_carea' id='block_1_93' title="bbox 79 4767 3262 4842">
    <p class='ocr_par' dir='ltr' id='par_1_93' title="bbox 79 4767 3262 4842">
     <span class='ocr_line' id='line_1_93' title="bbox 79 4767 3262 4842; baseline 0.002 -23"><span class='ocrx_word' id='word_1_768' title='bbox 79 4769 182 4835; x_wconf 78' lang='lat'><strong>(85)</strong></span> <span class='ocrx_word' id='word_1_769' title='bbox 223 4769 391 4842; x_wconf 75' lang='lat' dir='ltr'><strong>Alias.</strong></span> <span class='ocrx_word' id='word_1_770' title='bbox 426 4787 444 4818; x_wconf 70' lang='grc' dir='ltr'><strong>ι</strong></span> <span class='ocrx_word' id='word_1_771' title='bbox 477 4785 573 4822; x_wconf 75' lang='lat' dir='ltr'><strong>nec</strong></span> <span class='ocrx_word' id='word_1_772' title='bbox 609 4769 805 4822; x_wconf 83' lang='lat' dir='ltr'><strong>haheat</strong></span> <span class='ocrx_word' id='word_1_773' title='bbox 832 4770 1204 4837; x_wconf 82' lang='lat' dir='ltr'><strong>unusquisque</strong></span> <span class='ocrx_word' id='word_1_774' title='bbox 1232 4771 1314 4822; x_wconf 85' lang='lat' dir='ltr'><strong>sui</strong></span> <span class='ocrx_word' id='word_1_775' title='bbox 1343 4780 1580 4839; x_wconf 84' lang='lat' dir='ltr'><strong>potesta-</strong></span> <span class='ocrx_word' id='word_1_776' title='bbox 1609 4773 1655 4828; x_wconf 90' lang='lat' dir='ltr'><strong>D</strong></span> <span class='ocrx_word' id='word_1_777' title='bbox 1759 4767 1870 4838; x_wconf 68' lang='lat'><strong>(&#39;89)</strong></span> <span class='ocrx_word' id='word_1_778' title='bbox 1911 4767 2047 4822; x_wconf 86' lang='lat' dir='ltr'><strong>Editi</strong></span> <span class='ocrx_word' id='word_1_779' title='bbox 2081 4781 2137 4842; x_wconf 86' lang='lat' dir='ltr'><strong>et</strong></span> <span class='ocrx_word' id='word_1_780' title='bbox 2179 4786 2310 4842; x_wconf 84' lang='lat' dir='ltr'><strong>mss.</strong></span> <span class='ocrx_word' id='word_1_781' title='bbox 2356 4771 2558 4839; x_wconf 90' lang='lat' dir='ltr'><strong>plures,</strong></span> <span class='ocrx_word' id='word_1_782' title='bbox 2587 4791 2604 4822; x_wconf 76' lang='grc' dir='ltr'><strong>ι</strong></span> <span class='ocrx_word' id='word_1_783' title='bbox 2643 4774 2913 4826; x_wconf 88' lang='lat' dir='ltr'><strong>nntriendi</strong></span> <span class='ocrx_word' id='word_1_784' title='bbox 2965 4775 3200 4842; x_wconf 83' lang='lat' dir='ltr'><strong>pecoris.</strong></span> <span class='ocrx_word' id='word_1_785' title='bbox 3239 4791 3262 4826; x_wconf 75' lang='grc' dir='ltr'><strong>ι</strong></span> 
     </span>
    </p>
   </div>
   <div class='ocr_carea' id='block_1_94' title="bbox 23 4839 697 4900">
    <p class='ocr_par' dir='ltr' id='par_1_94' title="bbox 23 4839 697 4900">
     <span class='ocr_line' id='line_1_94' title="bbox 23 4839 697 4900; baseline 0 -10"><span class='ocrx_word' id='word_1_786' title='bbox 23 4847 113 4890; x_wconf 78' lang='lat' dir='ltr'><strong>tein</strong></span> <span class='ocrx_word' id='word_1_787' title='bbox 156 4851 210 4890; x_wconf 91' lang='lat' dir='ltr'><strong>nt</strong></span> <span class='ocrx_word' id='word_1_788' title='bbox 249 4839 507 4900; x_wconf 84' lang='lat' dir='ltr'><strong>salvetur,</strong></span> <span class='ocrx_word' id='word_1_789' title='bbox 545 4859 562 4889; x_wconf 72' lang='grc' dir='ltr'><strong>ι</strong></span> <span class='ocrx_word' id='word_1_790' title='bbox 592 4849 697 4892; x_wconf 72' lang='lat' dir='ltr'><strong>etc.</strong></span> 
     </span>
    </p>
   </div>
   <div class='ocr_carea' id='block_1_95' title="bbox 80 4907 1226 4978">
    <p class='ocr_par' dir='ltr' id='par_1_95' title="bbox 80 4907 1226 4978">
     <span class='ocr_line' id='line_1_95' title="bbox 80 4907 1226 4978; baseline 0.006 -22"><span class='ocrx_word' id='word_1_791' title='bbox 80 4910 184 4966; x_wconf 70' lang='grc'>(84)</span> <span class='ocrx_word' id='word_1_792' title='bbox 226 4909 362 4961; x_wconf 82' lang='lat' dir='ltr'><strong>Vide</strong></span> <span class='ocrx_word' id='word_1_793' title='bbox 390 4907 481 4962; x_wconf 90' lang='lat' dir='ltr'><strong>lib.</strong></span> <span class='ocrx_word' id='word_1_794' title='bbox 515 4924 573 4962; x_wconf 85' lang='lat' dir='ltr'><strong>III</strong></span> <span class='ocrx_word' id='word_1_795' title='bbox 605 4908 742 4976; x_wconf 77' lang='grc' dir='ltr'><strong>Περὶ</strong></span> <span class='ocrx_word' id='word_1_796' title='bbox 776 4907 996 4976; x_wconf 74' lang='grc' dir='ltr'><strong>ἀρχῶν,</strong></span> <span class='ocrx_word' id='word_1_797' title='bbox 1024 4924 1145 4978; x_wconf 80' lang='lat' dir='ltr'><strong>cap.</strong></span> <span class='ocrx_word' id='word_1_798' title='bbox 1175 4909 1226 4963; x_wconf 82' lang='lat' dir='ltr'><strong>l.</strong></span> 
     </span>
    </p>
   </div>
   <div class='ocr_carea' id='block_1_96' title="bbox 79 4979 1584 5048">
    <p class='ocr_par' dir='ltr' id='par_1_96' title="bbox 79 4979 1584 5048">
     <span class='ocr_line' id='line_1_96' title="bbox 79 4979 1584 5048; baseline 0.003 -19"><span class='ocrx_word' id='word_1_799' title='bbox 79 4980 185 5048; x_wconf 74' lang='lat'><strong>(85)</strong></span> <span class='ocrx_word' id='word_1_800' title='bbox 225 4979 394 5048; x_wconf 86' lang='lat' dir='ltr'><strong>Editi,</strong></span> <span class='ocrx_word' id='word_1_801' title='bbox 427 4996 442 5028; x_wconf 87' lang='grc' dir='ltr'><strong>ι</strong></span> <span class='ocrx_word' id='word_1_802' title='bbox 478 4988 737 5047; x_wconf 89' lang='lat' dir='ltr'><strong>quantum</strong></span> <span class='ocrx_word' id='word_1_803' title='bbox 763 4990 846 5033; x_wconf 85' lang='lat' dir='ltr'><strong>est</strong></span> <span class='ocrx_word' id='word_1_804' title='bbox 876 4982 926 5032; x_wconf 94' lang='lat' dir='ltr'><strong>in</strong></span> <span class='ocrx_word' id='word_1_805' title='bbox 964 4981 1200 5043; x_wconf 88' lang='lat' dir='ltr'><strong>homine,</strong></span> <span class='ocrx_word' id='word_1_806' title='bbox 1235 4979 1342 5032; x_wconf 86' lang='lat' dir='ltr'><strong>vim</strong></span> <span class='ocrx_word' id='word_1_807' title='bbox 1378 4981 1584 5034; x_wconf 85' lang='lat' dir='ltr'><strong>sollici-</strong></span> 
     </span>
    </p>
   </div>
   <div class='ocr_carea' id='block_1_97' title="bbox 21 5047 1580 5116">
    <p class='ocr_par' dir='ltr' id='par_1_97' title="bbox 21 5047 1580 5116">
     <span class='ocr_line' id='line_1_97' title="bbox 21 5047 1580 5116; baseline 0.006 -20"><span class='ocrx_word' id='word_1_808' title='bbox 21 5047 206 5102; x_wconf 83' lang='lat' dir='ltr'><strong>tudinis</strong></span> <span class='ocrx_word' id='word_1_809' title='bbox 226 5059 281 5101; x_wconf 91' lang='lat' dir='ltr'><strong>et</strong></span> <span class='ocrx_word' id='word_1_810' title='bbox 329 5047 528 5102; x_wconf 90' lang='lat' dir='ltr'><strong>laboris</strong></span> <span class='ocrx_word' id='word_1_811' title='bbox 552 5051 822 5116; x_wconf 82' lang='lat' dir='ltr'><strong>expendat</strong></span> <span class='ocrx_word' id='word_1_812' title='bbox 848 5066 862 5114; x_wconf 91' lang='lat'><strong>;</strong></span> <span class='ocrx_word' id='word_1_813' title='bbox 895 5051 1037 5104; x_wconf 87' lang='lat' dir='ltr'><strong>sicut</strong></span> <span class='ocrx_word' id='word_1_814' title='bbox 1071 5051 1367 5106; x_wconf 86' lang='lat' dir='ltr'><strong>obstaculis</strong></span> <span class='ocrx_word' id='word_1_815' title='bbox 1395 5054 1580 5105; x_wconf 90' lang='lat' dir='ltr'><strong>omni-</strong></span> 
     </span>
    </p>
   </div>
   <div class='ocr_carea' id='block_1_98' title="bbox 20 5118 957 5187">
    <p class='ocr_par' dir='ltr' id='par_1_98' title="bbox 20 5118 957 5187">
     <span class='ocr_line' id='line_1_98' title="bbox 20 5118 957 5187; baseline 0.001 -17"><span class='ocrx_word' id='word_1_816' title='bbox 20 5118 106 5171; x_wconf 82' lang='lat' dir='ltr'><strong>bus</strong></span> <span class='ocrx_word' id='word_1_817' title='bbox 131 5119 438 5172; x_wconf 89' lang='lat' dir='ltr'><strong>amotis.....</strong></span> <span class='ocrx_word' id='word_1_818' title='bbox 483 5119 548 5172; x_wconf 90' lang='lat' dir='ltr'><strong>ad</strong></span> <span class='ocrx_word' id='word_1_819' title='bbox 578 5120 898 5187; x_wconf 86' lang='lat' dir='ltr'><strong>perfectum.</strong></span> <span class='ocrx_word' id='word_1_820' title='bbox 939 5138 957 5171; x_wconf 70' lang='grc' dir='ltr'><strong>ι</strong></span> 
     </span>
    </p>
   </div>
   <div class='ocr_carea' id='block_1_99' title="bbox 80 5187 1581 5257">
    <p class='ocr_par' dir='ltr' id='par_1_99' title="bbox 80 5187 1581 5257">
     <span class='ocr_line' id='line_1_99' title="bbox 80 5187 1581 5257; baseline 0.002 -16"><span class='ocrx_word' id='word_1_821' title='bbox 80 5187 186 5256; x_wconf 87' lang='grc'>(86)</span> <span class='ocrx_word' id='word_1_822' title='bbox 225 5189 390 5250; x_wconf 81' lang='lat' dir='ltr'><strong>Editi,</strong></span> <span class='ocrx_word' id='word_1_823' title='bbox 416 5206 434 5239; x_wconf 80' lang='grc' dir='ltr'><strong>ι</strong></span> <span class='ocrx_word' id='word_1_824' title='bbox 471 5190 615 5257; x_wconf 88' lang='lat' dir='ltr'><strong>pium</strong></span> <span class='ocrx_word' id='word_1_825' title='bbox 645 5199 698 5241; x_wconf 89' lang='lat' dir='ltr'><strong>et</strong></span> <span class='ocrx_word' id='word_1_826' title='bbox 746 5189 1058 5256; x_wconf 85' lang='lat' dir='ltr'><strong>religiosum</strong></span> <span class='ocrx_word' id='word_1_827' title='bbox 1091 5199 1196 5254; x_wconf 90' lang='lat' dir='ltr'><strong>est,</strong></span> <span class='ocrx_word' id='word_1_828' title='bbox 1231 5191 1351 5244; x_wconf 88' lang='lat' dir='ltr'><strong>ideo</strong></span> <span class='ocrx_word' id='word_1_829' title='bbox 1387 5200 1440 5244; x_wconf 89' lang='lat' dir='ltr'><strong>et</strong></span> <span class='ocrx_word' id='word_1_830' title='bbox 1482 5191 1581 5244; x_wconf 75' lang='lat' dir='ltr'><strong>bo~</strong></span> 
     </span>
    </p>
   </div>
   <div class='ocr_carea' id='block_1_100' title="bbox 20 5257 1578 5327">
    <p class='ocr_par' dir='ltr' id='par_1_100' title="bbox 20 5257 1578 5327">
     <span class='ocr_line' id='line_1_100' title="bbox 20 5257 1578 5327; baseline 0.004 -19"><span class='ocrx_word' id='word_1_831' title='bbox 20 5273 134 5310; x_wconf 86' lang='lat' dir='ltr'><strong>num</strong></span> <span class='ocrx_word' id='word_1_832' title='bbox 166 5259 308 5322; x_wconf 85' lang='lat' dir='ltr'><strong>quod</strong></span> <span class='ocrx_word' id='word_1_833' title='bbox 342 5257 394 5310; x_wconf 92' lang='lat' dir='ltr'><strong>in</strong></span> <span class='ocrx_word' id='word_1_834' title='bbox 422 5272 479 5312; x_wconf 88' lang='lat' dir='ltr'><strong>se</strong></span> <span class='ocrx_word' id='word_1_835' title='bbox 514 5269 597 5312; x_wconf 88' lang='lat' dir='ltr'><strong>est</strong></span> <span class='ocrx_word' id='word_1_836' title='bbox 621 5259 804 5324; x_wconf 88' lang='lat' dir='ltr'><strong>operis</strong></span> <span class='ocrx_word' id='word_1_837' title='bbox 829 5276 1131 5314; x_wconf 88' lang='lat' dir='ltr'><strong>snmma....</strong></span> <span class='ocrx_word' id='word_1_838' title='bbox 1169 5271 1380 5327; x_wconf 85' lang='lat' dir='ltr'><strong>putare.</strong></span> <span class='ocrx_word' id='word_1_839' title='bbox 1419 5283 1437 5313; x_wconf 71' lang='grc' dir='ltr'><strong>ι</strong></span> <span class='ocrx_word' id='word_1_840' title='bbox 1478 5261 1578 5314; x_wconf 79' lang='lat' dir='ltr'><strong>Ms.</strong></span> 
     </span>
    </p>
   </div>
   <div class='ocr_carea' id='block_1_101' title="bbox 24 5327 1580 5400">
    <p class='ocr_par' dir='ltr' id='par_1_101' title="bbox 24 5327 1580 5400">
     <span class='ocr_line' id='line_1_101' title="bbox 24 5327 1580 5400; baseline 0.006 -24"><span class='ocrx_word' id='word_1_841' title='bbox 24 5342 150 5400; x_wconf 81' lang='lat' dir='ltr'><strong>unus</strong></span> <span class='ocrx_word' id='word_1_842' title='bbox 170 5327 387 5398; x_wconf 79' lang='lat' dir='ltr'><strong>Regius,</strong></span> <span class='ocrx_word' id='word_1_843' title='bbox 427 5346 446 5379; x_wconf 79' lang='grc' dir='ltr'><strong>σ</strong></span> <span class='ocrx_word' id='word_1_844' title='bbox 495 5331 641 5400; x_wconf 89' lang='lat' dir='ltr'><strong>pium</strong></span> <span class='ocrx_word' id='word_1_845' title='bbox 676 5330 861 5396; x_wconf 88' lang='lat' dir='ltr'><strong>utique</strong></span> <span class='ocrx_word' id='word_1_846' title='bbox 891 5342 944 5384; x_wconf 91' lang='lat' dir='ltr'><strong>et</strong></span> <span class='ocrx_word' id='word_1_847' title='bbox 974 5331 1280 5400; x_wconf 86' lang='lat' dir='ltr'><strong>religiosum</strong></span> <span class='ocrx_word' id='word_1_848' title='bbox 1314 5344 1396 5386; x_wconf 89' lang='lat' dir='ltr'><strong>est</strong></span> <span class='ocrx_word' id='word_1_849' title='bbox 1424 5334 1489 5385; x_wconf 92' lang='lat' dir='ltr'><strong>de</strong></span> <span class='ocrx_word' id='word_1_850' title='bbox 1514 5347 1580 5386; x_wconf 87' lang='lat' dir='ltr'><strong>eo</strong></span> 
     </span>
    </p>
   </div>
   <div class='ocr_carea' id='block_1_102' title="bbox 19 5397 1579 5467">
    <p class='ocr_par' dir='ltr' id='par_1_102' title="bbox 19 5397 1579 5467">
     <span class='ocr_line' id='line_1_102' title="bbox 19 5397 1579 5467; baseline 0.006 -21"><span class='ocrx_word' id='word_1_851' title='bbox 19 5406 64 5447; x_wconf 86' lang='lat' dir='ltr'><strong>et</strong></span> <span class='ocrx_word' id='word_1_852' title='bbox 92 5397 303 5451; x_wconf 84' lang='lat' dir='ltr'><strong>homine</strong></span> <span class='ocrx_word' id='word_1_853' title='bbox 340 5400 480 5466; x_wconf 88' lang='lat' dir='ltr'><strong>quod</strong></span> <span class='ocrx_word' id='word_1_854' title='bbox 527 5399 578 5451; x_wconf 94' lang='lat' dir='ltr'><strong>in</strong></span> <span class='ocrx_word' id='word_1_855' title='bbox 629 5415 688 5452; x_wconf 90' lang='lat' dir='ltr'><strong>se</strong></span> <span class='ocrx_word' id='word_1_856' title='bbox 719 5403 896 5466; x_wconf 80' lang='lat' dir='ltr'><strong>agitur</strong></span> <span class='ocrx_word' id='word_1_857' title='bbox 925 5397 1109 5467; x_wconf 75' lang='lat' dir='ltr'><strong>Opere,</strong></span> <span class='ocrx_word' id='word_1_858' title='bbox 1157 5417 1426 5454; x_wconf 85' lang='lat' dir='ltr'><strong>summam</strong></span> <span class='ocrx_word' id='word_1_859' title='bbox 1472 5405 1579 5456; x_wconf 89' lang='lat' dir='ltr'><strong>Deo</strong></span> 
     </span>
    </p>
   </div>
   <div class='ocr_carea' id='block_1_103' title="bbox 27 5467 1579 5537">
    <p class='ocr_par' dir='ltr' id='par_1_103' title="bbox 27 5467 1579 5537">
     <span class='ocr_line' id='line_1_103' title="bbox 27 5467 1579 5537; baseline 0.006 -22"><span class='ocrx_word' id='word_1_860' title='bbox 27 5468 194 5537; x_wconf 68' lang='lat' dir='ltr'><strong>magis,</strong></span> <span class='ocrx_word' id='word_1_861' title='bbox 233 5485 251 5518; x_wconf 77' lang='grc' dir='ltr'><strong>ι</strong></span> <span class='ocrx_word' id='word_1_862' title='bbox 287 5478 395 5522; x_wconf 88' lang='lat' dir='ltr'><strong>etc.</strong></span> <span class='ocrx_word' id='word_1_863' title='bbox 434 5467 534 5522; x_wconf 82' lang='lat' dir='ltr'><strong>Ms.</strong></span> <span class='ocrx_word' id='word_1_864' title='bbox 565 5470 732 5521; x_wconf 75' lang='lat' dir='ltr'><strong>codex</strong></span> <span class='ocrx_word' id='word_1_865' title='bbox 768 5468 1152 5537; x_wconf 68' lang='lat' dir='ltr'><strong>Vallis-Clarae,</strong></span> <span class='ocrx_word' id='word_1_866' title='bbox 1183 5489 1201 5520; x_wconf 75' lang='grc' dir='ltr'><strong>ι</strong></span> <span class='ocrx_word' id='word_1_867' title='bbox 1246 5474 1354 5525; x_wconf 89' lang='lat' dir='ltr'><strong>Deo</strong></span> <span class='ocrx_word' id='word_1_868' title='bbox 1393 5482 1445 5525; x_wconf 88' lang='lat' dir='ltr'><strong>ct</strong></span> <span class='ocrx_word' id='word_1_869' title='bbox 1483 5473 1579 5525; x_wconf 82' lang='lat' dir='ltr'><strong>bo-</strong></span> 
     </span>
    </p>
   </div>
   <div class='ocr_carea' id='block_1_104' title="bbox 25 5536 1571 5610">
    <p class='ocr_par' dir='ltr' id='par_1_104' title="bbox 25 5536 1571 5610">
     <span class='ocr_line' id='line_1_104' title="bbox 25 5536 1571 5610; baseline 0.008 -26"><span class='ocrx_word' id='word_1_870' title='bbox 25 5536 136 5610; x_wconf 67' lang='grc' dir='ltr'><strong>[μὴιὶ</strong></span> <span class='ocrx_word' id='word_1_871' title='bbox 171 5540 310 5605; x_wconf 88' lang='lat' dir='ltr'><strong>quod</strong></span> <span class='ocrx_word' id='word_1_872' title='bbox 335 5539 388 5591; x_wconf 91' lang='lat' dir='ltr'><strong>in</strong></span> <span class='ocrx_word' id='word_1_873' title='bbox 419 5553 476 5592; x_wconf 87' lang='lat' dir='ltr'><strong>se</strong></span> <span class='ocrx_word' id='word_1_874' title='bbox 502 5550 585 5592; x_wconf 87' lang='lat' dir='ltr'><strong>est</strong></span> <span class='ocrx_word' id='word_1_875' title='bbox 611 5540 792 5605; x_wconf 79' lang='lat' dir='ltr'><strong>operis</strong></span> <span class='ocrx_word' id='word_1_876' title='bbox 823 5536 1185 5595; x_wconf 66' lang='lat' dir='ltr'><strong>summam...</strong></span> <span class='ocrx_word' id='word_1_877' title='bbox 1228 5542 1514 5610; x_wconf 86' lang='lat' dir='ltr'><strong>imputare.</strong></span> <span class='ocrx_word' id='word_1_878' title='bbox 1553 5561 1571 5595; x_wconf 71' lang='grc' dir='ltr'><strong>ι</strong></span> 
     </span>
    </p>
   </div>
   <div class='ocr_carea' id='block_1_105' title="bbox 23 5601 1503 5665">
    <p class='ocr_par' dir='ltr' id='par_1_105' title="bbox 23 5601 1503 5665">
     <span class='ocr_line' id='line_1_105' title="bbox 23 5601 1503 5665; baseline 0.007 -12"><span class='ocrx_word' id='word_1_879' title='bbox 23 5601 113 5655; x_wconf 83' lang='lat' dir='ltr'><strong>Sed</strong></span> <span class='ocrx_word' id='word_1_880' title='bbox 143 5601 316 5661; x_wconf 62' lang='lat' dir='ltr'><strong>oti-teri</strong></span> <span class='ocrx_word' id='word_1_881' title='bbox 357 5623 488 5660; x_wconf 89' lang='lat' dir='ltr'><strong>mss.</strong></span> <span class='ocrx_word' id='word_1_882' title='bbox 533 5617 588 5662; x_wconf 90' lang='lat' dir='ltr'><strong>et</strong></span> <span class='ocrx_word' id='word_1_883' title='bbox 630 5601 886 5663; x_wconf 67' lang='lat' dir='ltr'><strong>[tabanus</strong></span> <span class='ocrx_word' id='word_1_884' title='bbox 919 5620 978 5663; x_wconf 93' lang='lat' dir='ltr'><strong>ut</strong></span> <span class='ocrx_word' id='word_1_885' title='bbox 1017 5613 1068 5664; x_wconf 92' lang='lat' dir='ltr'><strong>in</strong></span> <span class='ocrx_word' id='word_1_886' title='bbox 1109 5601 1503 5665; x_wconf 65' lang='lat' dir='ltr'><strong>nostru&#39;textu.</strong></span> 
     </span>
    </p>
   </div>
   <div class='ocr_carea' id='block_1_106' title="bbox 82 5674 1577 5752">
    <p class='ocr_par' dir='ltr' id='par_1_106' title="bbox 82 5674 1577 5752">
     <span class='ocr_line' id='line_1_106' title="bbox 82 5674 1577 5752; baseline 0.009 -27"><span class='ocrx_word' id='word_1_887' title='bbox 82 5674 188 5740; x_wconf 81' lang='lat'><strong>(87)</strong></span> <span class='ocrx_word' id='word_1_888' title='bbox 229 5677 292 5752; x_wconf 70' lang='lat' dir='ltr'><strong>Et</strong></span> <span class='ocrx_word' id='word_1_889' title='bbox 321 5678 409 5752; x_wconf 60' lang='lat' dir='ltr'><strong>ilic</strong></span> <span class='ocrx_word' id='word_1_890' title='bbox 436 5680 524 5738; x_wconf 83' lang='lat' dir='ltr'><strong>qui</strong></span> <span class='ocrx_word' id='word_1_891' title='bbox 577 5680 711 5746; x_wconf 73' lang='lat' dir='ltr'><strong>rigat</strong></span> <span class='ocrx_word' id='word_1_892' title='bbox 744 5695 761 5741; x_wconf 86' lang='lat'><strong>;</strong></span> <span class='ocrx_word' id='word_1_893' title='bbox 791 5682 882 5731; x_wconf 76' lang='lat' dir='ltr'><strong>sed</strong></span> <span class='ocrx_word' id='word_1_894' title='bbox 913 5697 1025 5733; x_wconf 84' lang='lat' dir='ltr'><strong>cum</strong></span> <span class='ocrx_word' id='word_1_895' title='bbox 1075 5681 1163 5752; x_wconf 84' lang='lat' dir='ltr'><strong>qui</strong></span> <span class='ocrx_word' id='word_1_896' title='bbox 1196 5683 1421 5750; x_wconf 79' lang='lat' dir='ltr'><strong>plantat.</strong></span> <span class='ocrx_word' id='word_1_897' title='bbox 1454 5682 1577 5738; x_wconf 76' lang='lat' dir='ltr'><strong>lianc</strong></span> 
     </span>
    </p>
   </div>
   <div class='ocr_carea' id='block_1_107' title="bbox 23 5741 484 5800">
    <p class='ocr_par' dir='ltr' id='par_1_107' title="bbox 23 5741 484 5800">
     <span class='ocr_line' id='line_1_107' title="bbox 23 5741 484 5800; baseline 0.02 -8"><span class='ocrx_word' id='word_1_898' title='bbox 23 5741 196 5796; x_wconf 82' lang='lat' dir='ltr'><strong>desunt</strong></span> <span class='ocrx_word' id='word_1_899' title='bbox 229 5747 278 5798; x_wconf 92' lang='lat' dir='ltr'><strong>in</strong></span> <span class='ocrx_word' id='word_1_900' title='bbox 305 5749 484 5800; x_wconf 81' lang='lat' dir='ltr'><strong>editis.</strong></span> 
     </span>
    </p>
   </div>
   <div class='ocr_carea' id='block_1_108' title="bbox 82 5812 884 5885">
    <p class='ocr_par' dir='ltr' id='par_1_108' title="bbox 82 5812 884 5885">
     <span class='ocr_line' id='line_1_108' title="bbox 82 5812 884 5885; baseline 0.007 -19"><span class='ocrx_word' id='word_1_901' title='bbox 82 5812 190 5883; x_wconf 81' lang='grc'>(88)</span> <span class='ocrx_word' id='word_1_902' title='bbox 227 5816 387 5883; x_wconf 80' lang='lat' dir='ltr'><strong>Edtti,</strong></span> <span class='ocrx_word' id='word_1_903' title='bbox 423 5836 440 5866; x_wconf 73' lang='grc' dir='ltr'><strong>ι</strong></span> <span class='ocrx_word' id='word_1_904' title='bbox 477 5819 826 5885; x_wconf 76' lang='lat' dir='ltr'><strong>perﬁcienda.</strong></span> <span class='ocrx_word' id='word_1_905' title='bbox 863 5836 884 5872; x_wconf 71' lang='grc' dir='ltr'><strong>ι</strong></span> 
     </span>
    </p>
   </div>
   <div class='ocr_carea' id='block_1_109' title="bbox 1693 4839 2827 4911">
    <p class='ocr_par' dir='ltr' id='par_1_109' title="bbox 1693 4839 2827 4911">
     <span class='ocr_line' id='line_1_109' title="bbox 1693 4839 2827 4911; baseline 0.002 -20"><span class='ocrx_word' id='word_1_906' title='bbox 1693 4839 1971 4911; x_wconf 70' lang='lat' dir='ltr'><strong>Rahantts,</strong></span> <span class='ocrx_word' id='word_1_907' title='bbox 2003 4841 2130 4911; x_wconf 63' lang='lat' dir='ltr'><strong>cad</strong></span> <span class='ocrx_word' id='word_1_908' title='bbox 2167 4841 2510 4894; x_wconf 90' lang='lat' dir='ltr'><strong>nutriendum</strong></span> <span class='ocrx_word' id='word_1_909' title='bbox 2553 4858 2768 4911; x_wconf 85' lang='lat' dir='ltr'><strong>pecora.</strong></span> <span class='ocrx_word' id='word_1_910' title='bbox 2808 4862 2827 4893; x_wconf 72' lang='grc' dir='ltr'><strong>ι</strong></span> 
     </span>
    </p>
   </div>
   <div class='ocr_carea' id='block_1_110' title="bbox 1762 4907 3264 4982">
    <p class='ocr_par' dir='ltr' id='par_1_110' title="bbox 1762 4907 3264 4982">
     <span class='ocr_line' id='line_1_110' title="bbox 1762 4907 3264 4982; baseline 0.002 -20"><span class='ocrx_word' id='word_1_911' title='bbox 1762 4907 1875 4982; x_wconf 82' lang='grc'>(90)</span> <span class='ocrx_word' id='word_1_912' title='bbox 1920 4909 2090 4982; x_wconf 86' lang='lat' dir='ltr'><strong>Editi,</strong></span> <span class='ocrx_word' id='word_1_913' title='bbox 2148 4929 2166 4960; x_wconf 73' lang='grc' dir='ltr'><strong>ι</strong></span> <span class='ocrx_word' id='word_1_914' title='bbox 2221 4912 2418 4966; x_wconf 80' lang='lat' dir='ltr'><strong>cubitis</strong></span> <span class='ocrx_word' id='word_1_915' title='bbox 2474 4907 2566 4966; x_wconf 78' lang='lat' dir='ltr'><strong>sui</strong></span> <span class='ocrx_word' id='word_1_916' title='bbox 2598 4924 2782 4981; x_wconf 85' lang='lat' dir='ltr'><strong>aptum</strong></span> <span class='ocrx_word' id='word_1_917' title='bbox 2829 4913 3060 4982; x_wconf 88' lang='lat' dir='ltr'><strong>probat,</strong></span> <span class='ocrx_word' id='word_1_918' title='bbox 3099 4930 3120 4965; x_wconf 66' lang='grc' dir='ltr'><strong><em>υ</em></strong></span> <span class='ocrx_word' id='word_1_919' title='bbox 3167 4913 3264 4980; x_wconf 89' lang='lat' dir='ltr'><strong>al.,</strong></span> 
     </span>
    </p>
   </div>
   <div class='ocr_carea' id='block_1_111' title="bbox 1698 4981 2231 5047">
    <p class='ocr_par' dir='ltr' id='par_1_111' title="bbox 1698 4981 2231 5047">
     <span class='ocr_line' id='line_1_111' title="bbox 1698 4981 2231 5047; baseline 0.004 -17"><span class='ocrx_word' id='word_1_920' title='bbox 1698 4997 1716 5030; x_wconf 76' lang='grc' dir='ltr'>ί</span> <span class='ocrx_word' id='word_1_921' title='bbox 1761 4981 2028 5047; x_wconf 85' lang='lat' dir='ltr'><strong>probarit,</strong></span> <span class='ocrx_word' id='word_1_922' title='bbox 2068 4998 2087 5031; x_wconf 75' lang='grc' dir='ltr'><strong>ι</strong></span> <span class='ocrx_word' id='word_1_923' title='bbox 2120 4991 2231 5034; x_wconf 87' lang='lat' dir='ltr'><strong>etc.</strong></span> 
     </span>
    </p>
   </div>
   <div class='ocr_carea' id='block_1_112' title="bbox 1723 5047 3265 5131">
    <p class='ocr_par' dir='ltr' id='par_1_112' title="bbox 1723 5047 3265 5131">
     <span class='ocr_line' id='line_1_112' title="bbox 1723 5047 3265 5131; baseline 0.005 -32"><span class='ocrx_word' id='word_1_924' title='bbox 1723 5120 1735 5131; x_wconf 45' lang='lat'><em>.</em></span> <span class='ocrx_word' id='word_1_925' title='bbox 1764 5047 1877 5129; x_wconf 70' lang='grc'>(91)</span> <span class='ocrx_word' id='word_1_926' title='bbox 1918 5049 2096 5117; x_wconf 85' lang='lat' dir='ltr'><strong>Alias,</strong></span> <span class='ocrx_word' id='word_1_927' title='bbox 2139 5069 2157 5102; x_wconf 77' lang='grc' dir='ltr'><strong>ι</strong></span> <span class='ocrx_word' id='word_1_928' title='bbox 2207 5049 2610 5105; x_wconf 83' lang='lat' dir='ltr'><strong>debuissent....</strong></span> <span class='ocrx_word' id='word_1_929' title='bbox 2647 5053 3127 5108; x_wconf 85' lang='lat' dir='ltr'><strong>commisertmt....</strong></span> <span class='ocrx_word' id='word_1_930' title='bbox 3160 5052 3265 5106; x_wconf 92' lang='lat' dir='ltr'><strong>du-</strong></span> 
     </span>
    </p>
   </div>
   <div class='ocr_carea' id='block_1_113' title="bbox 1693 5135 2045 5174">
    <p class='ocr_par' dir='ltr' id='par_1_113' title="bbox 1693 5135 2045 5174">
     <span class='ocr_line' id='line_1_113' title="bbox 1693 5135 2045 5174; baseline -0.009 -1"><span class='ocrx_word' id='word_1_931' title='bbox 1693 5135 1990 5174; x_wconf 75' lang='lat' dir='ltr'><strong>l&#39;lSSlllllllll.</strong></span> <span class='ocrx_word' id='word_1_932' title='bbox 2026 5138 2045 5170; x_wconf 76' lang='grc' dir='ltr'><strong>ι</strong></span> 
     </span>
    </p>
   </div>
   <div class='ocr_carea' id='block_1_114' title="bbox 1761 5188 3268 5263">
    <p class='ocr_par' dir='ltr' id='par_1_114' title="bbox 1761 5188 3268 5263">
     <span class='ocr_line' id='line_1_114' title="bbox 1761 5188 3268 5263; baseline 0.003 -21"><span class='ocrx_word' id='word_1_933' title='bbox 1761 5189 1874 5263; x_wconf 71' lang='lat'><strong>(92)</strong></span> <span class='ocrx_word' id='word_1_934' title='bbox 1902 5190 2073 5263; x_wconf 82' lang='lat' dir='ltr'><strong>Alias,</strong></span> <span class='ocrx_word' id='word_1_935' title='bbox 2111 5207 2130 5239; x_wconf 73' lang='grc' dir='ltr'><strong>ι</strong></span> <span class='ocrx_word' id='word_1_936' title='bbox 2163 5188 2459 5244; x_wconf 84' lang='lat' dir='ltr'><strong>duriorem.</strong></span> <span class='ocrx_word' id='word_1_937' title='bbox 2497 5210 2516 5242; x_wconf 73' lang='grc' dir='ltr'><strong>ι</strong></span> <span class='ocrx_word' id='word_1_938' title='bbox 2549 5191 2840 5263; x_wconf 82' lang='lat' dir='ltr'><strong>Etpostea,</strong></span> <span class='ocrx_word' id='word_1_939' title='bbox 2870 5210 2891 5245; x_wconf 75' lang='grc' dir='ltr'><strong>ι</strong></span> <span class='ocrx_word' id='word_1_940' title='bbox 2923 5191 3116 5246; x_wconf 79' lang='lat' dir='ltr'><strong>Volens</strong></span> <span class='ocrx_word' id='word_1_941' title='bbox 3138 5207 3268 5263; x_wconf 85' lang='lat' dir='ltr'><strong>ergo</strong></span> 
     </span>
    </p>
   </div>
   <div class='ocr_carea' id='block_1_115' title="bbox 1688 5259 2332 5328">
    <p class='ocr_par' dir='ltr' id='par_1_115' title="bbox 1688 5259 2332 5328">
     <span class='ocr_line' id='line_1_115' title="bbox 1688 5259 2332 5328; baseline -0.003 -13"><span class='ocrx_word' id='word_1_942' title='bbox 1688 5259 1969 5315; x_wconf 89' lang='lat' dir='ltr'><strong>interitum</strong></span> <span class='ocrx_word' id='word_1_943' title='bbox 1998 5261 2135 5328; x_wconf 89' lang='lat' dir='ltr'><strong>ejus,</strong></span> <span class='ocrx_word' id='word_1_944' title='bbox 2173 5278 2192 5310; x_wconf 72' lang='grc' dir='ltr'><strong>ι</strong></span> <span class='ocrx_word' id='word_1_945' title='bbox 2226 5269 2332 5313; x_wconf 92' lang='lat' dir='ltr'><strong>etc.</strong></span> 
     </span>
    </p>
   </div>
   <div class='ocr_carea' id='block_1_116' title="bbox 1761 5329 3269 5399">
    <p class='ocr_par' dir='ltr' id='par_1_116' title="bbox 1761 5329 3269 5399">
     <span class='ocr_line' id='line_1_116' title="bbox 1761 5329 3269 5399; baseline 0.002 -16"><span class='ocrx_word' id='word_1_946' title='bbox 1761 5330 1874 5399; x_wconf 77' lang='grc'>(95)</span> <span class='ocrx_word' id='word_1_947' title='bbox 1904 5329 2069 5391; x_wconf 78' lang='lat' dir='ltr'><strong>Editi,</strong></span> <span class='ocrx_word' id='word_1_948' title='bbox 2111 5349 2130 5381; x_wconf 74' lang='grc' dir='ltr'><strong>ι</strong></span> <span class='ocrx_word' id='word_1_949' title='bbox 2168 5330 2457 5397; x_wconf 80' lang='lat' dir='ltr'><strong>intrunite;</strong></span> <span class='ocrx_word' id='word_1_950' title='bbox 2503 5350 2523 5383; x_wconf 77' lang='grc' dir='ltr'><strong>ι</strong></span> <span class='ocrx_word' id='word_1_951' title='bbox 2565 5333 2660 5388; x_wconf 90' lang='lat' dir='ltr'><strong>sed</strong></span> <span class='ocrx_word' id='word_1_952' title='bbox 2683 5346 2878 5388; x_wconf 90' lang='lat' dir='ltr'><strong>omnes</strong></span> <span class='ocrx_word' id='word_1_953' title='bbox 2917 5349 3048 5388; x_wconf 90' lang='lat' dir='ltr'><strong>mss.</strong></span> <span class='ocrx_word' id='word_1_954' title='bbox 3075 5343 3132 5388; x_wconf 88' lang='lat' dir='ltr'><strong>et</strong></span> <span class='ocrx_word' id='word_1_955' title='bbox 3160 5333 3269 5388; x_wconf 60' lang='lat' dir='ltr'><strong>Ba-</strong></span> 
     </span>
    </p>
   </div>
   <div class='ocr_carea' id='block_1_117' title="bbox 1686 5400 2285 5460">
    <p class='ocr_par' dir='ltr' id='par_1_117' title="bbox 1686 5400 2285 5460">
     <span class='ocr_line' id='line_1_117' title="bbox 1686 5400 2285 5460; baseline -0.005 -5"><span class='ocrx_word' id='word_1_956' title='bbox 1686 5401 1878 5460; x_wconf 85' lang='lat' dir='ltr'><strong>banns,</strong></span> <span class='ocrx_word' id='word_1_957' title='bbox 1921 5417 1938 5450; x_wconf 81' lang='grc' dir='ltr'><strong>ι</strong></span> <span class='ocrx_word' id='word_1_958' title='bbox 1971 5400 2221 5452; x_wconf 86' lang='lat' dir='ltr'><strong>infrenis.</strong></span> <span class='ocrx_word' id='word_1_959' title='bbox 2267 5419 2285 5452; x_wconf 74' lang='grc' dir='ltr'><strong>ι</strong></span> 
     </span>
    </p>
   </div>
   <div class='ocr_carea' id='block_1_118' title="bbox 1757 5468 3008 5540">
    <p class='ocr_par' dir='ltr' id='par_1_118' title="bbox 1757 5468 3008 5540">
     <span class='ocr_line' id='line_1_118' title="bbox 1757 5468 3008 5540; baseline 0.006 -17"><span class='ocrx_word' id='word_1_960' title='bbox 1757 5469 1870 5540; x_wconf 77' lang='grc'>(94)</span> <span class='ocrx_word' id='word_1_961' title='bbox 1898 5468 2060 5538; x_wconf 81' lang='lat' dir='ltr'><strong>Ergo.</strong></span> <span class='ocrx_word' id='word_1_962' title='bbox 2088 5468 2202 5521; x_wconf 89' lang='lat' dir='ltr'><strong>Non</strong></span> <span class='ocrx_word' id='word_1_963' title='bbox 2234 5471 2506 5538; x_wconf 88' lang='lat' dir='ltr'><strong>reperitur</strong></span> <span class='ocrx_word' id='word_1_964' title='bbox 2542 5473 2594 5525; x_wconf 92' lang='lat' dir='ltr'><strong>in</strong></span> <span class='ocrx_word' id='word_1_965' title='bbox 2634 5485 2798 5530; x_wconf 88' lang='lat' dir='ltr'><strong>antea</strong></span> <span class='ocrx_word' id='word_1_966' title='bbox 2823 5475 3008 5530; x_wconf 83' lang='lat' dir='ltr'><strong>editis.</strong></span> 
     </span>
    </p>
   </div>
   <div class='ocr_carea' id='block_1_119' title="bbox 1755 5541 2692 5610">
    <p class='ocr_par' dir='ltr' id='par_1_119' title="bbox 1755 5541 2692 5610">
     <span class='ocr_line' id='line_1_119' title="bbox 1755 5541 2692 5610; baseline 0.025 -33"><span class='ocrx_word' id='word_1_967' title='bbox 1755 5541 1866 5610; x_wconf 74' lang='grc'>(95)</span> <span class='ocrx_word' id='word_1_968' title='bbox 1910 5541 2065 5610; x_wconf 70' lang='lat' dir='ltr'><strong>Deest</strong></span> <span class='ocrx_word' id='word_1_969' title='bbox 2100 5557 2118 5590; x_wconf 78' lang='grc' dir='ltr'><strong>ι</strong></span> <span class='ocrx_word' id='word_1_970' title='bbox 2160 5551 2340 5594; x_wconf 88' lang='lat' dir='ltr'><strong>autem</strong></span> <span class='ocrx_word' id='word_1_971' title='bbox 2379 5562 2396 5592; x_wconf 76' lang='grc' dir='ltr'><strong>ι</strong></span> <span class='ocrx_word' id='word_1_972' title='bbox 2427 5543 2480 5595; x_wconf 91' lang='lat' dir='ltr'><strong>in</strong></span> <span class='ocrx_word' id='word_1_973' title='bbox 2510 5546 2692 5600; x_wconf 85' lang='lat' dir='ltr'><strong>editis.</strong></span> 
     </span>
    </p>
   </div>
   <div class='ocr_carea' id='block_1_120' title="bbox 1753 5609 3255 5678">
    <p class='ocr_par' dir='ltr' id='par_1_120' title="bbox 1753 5609 3255 5678">
     <span class='ocr_line' id='line_1_120' title="bbox 1753 5609 3255 5678; baseline 0.005 -15"><span class='ocrx_word' id='word_1_974' title='bbox 1753 5609 1864 5678; x_wconf 85' lang='lat'><strong>(96)</strong></span> <span class='ocrx_word' id='word_1_975' title='bbox 1903 5627 1920 5660; x_wconf 78' lang='grc' dir='ltr'><strong>ι</strong></span> <span class='ocrx_word' id='word_1_976' title='bbox 1978 5609 2116 5664; x_wconf 89' lang='lat' dir='ltr'><strong>Dcus</strong></span> <span class='ocrx_word' id='word_1_977' title='bbox 2162 5631 2180 5661; x_wconf 76' lang='grc' dir='ltr'><strong>ι</strong></span> <span class='ocrx_word' id='word_1_978' title='bbox 2220 5613 2490 5665; x_wconf 89' lang='lat' dir='ltr'><strong>omittitur</strong></span> <span class='ocrx_word' id='word_1_979' title='bbox 2534 5616 2587 5667; x_wconf 92' lang='lat' dir='ltr'><strong>in</strong></span> <span class='ocrx_word' id='word_1_980' title='bbox 2634 5615 2820 5674; x_wconf 85' lang='lat' dir='ltr'><strong>editis.</strong></span> <span class='ocrx_word' id='word_1_981' title='bbox 2869 5616 3076 5671; x_wconf 84' lang='lat' dir='ltr'><strong>Deinde</strong></span> <span class='ocrx_word' id='word_1_982' title='bbox 3123 5629 3255 5670; x_wconf 85' lang='lat' dir='ltr'><strong>mss.</strong></span> 
     </span>
    </p>
   </div>
   <div class='ocr_carea' id='block_1_121' title="bbox 1681 5681 3264 5802">
    <p class='ocr_par' dir='ltr' id='par_1_121' title="bbox 1681 5681 3264 5802">
     <span class='ocr_line' id='line_1_121' title="bbox 1681 5681 3264 5802; baseline 0.006 -71"><span class='ocrx_word' id='word_1_983' title='bbox 1681 5683 1926 5802; x_wconf 54' lang='lat' dir='ltr'><strong>thidam,</strong></span> <span class='ocrx_word' id='word_1_984' title='bbox 1965 5691 2020 5732; x_wconf 83' lang='lat' dir='ltr'><strong>et</strong></span> <span class='ocrx_word' id='word_1_985' title='bbox 2054 5681 2338 5747; x_wconf 74' lang='lat' dir='ltr'><strong>liabanus,</strong></span> <span class='ocrx_word' id='word_1_986' title='bbox 2379 5701 2397 5732; x_wconf 84' lang='grc'><em>‹</em></span> <span class='ocrx_word' id='word_1_987' title='bbox 2453 5683 2788 5755; x_wconf 80' lang='lat' dir='ltr'><strong>lenioribus,</strong></span> <span class='ocrx_word' id='word_1_988' title='bbox 2837 5705 2860 5744; x_wconf 73' lang='grc' dir='ltr'><strong>ο</strong></span> <span class='ocrx_word' id='word_1_989' title='bbox 2893 5703 2995 5762; x_wconf 79' lang='lat' dir='ltr'><strong>pro</strong></span> <span class='ocrx_word' id='word_1_990' title='bbox 3041 5704 3062 5739; x_wconf 75' lang='grc' dir='ltr'><strong>ι</strong></span> <span class='ocrx_word' id='word_1_991' title='bbox 3097 5687 3264 5742; x_wconf 77' lang='lat' dir='ltr'><strong>levio-</strong></span> 
     </span>
     <span class='ocr_line' id='line_1_122' title="bbox 1681 5764 1909 5802; baseline -0.009 0"><span class='ocrx_word' id='word_1_992' title='bbox 1681 5766 1726 5802; x_wconf 89' lang='lat' dir='ltr'><strong>l&#39;t</strong></span> <span class='ocrx_word' id='word_1_993' title='bbox 1771 5764 1852 5800; x_wconf 86' lang='lat' dir='ltr'><strong>us.</strong></span> <span class='ocrx_word' id='word_1_994' title='bbox 1891 5770 1909 5800; x_wconf 75' lang='grc' dir='ltr'><strong>ι</strong></span> 
     </span>
    </p>
   </div>
   <div class='ocr_carea' id='block_1_122' title="bbox 1680 5764 1909 5804">
    <p class='ocr_par' dir='ltr' id='par_1_122' title="bbox 1680 5764 1909 5804">
     <span class='ocr_line' id='line_1_123' title="bbox 1680 5764 1909 5804; baseline -0.017 0"><span class='ocrx_word' id='word_1_995' title='bbox 1680 5764 1852 5804; x_wconf 80' lang='lat' dir='ltr'><strong>l&#39;tlms.</strong></span> <span class='ocrx_word' id='word_1_996' title='bbox 1891 5770 1909 5800; x_wconf 74' lang='grc' dir='ltr'><strong>ι</strong></span> 
     </span>
    </p>
   </div>
   <div class='ocr_carea' id='block_1_123' title="bbox 1753 5819 2490 5890">
    <p class='ocr_par' dir='ltr' id='par_1_123' title="bbox 1753 5819 2490 5890">
     <span class='ocr_line' id='line_1_124' title="bbox 1753 5819 2490 5890; baseline 0.004 -16"><span class='ocrx_word' id='word_1_997' title='bbox 1753 5819 1864 5890; x_wconf 84' lang='grc'>(97)</span> <span class='ocrx_word' id='word_1_998' title='bbox 1904 5821 2071 5888; x_wconf 83' lang='lat' dir='ltr'><strong>Alias,</strong></span> <span class='ocrx_word' id='word_1_999' title='bbox 2100 5839 2120 5876; x_wconf 68' lang='grc' dir='ltr'><strong>ι</strong></span> <span class='ocrx_word' id='word_1_1000' title='bbox 2159 5823 2434 5882; x_wconf 81' lang='lat' dir='ltr'><strong>utebatur.</strong></span> <span class='ocrx_word' id='word_1_1001' title='bbox 2472 5843 2490 5877; x_wconf 77' lang='grc' dir='ltr'><strong>ι</strong></span> 
     </span>
    </p>
   </div>
  </div>
