3768 6562
500 386 639 441 1147

1948 384 2271 441 ORIGENIS

3611 392 3721 446 {I53

500 510 727 565 rabatur
761 507 829 561 ad
851 515 1249 578 contemptum,
1284 506 1551 577 majorem
1574 507 1679 563 sibi
1712 507 1847 561 iram
1879 520 2071 561 recon-
2103 510 2147 565 A
2175 503 2426 559 omnibus
2454 505 2546 561 Dei
2572 504 3078 576 dispensationibus
3097 508 3269 585 616
3293 516 3353 563 et
3377 508 3596 579 iudiciis
3614 512 3720 566 edu-

496 601 652 665 dens,
678 599 754 655 ita
781 609 839 654 ιιι
865 603 931 655 ad
957 601 1134 670 ipsum
1171 600 1281 656 dici
1300 601 1589 657 conveniat
1617 600 1744 653 illud
1766 600 1909 670 quod
1934 599 2071 656 scri-

495 693 577 746 bit
607 692 896 762 Apostolus
918 694 964 725 “
995 708 1010 747 :
1041 722 1059 745 ι
1086 695 1169 747 An
1188 693 1403 747 divitias
1418 692 1679 746 bonitatis
1702 692 1841 760 ejus,
1888 704 1942 750 et
1973 708 2071 765 pa-

492 782 693 837 tientia:
716 781 846 852 (98),
872 791 925 836 et
948 783 1375 854 longanimitatis
1418 785 1759 850 contemnis,
1809 785 2068 855 ignorans

494 873 755 940 quoniam
787 875 1051 944 patientia
1087 874 1182 929 Dei
1218 875 1286 930 ad
1318 875 1697 943 (imttitentiam
1735 885 1786 929 te
1812 875 2071 931 adducit?

496 964 809 1020 Secundqu
842 966 1098 1021 duritiam
1123 977 1303 1021 autem
1343 974 1490 1021 tuam
1518 976 1572 1022 et
1600 981 1698 1022 cor
1720 966 2068 1037 impmnitens

495 1057 837 1113 thesauriaas
871 1058 965 1113 tibi
1008 1058 1112 1127 ipsi
1148 1059 1290 1114 iram
1336 1059 1389 1114 in
1439 1059 1529 1115 die
1580 1059 1696 1114 iraa.
1739 1079 1758 1113 ι
1791 1059 1906 1116 Νοη
1938 1076 2068 1133 ergo

498 1138 660 1221 quem
687 1152 805 1206 vult
836 1151 980 1207 Deus
1014 1153 1250 1218 indurat,
1279 1153 1374 1207 sed
1402 1152 1493 1224 qui
1525 1154 1797 1223 patientia:
1826 1153 1940 1225 (99)
1971 1155 2069 1209 oh-

494 1253 801 1311 temperare
834 1241 1090 1307 noluerit,
1119 1243 1424 1298 induratur.
1456 1242 1803 1314 Superﬁuum
1825 1260 1953 1316 ergo
1980 1255 2066 1300 est

492 1332 637 1401 quod
661 1334 794 1387 dicis
815 1331 1091 1402 Apostolo,
1116 1348 1151 1387 o
1201 1342 1259 1388 tu
1293 1332 1387 1403 qui
1420 1333 1854 1404 adversaris(l):
1886 1354 1904 1386 ι
1928 1333 2064 1399 Quid

490 1441 618 1495 ergo
656 1427 830 1481 adhuc
849 1427 1131 1496 queritur?
1172 1427 1443 1482 Voluntati
1467 1427 1608 1482 enim
1636 1426 1751 1496 ejus
1772 1429 1893 1497 quis
1927 1430 2064 1483 resi-

488 1517 629 1571 stit?
654 1537 672 1570 i
701 1514 980 1572 Voluntati
1009 1516 1228 1585 quidem
1254 1515 1347 1571 Dei
1377 1526 1583 1571 certum
1615 1526 1699 1573 est
1723 1519 1867 1587 quod
1886 1517 2064 1573 nullus

488 1609 752 1677 obsistat;
810 1611 904 1665 sed
953 1600 1288 1665 voluntatem
1338 1610 1455 1679 ejus
1497 1611 1697 1680 justam
1750 1620 2064 1678 rectamque

488 1714 612 1753 esse
647 1700 792 1754 scire
828 1716 927 1756 nos
970 1701 1227 1754 convenit
1255 1700 1354 1771 (2).
1387 1700 1455 1756 Ut
1487 1701 1612 1755 boni
1642 1700 1787 1755 enim
1820 1710 1913 1754 aut
1936 1700 2060 1753 mali

485 1792 660 1845 simus
689 1801 886 1846 nostra;
909 1792 1204 1847 voluntatis
1225 1803 1307 1848 est
1339 1811 1353 1846 :
1383 1792 1561 1847 malus
1591 1802 1769 1847 autem
1793 1792 1860 1846 ad
1875 1792 2058 1862 cujus-

2171 605 2321 651 ceret
2343 597 2410 649 ".
2439 596 2507 651 Et
2531 612 2628 651 nos
2667 612 2799 668 ergo
2818 598 2863 652 si
2893 599 3098 670 aliquid
3120 602 3184 655 de
3208 601 3443 657 secretis
3456 600 3550 655 Dei
3579 611 3630 656 et
3655 617 3722 656 τε»

2171 686 2403 741 conditis
2439 687 2554 757 (l0)
2591 688 2967 743 desideramus
2999 705 3331 760 agnoscere.
3364 691 3411 746 si
3456 692 3720 746 desiderio-

2171 794 2289 833 rum
2315 789 2372 834 et
2400 794 2505 834 non
2536 781 2948 836 contentionum
2977 780 3089 853 (11)
3109 783 3209 842 viri
3238 798 3457 846 sumus,
3481 783 3719 838 occultius

2171 870 2224 923 in
2253 869 2448 925 divinis
2478 870 2678 926 litteris
2700 871 2904 926 inserta
2939 873 3032 928 Dei
3059 873 3261 942 judicia
3296 873 3535 929 ﬁdeliter
3565 885 3618 929 et
3642 876 3721 928 hu-

2169 960 2369 1016 militer
2392 964 2756 1030 requiramus.
2804 961 3097 1032 Pr0pterea
3126 979 3366 1035 namque
3393 973 3454 1019 et
3492 965 3720 1021 Dominus

2168 1053 2409 1109 dicebat:
2433 1073 2453 1106 c
2478 1051 2812 1109 Scrutamini
2838 1053 3150 1124 Scripturas
3169 1056 3238 1121 ",
3265 1075 3285 1109 ι
3305 1057 3492 1111 sciens
3517 1057 3625 1112 haec
3638 1074 3718 1113 non

2167 1145 2235 1199 ab
2269 1144 2354 1200 his
2387 1147 2479 1216 qui
2520 1146 2572 1200 in
2612 1145 2733 1201 aliis
2762 1147 2992 1218 negotiis
3017 1149 3269 1218 occupati
3311 1149 3624 1204 transitoric
3654 1152 3719 1205 Vel

2166 1235 2392 1290 audiunt
2429 1236 2513 1290 vel
2544 1236 2753 1307 legunt,
2806 1238 2899 1292 sed
2949 1238 3037 1292 his
3079 1239 3170 1307 qui
3226 1252 3380 1292 recto
3422 1251 3478 1294 et
3516 1240 3720 1310 simplici

2166 1326 2349 1391 corde,
2375 1326 2490 1397 jugi
2518 1327 2724 1392 labore,
2755 1327 3142 1397 continuisque
3171 1328 3378 1397 vigiliis
3407 1328 3571 1383 altius
3593 1330 3720 1385 Scri-

2166 1425 2351 1486 pturas
2384 1419 2599 1476 divinas
2624 1429 2977 1486 scrutantur,
3009 1421 3212 1490 aperiri
3247 1440 3261 1475 :
3313 1437 3381 1477 ex
3422 1422 3616 1491 quibus
3653 1439 3720 1478 me

2165 1521 2270 1562 non
2296 1523 2418 1563 esse
2443 1524 2545 1580 ego
2575 1512 2717 1565 bene
2762 1511 2910 1566 novi.
2956 1512 3013 1566 Si
3061 1514 3185 1582 quis
3220 1524 3406 1568 tamen
3441 1516 3513 1568 sit
3539 1516 3625 1584 qui
3664 1517 3720 1569 ita

2164 1610 2392 1669 qumrat,
2421 1601 2677 1657 inveniet.
2720 1603 2919 1658 Verum
2971 1614 3027 1659 et
3065 1621 3162 1659 nos
3197 1620 3300 1674 pro
3337 1606 3552 1661 viribus
3576 1608 3643 1660 ad
3670 1623 3717 1663 ea

2162 1707 2283 1759 quae
2307 1693 2581 1748 habentur
2605 1696 2657 1750 in
2688 1698 2942 1752 manibus
2974 1709 3387 1769 convertamur.
3433 1718 3454 1749 ι
3493 1698 3719 1770 Nunquid

2161 1784 2292 1841 dicit
2344 1785 2681 1857 ﬁgmentum,
2742 1789 2935 1859 inquit,
2996 1792 3046 1846 ei
3111 1793 3202 1861 qui
3249 1791 3366 1864 (η)
3404 1808 3467 1847 se
3515 1793 3665 1848 ﬁnxit
3705 1814 3717 1850 :

488 1882 631 1936 modi
663 1883 913 1946 verbera,
945 1892 1000 1937 et
1037 1884 1211 1939 bonus
1232 1886 1299 1939 ad
1323 1880 1624 1955 cuj‘usmodi
1646 1884 1873 1956 gloriam
1898 1886 2061 1941 desti-
2092 1864 2134 1919 Β
2162 1876 2299 1942 ΩιιῘά
2329 1893 2414 1934 me
2441 1880 2520 1934 sic
2542 1879 2716 1935 fecisti
2743 1880 2767 1934 ?
2808 1880 3001 1936 Annon
3033 1882 3201 1938 habet
3231 1891 3563 1952 potestatem
3602 1886 3721 1953 ligno

485 1984 663 2041 netur,
696 1974 992 2031 voluntatis
1020 1985 1102 2031 est
1124 1976 1243 2033 Dei.

559 2065 645 2119 17.
690 2084 709 2117 (
740 2066 784 2121 0
815 2068 1007 2135 homo,
1043 2077 1100 2122 tu
1144 2070 1267 2138 quis
1292 2085 1351 2125 es
1380 2070 1469 2139 qui
1499 2080 1687 2125 contra
1721 2070 1799 2142 ('5)
1841 2085 2060 2143 respon-

485 2156 617 2210 deas
642 2157 790 2213 ι)ροῖ
817 2159 1067 2229 Nunquid
1091 2162 1223 2216 dicit
1249 2162 1563 2233 ﬁgmentum
1591 2165 1639 2218 ei
1664 2164 1755 2234 qui
1778 2180 1837 2219 se
1864 2165 2055 2220 ﬁnxit:

487 2248 629 2313 Quid
660 2264 745 2303 me
769 2249 946 2305 fecisti
976 2252 1094 2306 sic?
1139 2251 1330 2308 Annon
1365 2255 1534 2310 habet
1566 2264 1891 2324 potestatem
1925 2258 2060 2327 ﬁgu-

484 2336 571 2393 lus
600 2337 696 2393 luti
726 2354 791 2394 ex
816 2341 1006 2396 eadem
1035 2359 1214 2399 massa
1244 2343 1427 2399 facere
1462 2345 1607 2399 aliud
1645 2347 1862 2415 quidem
1892 2363 1985 2402 vas
2004 2348 2056 2401 in

489 2431 768 2497 honorem,
815 2432 958 2486 aliud
990 2449 1121 2489 vero
1149 2435 1205 2493 in
1223 2437 1611 2491 contumeliam
1641 2440 1687 2470 "
1709 2439 1732 2494 ?
1754 2459 1772 2491 1
1804 2438 2058 2512 Legimus

481 2532 539 2575 et
571 2522 623 2576 in
666 2522 979 2595 Evangeliis
1004 2527 1072 2591 “,
1099 2542 1193 2582 eos
1224 2525 1300 2599 (4)
1328 2530 1417 2598 qui
1453 2542 1704 2599 proterve
1733 2540 1789 2586 et
1820 2531 2054 2585 inﬁdeli-

486 2625 570 2667 ter
598 2614 951 2684 inquirebant
977 2632 1006 2670 a
1045 2616 1276 2676 Domino
1307 2620 1360 2674 in
1393 2635 1498 2689 qua
1533 2631 1800 2689 potestate
1838 2623 1950 2679 haec
1974 2623 2056 2678 fa-

481 2716 629 2761 ceret
668 2723 790 2777 quae
823 2708 1086 2775 faciebat,
1139 2720 1194 2765 et
1225 2712 1347 2782 quis
1382 2713 1430 2766 ei
1469 2712 1704 2768 dedisset
1732 2723 2052 2785 potestatem

482 2800 642 2865 hanc,
679 2816 750 2855 ne
780 2804 1136 2872 responsione
1161 2804 1379 2873 quidem
1413 2805 1606 2873 dignos
1639 2807 1873 2862 habitos.
1899 2807 2056 2863 Simi-

2160 1968 2245 2023 lus
2277 1969 2373 2024 luti
2402 1985 2465 2025 ex
2499 1972 2690 2026 eadem
2719 1987 2897 2027 massa
2930 1973 3111 2029 facere
3132 1973 3277 2028 aliud
3300 1972 3532 2045 quidem
3553 1989 3647 2028 vas
3666 1977 3719 2028 ad

2161 2059 2424 2116 honorem
2448 2102 2464 2127 ,
2499 2062 2645 2117 aliud
2688 2078 2820 2119 vero
2864 2066 2930 2118 ad
2977 2066 3365 2121 contumeliam
3388 2067 3414 2120 ?
3445 2084 3466 2118 ι
3501 2066 3564 2120 Et
3598 2068 3721 2135 apud

2157 2152 2446 2208 Jeremiam
2479 2155 2800 2225 prophetam
2832 2158 2939 2212 tale
2960 2156 3168 2228 aliquid
3197 2158 3451 2224 legimus,
3473 2159 3563 2212 ubi
3585 2159 3722 2228 jube-

2160 2254 2246 2299 tur
2285 2260 2315 2299 a
2359 2246 2468 2301 Deo
2496 2246 2724 2302 introire
2754 2249 2807 2303 in
2838 2250 3058 2303 domum
3096 2249 3275 2321 ﬁguli,
3304 2260 3362 2306 et
3399 2252 3587 2307 videre
3616 2268 3720 2308 eum

2158 2334 2448 2405 ﬁngentem
2483 2356 2498 2393 :
2537 2339 2724 2409 utique
2769 2355 2864 2394 vas
2893 2339 3187 2409 collapsum
3235 2341 3303 2395 de
3342 2341 3599 2396 manibus
3625 2344 3721 2398 suis

2157 2429 2480 2499 recolligens
2509 2446 2723 2485 rursum
2769 2430 2927 2485 ﬁnxit
2959 2430 3091 2484 illud
3134 2431 3439 2486 secundum
3484 2431 3723 2486 volunta-

2155 2530 2263 2578 tem
2290 2538 2463 2578 suam.
2503 2542 2523 2576 ι
2557 2524 2625 2579 Et
2684 2524 2866 2580 factus
2906 2535 3010 2590 est,
3054 2526 3250 2594 inquit,
3300 2538 3488 2580 sermo
3526 2525 3721 2579 Domini

2154 2614 2221 2666 ad
2263 2629 2385 2668 eum
2433 2615 2621 2671 dicens
2653 2636 2670 2671 :
2698 2615 2952 2686 Nunquid
2997 2632 3098 2686 ego
3144 2632 3250 2671 non
3285 2624 3512 2686 possum
3556 2617 3725 2672 lacere

2153 2708 2370 2763 domum
2411 2709 2571 2766 Israel
2588 2711 2739 2785 sicut
2777 2711 2973 2782 ﬁgulus
3008 2712 3109 2768 iste
3152 2712 3239 2766 “?
3282 2731 3302 2764 ι
3344 2711 3414 2766 Et
3455 2709 3722 2782 Sapientia

2152 2800 2284 2855 dicit
2309 2803 2355 2834 "
2399 2823 2411 2857 :
2452 2821 2472 2853 r
2510 2803 2649 2857 Vasa
2692 2802 2836 2871 ﬁguli
2882 2805 3077 2874 probat
3114 2802 3345 2871 fornax,
3387 2816 3444 2860 et
3482 2807 3725 2861 homines

479 2891 601 2945 liter
621 2908 837 2962 quoque
861 2903 915 2948 et
944 2895 996 2949 in
1025 2896 1279 2964 prmsenli
1320 2896 1442 2952 loco
1476 2909 1679 2953 motum
1722 2900 1940 2967 quidem
2146 2891 2323 2959 justos
2390 2893 2639 2947 teutatio.
2681 2913 2701 2945 1
2734 2893 2906 2949 liabet
2939 2910 3068 2965 ergo
3105 2897 3279 2950 nostri
3323 2897 3469 2952 Deus
3497 2910 3723 2968 potest»

478 2982 725 3039 Videmus
752 2985 1072 3053 Apostolum
1100 2998 1156 3040 et
1179 2988 1465 3041 adversum
1484 2988 1783 3045 insolentes
1798 2993 2054 3061 quastio-

477 3085 594 3133 nes,
629 3086 693 3125 ac
734 3087 831 3141 per
858 3089 920 3128 ea
949 3089 1072 3143 quae
1094 3077 1376 3146 respondit
1406 3079 1507 3148 (6),
1542 3082 1892 3147 proponentis
1915 3098 2049 3137 con-

2154 2996 2259 3040 tem
2288 2986 2429 3041 sicut
2454 2995 2509 3040 et
2550 2986 2749 3053 ﬁgulus
2782 2986 2909 3051 luti,
2938 2995 2996 3040 ut
3024 2986 3188 3043 faciat
3222 3004 3291 3043 ex
3325 3005 3505 3044 massa
3544 2991 3718 3045 eadem

2149 3092 2277 3132 vasa
2326 3078 2392 3132 ad
2435 3078 2697 3132 honorem
2722 3119 2737 3143 ,
2771 3086 2826 3132 et
2867 3093 2995 3133 vasa
3042 3080 3110 3133 ad
3159 3081 3576 3137 contumeliam.
3610 3081 3720 3136 Tibi

478 3164 769 3217 tumaciam
803 3166 1136 3224 confudisse.
1172 3168 1264 3221 Ait
1286 3168 1430 3222 enim
1462 3187 1475 3222 :
1517 3187 1536 3221 ι
1565 3170 1609 3225 Ο
1643 3172 1827 3239 homo,
1860 3184 1914 3229 tu
1928 3177 2051 3244 quis
2078 3212 2119 3268 ο
2154 3183 2283 3239 ergo
2306 3169 2398 3237 qui
2427 3168 2728 3223 Ῐηεοιϐηιθΐ
2753 3172 3050 3238 respondes
3067 3171 3334 3235 DCOJHBC
3355 3175 3575 3230 audisse
3597 3176 3724 3230 sum-

476 3266 538 3305 es
564 3253 654 3320 qui
680 3263 869 3309 contra
899 3258 1230 3326 respondeas
1258 3258 1408 3313 Deo?
1436 3278 1454 3310 ι
1492 3259 1603 3314 Hoc
1621 3271 1705 3317 est
1731 3264 1875 3318 enim
1890 3264 2051 3321 homo
2080 3253 2119 3268 ν
2154 3264 2284 3317 ciat.
2319 3261 2422 3328 Qui
2456 3276 2587 3317 vero
2607 3276 2770 3332 opera
2799 3263 3078 3333 sapientiae
3099 3264 3196 3321 Dei
3226 3266 3281 3320 in
3306 3266 3721 3336 dispensationi-

476 3347 619 3411 ?pud
650 3346 840 3412 Deum,
870 3351 1013 3417 qnod
1037 3352 1178 3419 apud
1206 3350 1426 3422 ﬁgulum
1462 3353 1651 3409 lutum.
1682 3355 1748 3411 Et
1775 3357 1917 3413 sicut
1940 3373 2053 3413 scr.
2152 3353 2252 3408 bus
2277 3352 2388 3426 (15)
2415 3353 2531 3421 ejus
2557 3354 2831 3409 desiderat
2852 3358 3125 3420 contueri,
3152 3359 3344 3413 audiat
3375 3359 3431 3414 in
3478 3361 3588 3415 alio
3615 3361 3720 3413 loco

474 3449 575 3489 vos
606 3450 861 3503 nequam,
893 3439 936 3493 si
971 3438 1110 3494 forte
1141 3440 1412 3523 videbitur
1436 3442 1656 3499 domino
1694 3445 1811 3498 ﬁeri
1851 3447 2051 3502 debere
2151 3445 2218 3498 de
2236 3445 2320 3499 his
2351 3445 2485 3513 ipsis
2516 3443 2738 3497 Paulum
2766 3445 3068 3501 divinorum
3089 3457 3430 3503 secretorum
3454 3451 3721 3505 conscium

476 3526 695 3596 aliquod
740 3543 878 3599 opus
917 3532 1062 3600 quod
1105 3539 1161 3587 et
1185 3533 1415 3589 rationis
1454 3544 1513 3589 et
1547 3535 1798 3592 utilitatis
1832 3539 2048 3609 plenum
2152 3537 2533 3605 disputantem.
2572 3555 2591 3587 ι
2627 3534 2683 3590 In
2719 3536 2880 3592 domo
2919 3547 3096 3593 autem
3153 3555 3352 3612 magna
3414 3557 3526 3596 non
3583 3552 3718 3607 sunt,

474 3621 569 3687 sit,
602 3620 692 3674 ille
724 3632 902 3675 autem
935 3623 1149 3692 operari
1192 3625 1400 3692 nolens,
1439 3641 1502 3682 ea
1546 3642 1668 3696 quae
1695 3630 2049 3701 dominusju-
2150 3628 2343 3696 inquit,
2392 3630 2766 3683 tantummodo
2835 3645 2958 3685 vasa
3002 3646 3164 3686 aurea
3198 3642 3254 3686 et
3308 3643 3564 3702 argentea
3588 3673 3604 3695 ,
3636 3634 3722 3686 sed

473 3709 567 3765 bet
624 3712 895 3768 discutere
943 3715 1203 3784 incipiat,
1268 3726 1321 3771 et
1382 3719 1659 3787 requirere
1706 3735 1736 3774 a
1798 3722 2045 3777 domino:

482 3804 681 3875 thuid
714 3807 816 3862 hoc
843 3822 981 3876 opus
1010 3808 1128 3863 ﬁeri
1157 3809 1355 3880 jubes?
1375 3810 1474 3866 Cui
1523 3815 1782 3883 prodest?
1806 3814 1904 3869 Cui
1949 3833 2049 3871 ne-

474 3900 778 3954 cessarium
826 3902 1263 3958 est?contumaci
1306 3917 1465 3959 servo
1509 3920 1628 3974 quae
1673 3906 1778 3961 erit
1813 3905 1890 3979 (7)
1939 3917 2046 3962 tam

475 3992 637 4063 digna
678 3994 961 4063 responsio
983 4037 998 4062 ,
1030 3996 1135 4050 nisi
1175 4006 1235 4051 ut
1266 3997 1479 4053 dicatur
1504 3999 1552 4053 ei
1587 4016 1603 4054 :
1639 4017 1659 4052 ‹
1698 3999 1776 4055 Tu
1804 4001 1928 4069 quis
1952 4016 2045 4065 es,

472 4086 568 4153 qui
602 4095 791 4140 contra
815 4089 1146 4156 respondeas
1177 4107 1197 4141 ι
1228 4089 1489 4145 domino?
1509 4091 1580 4145 ita
1611 4092 1820 4162 placet;
1862 4094 1936 4147 ita
1959 4095 2049 4147 do-

475 4175 622 4249 mino
648 4177 881 4232 videtur.
904 4177 1020 4233 Non
1051 4188 1180 4248 puto
1208 4190 1390 4234 autem
1417 4181 1565 4249 quod
1596 4185 1639 4236 si
1660 4182 1835 4238 ﬁdelis
1852 4197 2047 4237 servus

472 4248 531 4319 et
558 4268 796 4335 prudens
820 4268 1149 4340 interroget,
1192 4269 1378 4325 volens
1422 4271 1725 4342 intelligere
1772 4282 1826 4326 et
1859 4273 2044 4327 mirari

472 4359 793 4424 Sapientiam
822 4359 1026 4414 domini
1066 4361 1164 4432 (8),
1197 4363 1342 4432 quod
1367 4362 1585 4417 dicatur
1608 4365 1657 4418 ei
1697 4381 1711 4417 :
1759 4382 1778 4414 ε
1809 4363 1891 4447 ’ζυ
1924 4365 2046 4433 quis

469 4452 573 4506 es?
607 4471 627 4505 ι
692 4453 933 4522 Denique
983 4470 1103 4509 cum
1159 4455 1353 4511 Daniel
1403 4459 1662 4526 propheta
1717 4456 2044 4511 voluntatem

2146 3727 2201 3772 et
2231 3717 2403 3787 lignea
2453 3727 2509 3772 et
2555 3717 2781 3785 ﬁctilia,
2815 3730 2868 3774 et
2914 3720 3017 3774 alia
3048 3722 3266 3790 quidem
3311 3723 3382 3776 ad
3430 3723 3721 3780 honorem.

2149 3810 2256 3864 alia
2287 3817 2467 3865 autem
2508 3812 2574 3865 ad
2604 3812 3019 3867 contumeliam.
3049 3812 3105 3866 Si
3145 3825 3280 3881 ergo
3304 3814 3430 3882 quis
3461 3812 3721 3868 emunda-

2148 3903 2289 3957 verit
2317 3902 2667 3973 semetipsum
2695 3903 2766 3957 ab
2794 3905 2896 3968 his,
2921 3905 3028 3958 erit
3055 3919 3149 3959 vas
3179 3905 3246 3959 ad
3286 3906 3553 3961 honorem
3597 3920 3719 3958 san-

2147 3994 2465 4059 ctiﬁcatum,
2514 4003 2570 4050 et
2610 3995 2744 4051 utile
2777 3996 3025 4060 Domino,
3054 3996 3120 4049 ad
3154 4010 3321 4050 omne
3353 4011 3491 4065 opus
3522 3995 3723 4049 bonum

2148 4095 2392 4155 paratum
2426 4087 2492 4141 “.
2538 4104 2558 4140 ι
2603 4087 2772 4143 Audis
2803 4087 3003 4143 Paulus
3046 4091 3099 4142 in
3145 4087 3229 4142 his
3280 4089 3335 4142 in
3382 4087 3585 4158 quibus
3623 4102 3724 4141 non

2148 4180 2337 4233 habuit
2368 4187 2679 4247 protervum
2710 4178 3168 4233 contradictorem
3195 4218 3213 4243 ,
3253 4180 3529 4249 quomodo
3569 4192 3728 4231 vaso-

2148 4285 2265 4324 rum
2292 4269 2633 4324 diversitates
2666 4271 2922 4338 aperuit?
2950 4269 3083 4324 Nam
3124 4271 3199 4325 ibi
3234 4272 3326 4325 ubi
3366 4273 3589 4325 auditor
3624 4285 3725 4323 non

2146 4370 2269 4415 erat
2326 4360 2543 4428 dignus,
2590 4360 2684 4414 sed
2730 4360 3106 4415 contradictor
3156 4369 3319 4423 erat,
3370 4364 3485 4413 sola
3542 4357 3730 4412 ﬁctilia

2147 4467 2276 4507 vasa
2306 4461 2729 4519 commemorat;
2765 4453 2855 4507 hic
2896 4461 3076 4507 autem
3119 4463 3177 4506 et
3205 4467 3375 4507 aurea
3416 4452 3557 4507 dicit
3588 4467 3728 4511 esse,

475 4543 687 4597 Domini
712 4545 1075 4600 desiderasset
1091 4560 1412 4615 agnoscere,
1440 4547 1580 4599 unde
1602 4555 1658 4600 et
1690 4566 1708 4598 ¢
1736 4547 1817 4601 vir
1838 4546 2044 4601 desidc-
2075 4559 2118 4612 ο
2147 4555 2200 4601 et
2243 4558 2531 4615 argentea,
2567 4555 2622 4601 et
2652 4546 2853 4617 lignea,
2898 4553 2952 4601 et
2997 4544 3183 4599 ﬁctilia
3211 4562 3227 4599 :
3259 4554 3313 4599 et
3360 4545 3465 4598 alia
3508 4545 3729 4614 quidem

476 4635 683 4689 riorum
705 4634 749 4666 "
787 4655 808 4688 ι
848 4636 1153 4706 appellatus
1188 4647 1304 4704 est,
1341 4653 1447 4692 non
1475 4648 1560 4692 est
1591 4636 1667 4711 (9)
1703 4639 1750 4692 ei
1784 4640 1987 4694 dictum
2027 4657 2041 4693 :

475 4748 493 4781 1
529 4727 608 4782 'l‘u
639 4729 762 4798 quis
791 4730 892 4785 es?
921 4749 940 4781 ι
977 4730 1075 4785 scd
1106 4730 1302 4785 missus
1324 4740 1409 4786 est
1430 4731 1673 4799 angelus,
1703 4732 1795 4803 qui
1832 4747 1955 4786 eum
1978 4732 2047 4787 de

538 4851 585 4883 “
614 4848 779 4903 Rom.
811 4866 870 4909 ιι.
900 4848 953 4913 4,
990 4849 1042 4902 5.
1120 4849 1166 4880 ’³
1192 4848 1351 4903 Rom.
1387 4864 1461 4913 Ix,
1491 4849 1583 4914 20,
1615 4849 1707 4903 21.

1802 4852 1851 4885 ’⁸
1879 4848 2046 4906 Marc.
2086 4866 2165 4913 xu,
2193 4849 2283 4914 28;
2313 4848 2557 4911 Luc-.xx,
2588 4846 2642 4901 ‘2.
2719 4848 2764 4878 ”
2798 4846 2926 4899 Dan.
2969 4862 3044 4913 Ix,
3068 4845 3159 4900 25.

2151 4639 2283 4693 dicit
2308 4637 2417 4708 (14)
2452 4653 2570 4692 esse
2612 4639 2680 4692 ad
2718 4640 2997 4702 honorem,
3038 4637 3142 4690 alia
3178 4652 3311 4690 vero
3350 4637 3418 4689 ad
3444 4644 3735 4689 contume-

2154 4731 2281 4785 liam
2310 4730 2453 4785 ﬁeri.
2485 4728 2752 4784 Similiter
2781 4738 2835 4784 et
2865 4729 2957 4783 ubi
2977 4729 3295 4783 tnemoravit
3317 4728 3429 4798 (l5)
3457 4728 3730 4781 rationem

3249 4847 3295 4878 ⁸⁸⁸
3321 4846 3452 4901 ibid.
3510 4845 3581 4899 21
3618 4860 3732 4913 seq.

471 4923 517 4964 ’ν
554 4919 714 4976 Jom.
760 4936 812 4983 v,
855 4920 945 4974 59.
1026 4919 1072 4951 ’⁸
1098 4917 1299 4974 Jerem.
1326 4935 1480 4982 xvm,
1514 4920 1568 4986 5,
1594 4921 1646 4973 6.
1722 4919 1767 4949 ¹⁹
1797 4919 1964 4975 Eccli.
1996 4938 2046 4974 χι

2200 4927 2253 4974 li.
2328 4919 2372 4950 ³⁰
2405 4918 2444 4971 ll
2475 4917 2615 4975 Tilll.
2652 4932 2708 4978 11,
2736 4917 2827 4981 ευ,
2855 4916 2945 4972 21.

542 5064 656 5132 (98)
689 5064 829 5119 Editi
865 5063 1286 5134 pratermittunt
1309 5060 1473 5134 «eius
1495 5074 1548 5116 et
1573 5062 1871 5134 patientiae.
1915 5079 1935 5112 ι

538 5131 651 5206 (99)
689 5131 911 5206 Editi,'¢
937 5135 1248 5206 patienter.
1288 5151 1307 5184 1
1345 5131 1445 5186 Ms.
1490 5147 1630 5206 unus
1667 5141 1720 5206 et
1764 5131 2038 5195 Rabanus,

474 5223 493 5255 ι
531 5201 825 5272 patientia).
866 5225 884 5256 r
922 5201 1117 5258 Cteteri
1158 5216 1315 5266 mss.,
1355 5220 1375 5253 r
1416 5201 1773 5272 paenitentiae.
1808 5220 1828 5253 ι

556 5275 634 5343 (1)
669 5273 834 5337 Editi,
870 5294 889 5327 ι
927 5274 1069 5345 quod
1098 5274 1263 5337 dicis,
1295 5282 1349 5345 tu
1375 5274 1465 5341 qui
1504 5272 1762 5345 Apostolo
1792 5272 2045 5345 adversa-

472 5345 569 5398 ris.
606 5341 626 5396 ί
675 5341 1001 5409 ιιεὼειιιιιεξ(
1039 5345 1180 5412 quod
1212 5344 1347 5397 dicit
1390 5341 1718 5413 Apostolus,
1764 5353 1820 5396 tu
1866 5341 1980 5412 qui,
2020 5360 2040 5394 ι

472 5425 581 5470 etc.
612 5415 717 5469 Sed
754 5417 939 5469 caeteri
981 5430 1111 5469 mss.
1146 5414 1283 5467 utin
1309 5425 1497 5468 nusuo
1522 5423 1695 5468 textu.

545 5483 620 5555 (‘2)
642 5484 782 5538 Editi
810 5496 932 5554 post
968 5505 987 5536 (
1019 5485 1270 5538 convenit
1306 5502 1325 5536 ι
1354 5486 1578 5549 addunt,
1608 5503 1626 5535 ‹
1658 5484 1895 5538 Attende
1917 5482 2044 5551 quid

477 5554 630 5609 dicit.
665 5572 688 5608 ι
728 5555 837 5626 Sed
873 5558 987 5609 [nec
1010 5555 1171 5607 verba
1199 5571 1463 5624 nusquam
1487 5565 1800 5626 comparent
1829 5556 1880 5607 in
1916 5568 2044 5606 ωδε.

474 5639 576 5680 nec
595 5625 733 5693 apud
769 5625 1069 5680 Rabanuut.

541 5695 618 5761 ('5)
647 5693 867 5749 Contra.
906 5694 1067 5746 Deest
1093 5695 1144 5746 in
1168 5694 1350 5750 editis.

551 5766 630 5833 (4)
661 5766 789 5818 Eos.
818 5763 1102 5817 Omittitur
1126 5767 1177 5817 in
1198 5766 1379 5821 editis.

553 5835 629 5905 (Ei)
657 5835 901 5900 Quidum.
934 5834 1278 5889 Desideratur
1308 5836 1359 5889 in
1392 5846 1550 5892 antea
1580 5838 1760 5894 editis.

2157 5085 2183 5119 ι
2221 5060 2299 5127 (6)
2328 5059 2495 5126 Editi,
2526 5077 2545 5110 ‹
2571 5073 2669 5129 per
2691 5073 2753 5112 ea
2776 5073 2894 5129 quae
2926 5057 3236 5127 respondet.
3270 5074 3289 5108 ι
3322 5054 3449 5111 Mss.
3476 5055 3730 5124 quidam,

2155 5149 2173 5181 1
2212 5147 2306 5199 per
2332 5146 2429 5184 eas
2466 5145 2585 5198 qua:
2620 5129 3017 5200 responsiones,
3043 5146 3063 5178 ο
3097 5137 3206 5180 etc.

2221 5202 2296 5270 (7)
2332 5197 2497 5268 Editi,
2528 5219 2547 5250 1
2587 5197 2929 5253 contumacis
2950 5210 3079 5270 ergo
3101 5211 3223 5270 quae
3245 5197 3367 5270 erit,
3409 5205 3593 5270 rAetc.

2217 5266 2291 5340 (8)
2322 5266 2489 5340 Editi,
2519 5288 2538 5320 (
2573 5280 2629 5324 et
2661 5271 2937 5340 admirans
2960 5268 3285 5340 sapientiam
3321 5266 3562 5321 domini.
3602 5285 3626 5320 ι

2226 5338 2301 5409 (9)
2328 5339 2609 5396 Otnittitur
2650 5360 2670 5392 ι
2702 5352 2785 5394 est
2823 5360 2842 5392 1
2876 5339 2929 5392 in
2959 5338 3144 5409 editis.

2222 5407 2331 5483 (10)
2364 5411 2528 5483 Editi,
2551 5427 2570 5461 t
2594 5410 2652 5465 Si
2697 5410 2901 5483 aliquid
2926 5408 3127 5462 secreti
3166 5407 3259 5462 Dei
3276 5417 3343 5483 _et
3371 5409 3679 5463 reconditi.
3709 5426 3735 5463 r

2220 5477 2525 5549 (li)‘Editi,
2561 5500 2579 5532 ι
2610 5477 3098 5550 contemptionem,
3129 5496 3153 5529 ι
3182 5477 3343 5550 male.

2218 5554 2332 5622 (l2)
2359 5551 2527 5622 Editi,
2560 5570 2579 5603 ‹
2618 5551 2812 5618 ﬁgulus
2832 5549 2878 5622 ei
2911 5550 3087 5622 inquit
3114 5549 3232 5617 qui,
3274 5566 3296 5601 ι
3322 5558 3428 5622 etc.

2218 5619 2328 5694 (15)
2356 5621 2524 5686 Editi,
2566 5640 2586 5672 ε
2632 5636 2794 5691 opera
2833 5619 2925 5675 Dei
2963 5620 3247 5687 sapienter
3274 5621 3327 5675 in
3360 5619 3737 5690 dispensatio-

2146 5696 2325 5755 nihus,
2367 5712 2385 5743 ι
2412 5703 2517 5747 etc.

2217 5767 2330 5833 (14)
2362 5761 2522 5833 Dicit.
2551 5762 2715 5817 Deest
2745 5763 2796 5815 itt
2827 5761 3006 5817 editis.

2217 5832 2327 5906 (l5)
2361 5832 2521 5902 Editi,
2564 5853 2581 5885 1
2629 5833 2891 5888 Similiter
2921 5843 2973 5888 et
3009 5833 3097 5887 hic
3135 5832 3464 5888 memoravit
3488 5874 3504 5899 ,
3569 5853 3588 5886 ι
3624 5843 3729 5887 etc.

3121 6545 3146 6550 —
3232 6546 3256 6550 -
3334 6545 3354 6550 ς
3434 6547 3464 6554 ἡ.
3526 6550 3529 6551 ν
3552 6553 3563 6555 __
