3766 6536
77 391 229 447 1149

1037 390 1391 450 COMMENT.
1433 391 1500 446 ΙΝ
1535 389 1753 447 EPIST.
1794 391 1886 446 AD
1926 393 2091 449 ROM.
2134 394 2263 449 LIB.
2304 393 2418 449 VII.

3189 393 3328 449 1150

75 526 262 582 quare
285 510 386 565 alia
417 510 484 566 ad
520 511 812 577 honorem,
859 510 965 566 alia
1005 527 1138 567 vero
1164 514 1231 569 ad
1271 512 1655 567 contumeliam
1689 516 1734 571 Α
1760 511 1923 583 617
1955 515 2044 568 hic
2083 514 2218 568 nihil
2246 514 2351 567 tale
2387 512 2581 578 reddit,
2628 511 2722 566 sed
2762 510 2916 581 quasi
2969 522 3154 581 ngam
3193 524 3328 565 eo...

79 605 261 656 tiant:
296 602 368 658 ibi
404 602 577 666 siluit,
609 602 699 657 hic
726 604 958 668 aperuit.
994 620 1012 653 ι
1057 601 1114 656 Si
1149 605 1293 658 enim
1319 605 1439 672 quis
1462 619 1656 658 emun-

76 693 300 746 daverit
353 693 718 761 semetipsum,
769 692 962 761 inquit,
1023 694 1092 746 ab
1145 694 1249 760 his,
1286 713 1306 747 ο
1341 694 1457 748 siue
1498 694 1660 748 dubio

75 784 296 848 peccati
327 783 611 848 sordibus,
644 802 664 835 ι
704 784 808 838 erit
834 786 904 839 ad
928 785 1191 840 honorem
1217 800 1315 839 vas
1348 785 1657 841 sanctifica-

76 885 221 940 tum,
252 885 310 930 et
336 876 470 930 utile
510 875 769 941 Domino,
814 877 882 931 ad
908 892 1067 931 omne
1103 892 1240 948 opus
1265 878 1465 933 bonum
1501 894 1660 949 para-

76 975 197 1019 tum
237 965 307 1021 ⁸¹.
345 984 366 1018 ι
409 965 598 1019 Restat
618 966 782 1035 igitur
808 976 867 1019 ut
895 966 987 1032 qui
1018 982 1079 1021 se
1112 981 1219 1020 non
1250 967 1655 1028 emundaverit,

75 1070 181 1110 nec
210 1072 314 1122 per
343 1056 721 1126 pmnitentiam
742 1055 954 1123 peccati
996 1055 1234 1111 maculas
1256 1055 1488 1110 abluerit
1523 1055 1654 1126 (16),

72 1147 148 1200 sit
174 1161 284 1202 vas
318 1146 387 1200 ad
421 1144 824 1201 contumeliam.
869 1144 1023 1212 Quod
1060 1154 1115 1199 et
1160 1146 1206 1200 si
1255 1147 1466 1201 auxerit
1498 1146 1657 1202 mali-

75 1238 240 1300 tiam,
267 1246 321 1291 et
345 1236 586 1292 converti
623 1251 721 1305 per
738 1235 994 1289 duritiam
1025 1237 1225 1292 mentis
1250 1249 1306 1291 et
1333 1252 1431 1292 cor
1467 1238 1659 1308 imptu-

75 1328 266 1382 uitens
293 1329 509 1383 omnino
532 1326 941 1394 contempserit,
971 1325 1206 1395 eritjam
1234 1342 1338 1382 non
1360 1328 1532 1383 solum
1562 1344 1658 1383 vas

73 1419 450 1482 contumeliae,
506 1418 601 1474 sed
648 1426 704 1472 et
755 1432 852 1471 vas
913 1418 1026 1473 irse.
1091 1417 1168 1472 lta
1217 1435 1346 1490 ergo
1392 1422 1654 1476 rationem

74 1527 247 1578 quam
273 1511 341 1564 ibi
373 1510 591 1578 indigne
621 1507 972 1578 poscentibus
1008 1509 1231 1578 claudit,
1267 1512 1355 1567 hic
1379 1513 1539 1582 digne
1561 1513 1658 1566 de-

74 1603 451 1656 siderantibus
492 1601 682 1671 pandit
723 1619 738 1656 :
775 1619 873 1672 per
916 1617 1078 1673 quam
1128 1603 1293 1658 etiam
1343 1603 1472 1658 illud
1515 1604 1656 1673 quod

75 1694 242 1761 paulo
269 1703 393 1748 ante
421 1693 666 1751 delacoh
686 1706 742 1750 et
774 1698 915 1753 Esau
952 1696 1233 1768 proposuit
1260 1696 1396 1768 (17),
1416 1700 1659 1766 apertius

74 1787 424 1854 cXplanatur.
474 1784 540 1841 Ut
582 1787 727 1841 enim
764 1787 931 1843 Jacob
970 1797 1119 1843 esset
1150 1802 1247 1842 vas
1292 1789 1358 1840 ad
1394 1788 1654 1842 honorem

1754 605 2089 673 junctionem
2121 607 2277 660 istam
2321 605 2571 673 reliquit;
2598 620 2719 675 qum
2751 604 2918 660 etiam
2954 603 3000 657 si
3037 617 3142 658 non
3172 618 3328 657 assu-

1761 707 1972 761 matur,
2018 698 2250 751 lucidior
2310 700 2514 766 absque
2563 711 2629 751 ea
2693 696 2912 750 dabitur
2965 693 3325 749 intellectus:

1759 788 1906 841 verbi
1934 803 2121 851 causa,
2152 797 2210 841 ut
2244 788 2313 840 ita
2346 788 2587 857 legamus
2618 805 2632 839 :
2674 805 2693 837 ι
2737 785 2937 840 Volens
2968 784 3109 838 Deus
3137 793 3329 838 osten-

1758 875 1890 930 dere
1919 876 2079 940 iram,
2116 888 2171 931 et
2200 888 2384 931 notam
2417 877 2601 930 facere
2625 876 2918 945 potentiam
2947 889 3125 938 suam,
3158 875 3326 928 susti-

1759 969 1877 1022 nuit
1914 969 1966 1022 in
2001 968 2164 1022 multa
2193 970 2457 1039 patientia
2493 984 2617 1023 vasa
2664 970 2755 1023 ira:
2790 978 2914 1037 apta
2954 969 3009 1021 in
3060 967 3321 1035 perditio-

1727 1071 1905 1122 .nem,
1941 1066 2000 1112 ut
2042 1070 2199 1113 notas
2244 1060 2450 1115 faceret
2478 1060 2698 1114 divitias
2744 1059 2928 1128 glorite
2954 1073 3066 1112 sum
3095 1058 3148 1111 in
3179 1057 3330 1110 vasis

1758 1150 2165 1205 misericordiae.
2203 1170 2223 1204 ι
2263 1151 2320 1205 ιιι
2363 1165 2472 1221 quo
2514 1152 2618 1205 hoc
2649 1151 2866 1204 videtur
2909 1149 3162 1219 intelligi,
3202 1150 3329 1216 quia

1758 1238 1884 1293 dum
1932 1239 2162 1294 sustinet
2198 1240 2340 1294 Deus
2387 1249 2444 1295 et
2483 1240 2754 1308 patienter
2798 1236 2905 1293 fert
2947 1237 3253 1292 incredulos
3277 1248 3333 1291 et

1759 1328 2028 1395 inﬁdeles,
2076 1340 2262 1386 notam
2308 1332 2444 1387 facit
2485 1331 2795 1386 hominibus
2826 1338 2881 1384 et
2924 1330 3239 1399 patientiam
3276 1339 3349 1387 ct.

1759 1423 2054 1491 potentiam
2080 1437 2238 1477 suam
2274 1423 2670 1492 :‘patientiam,
2708 1422 2835 1476 dum
2877 1421 2968 1474 diu
3003 1422 3253 1482 sustinet,
3284 1421 3331 1473 si

1758 1511 1899 1567 forte
1921 1512 2272 1582 resipiscant,
2297 1523 2353 1567 et
2373 1520 2763 1567 convertantur
2787 1526 2803 1577 ;
2845 1512 3170 1580 potentiam,
3198 1510 3328 1563 dum

1759 1603 2052 1673 aliquando
2080 1604 2258 1673 punit,
2281 1615 2338 1659 et
2366 1604 2568 1675 flagitia
2599 1619 2706 1659 non
2743 1610 3130 1671 Usquequaque
3161 1601 3328 1654 inulta

1758 1696 2110 1765 derelinquit.
2148 1697 2214 1751 Et
2245 1711 2462 1751 rursum
2499 1714 2518 1747 ι
2559 1696 2615 1749 in
2668 1694 2811 1747 vasis
2858 1694 3264 1758 misericordiae,
3304 1711 3323 1743 ο

1760 1788 1864 1842 hoc
1915 1797 2019 1852 est,
2070 1789 2162 1859 qui
2210 1790 2531 1858 semetipsos
2579 1788 3012 1842 emnndaverunt
3056 1786 3124 1837 ab
3175 1784 3329 1836 omni

73 1876 503 1940 sanctiﬁcatum,
538 1887 592 1929 et
624 1876 753 1930 utile
795 1876 1023 1932 Domino
1046 1917 1061 1942 ,
1099 1877 1167 1931 ad
1192 1891 1355 1931 omne
1382 1891 1520 1945 opus
1559 1878 1657 1931 bo-
1689 1864 1737 1924 Β
1761 1880 1921 1935 sorde
1954 1881 2185 1949 peccati,
2213 1897 2278 1935 ex
2311 1897 2416 1950 qua
2452 1899 2474 1933 ι
2512 1882 2744 1936 mundus
2770 1896 2875 1935 non
2906 1890 2990 1933 est
3016 1878 3328 1945 quisquam,

74 1983 203 2019 num
228 1978 500 2035 paratum,
519 1969 697 2021 anima
716 1968 832 2035 ejus
847 1969 1245 2024 emundaverat
1268 1968 1615 2035 semetipsam
1637 1984 1651 2020 :

74 2072 123 2113 et
155 2060 353 2114 videns
381 2059 521 2114 Deus
546 2061 834 2125 puritatem
864 2060 1005 2130 ejus,
1024 2071 1078 2115 et
1097 2068 1420 2132 potestatem
1451 2060 1655 2114 habens

77 2167 141 2205 es
177 2154 377 2206 eadem
410 2167 584 2206 massa
614 2151 795 2207 facere
820 2153 965 2207 aliud
994 2168 1087 2207 vas
1104 2155 1169 2208 ad
1202 2152 1485 2216 honorem,
1509 2152 1655 2207 aliud

76 2246 141 2296 ad
182 2244 605 2309 contumeliam,
657 2243 824 2301 Jacob
870 2244 1089 2316 quidem
1132 2245 1246 2314 qui,
1284 2254 1341 2300 ut
1398 2246 1652 2311 diximus,

75 2335 470 2390 emundaverat
495 2335 606 2406 (18)
621 2337 995 2405 semetipsum,
1015 2335 1147 2391 fecit
1165 2352 1260 2391 vas
1282 2338 1353 2391 ad
1372 2337 1655 2403 honorem;

81 2425 220 2478 Esau
257 2439 388 2480 vero
414 2426 567 2493 cujus
584 2427 818 2480 animam
843 2441 948 2480 non
979 2426 1053 2480 ita
1081 2442 1273 2496 puram
1301 2443 1402 2483 nec
1429 2427 1502 2482 ita
1526 2429 1658 2481 sitn-

79 2517 279 2583 pliccm
315 2518 483 2582 vidit,
511 2534 577 2572 ex
618 2519 806 2573 eadem
845 2532 1026 2574 massa
1060 2519 1192 2574 fecit
1223 2534 1319 2574 vas
1363 2519 1429 2573 ad
1462 2528 1656 2574 contu-

81 2613 324 2666 tneliam.
361 2612 428 2668 Ut
450 2622 627 2668 autem
651 2615 795 2669 scias
817 2614 961 2681 quod
985 2628 1084 2679 pro
1110 2613 1347 2683 puritate
1373 2622 1429 2667 et
1448 2613 1658 2680 simpli-

80 2707 250 2760 citate
293 2708 486 2761 animae
524 2704 695 2760 Jacob
726 2706 904 2761 factus
929 2706 1095 2761 fuerit
1134 2722 1228 2761 vas
1260 2707 1326 2760 ad
1374 2708 1656 2766 honorem,

81 2798 206 2850 andi
250 2796 407 2865 quale
445 2798 492 2850 ei
523 2796 705 2850 divina
758 2796 1041 2866 Scriptura
1085 2797 1456 2865 simplicitatis
1504 2797 1660 2850 testi-

82 2887 324 2940 monium
384 2888 649 2955 perhibet.
700 2906 718 2939 t
748 2888 815 2942 Et
863 2899 1002 2954 erat,
1051 2890 1247 2958 inquit,
1299 2888 1466 2944 Jacob
1494 2890 1659 2945 homo

81 2978 335 3048 simplex,
365 2977 615 3033 habitans
646 2979 867 3035 domum
898 2980 965 3035 ³¹.
1010 2998 1029 3031 ι
1068 2980 1191 3035 Ideo
1222 2997 1351 3051 ergo
1371 2983 1659 3050 Apostolus

82 3070 214 3123 dicit
238 3069 305 3123 de
328 3069 428 3135 eis,
466 3069 590 3136 quia
615 3072 932 3140 priusquam
969 3080 1326 3125 nascerentur
1358 3072 1560 3125 dicitur
1592 3073 1658 3127 de

84 3174 159 3213 ets
186 3176 203 3211 :
243 3177 264 3210 ι
299 3156 461 3212 Iacob
485 3159 667 3223 dilexi,
701 3160 839 3214 Esau
871 3170 1051 3214 autem
1079 3162 1204 3215 odio
1238 3162 1398 3216 habui
1422 3163 1544 3219 ³³’.ι

150 3250 242 3305 18.
286 3268 304 3300 ι
348 3252 497 3316 Quod
530 3253 572 3304 si
601 3252 788 3307 volens
815 3251 960 3308 Deus
989 3253 1276 3308 ostendere
1303 3255 1460 3317 iram,
1488 3264 1540 3309 et
1555 3270 1655 3310 no-
1683 3234 1725 3292 θ

86 3353 190 3395 tam
214 3342 398 3396 facere
431 3344 722 3412 potentiam
754 3360 937 3409 suam,
967 3344 1230 3399 sustinuit
1264 3346 1317 3400 in
1354 3346 1518 3400 multa
1560 3363 1655 3416 pa-

86 3437 276 3489 tientia
310 3450 437 3489 vasa
473 3437 568 3489 ira:
589 3446 712 3506 apta
747 3438 798 3491 in
827 3438 1207 3506 perditionem,
1241 3450 1299 3492 ut
1333 3449 1487 3494 notas
1513 3439 1658 3495 face-

88 3539 165 3581 ret
184 3529 402 3582 divitias
431 3528 616 3598 gloria:
648 3544 761 3585 sua:
789 3531 840 3583 in
886 3531 1031 3584 vasis
1072 3530 1495 3596 misericordia,
1538 3550 1657 3601 qua:

87 3621 411 3690 przeparavit
448 3621 499 3673 in
544 3621 767 3691 gloriam
801 3637 953 3675 suam
991 3637 1005 3673 :
1042 3636 1179 3689 quos
1220 3631 1277 3676 et
1314 3625 1531 3677 vocavit
1559 3639 1658 3679 nos

88 3728 190 3765 nou
217 3711 392 3765 solum
426 3712 537 3782 (19)
572 3727 638 3766 ex
672 3710 897 3775 Judaeis,
949 3713 1040 3766 sed
1068 3713 1229 3765 etiam
1277 3727 1345 3766 ex
1386 3713 1655 3781 gentibus,

88 3805 225 3857 sicut
239 3804 293 3857 in
310 3802 449 3858 Osee
466 3804 625 3857 dicit:
647 3803 860 3857 Vocabo
880 3820 987 3857 non
1005 3802 1215 3872 plebem
1234 3818 1430 3866 meam,
1446 3803 1656 3871 plebem

90 3909 291 3958 meam;
324 3903 379 3948 et
409 3910 514 3949 non
539 3894 809 3959 dilectam,
833 3893 1112 3957 dilectam;
1137 3905 1313 3949 etnon
1349 3895 1659 3949 misericor-

87 3985 227 4039 diam
249 3996 615 4051 consecutam,
633 3986 1054 4041 misericordiam
1074 3986 1654 4041 consecutam.Eterit:

91 4078 141 4129 ln
175 4078 319 4141 loco,
343 4078 435 4132 ubi
456 4077 658 4131 dictum
682 4087 765 4131 est
792 4078 873 4132 eis
902 4095 915 4130 :
941 4075 1055 4130 Non
1082 4078 1234 4147 plebs
1260 4093 1380 4133 mea
1413 4092 1510 4133 vos
1536 4095 1551 4131 :
1587 4079 1659 4132 ibi

90 4171 426 4223 vocabuntur
454 4169 547 4222 lilii
570 4168 662 4222 Dei
696 4169 800 4222 vivi
830 4170 898 4224 ³⁸.
935 4189 953 4220 ι
991 4169 1145 4238 Saepe
1180 4171 1245 4223 de
1283 4170 1661 4239 incompositis

91 4262 485 4316 elocutionibus
507 4262 751 4331 Apostoli
775 4261 1187 4329 defectibusque
1203 4276 1392 4316 earum
1421 4277 1660 4316 commo-

94 4355 326 4416 lttlitlltts,
357 4355 500 4423 quod
535 4356 668 4408 etin
699 4355 948 4424 przcsenti
981 4353 1099 4408 loco
1131 4353 1482 4408 nihilominus
1505 4354 1661 4407 inve-

93 4448 249 4499 uitur.
316 4444 430 4497 Non
491 4448 634 4499 enim
689 4448 933 4501 redditur
992 4446 1058 4501 ad
1115 4447 1317 4516 aliquid
1380 4447 1485 4502 hoc
1546 4447 1659 4518 (ἳο)

93 4540 226 4603 quod
284 4538 361 4591 ait
404 4538 456 4590 in
505 4539 772 4609 principio
817 4538 1041 4608 capituli
1080 4556 1093 4592 :
1134 4557 1151 4589 ι
1186 4538 1339 4604 Quod
1383 4540 1425 4593 si
1474 4540 1663 4595 volens

96 4631 247 4685 Dens.
297 4652 315 4683 ι
369 4630 527 4685 Verbi
587 4648 791 4696 causa,
866 4642 924 4685 ut
992 4642 1048 4686 et
1112 4632 1166 4685 in
1225 4631 1347 4687 aliis
1411 4632 1522 4701 ipse
1584 4636 1664 4691 di-

96 4722 272 4776 xit“:
306 4742 325 4774 ι
368 4722 521 4789 Quod
544 4724 589 4777 si
623 4724 874 4793 primitiae
899 4734 1124 4787 sanctae,
1143 4733 1197 4777 et
1229 4739 1406 4778 massa
1438 4723 1553 4795 (2|)
1584 4743 1596 4779 :
1636 4745 1657 4779 ι

161 4906 202 4937 ³³
237 4906 278 4960 11
313 4904 456 4960 Tim.
487 4921 547 4963 tt.
596 4902 683 4959 2L

99 4976 258 5033 ³⁸101)
285 4992 397 5041 xiv,
428 4976 485 5041 4,
519 4975 571 5028 5.
676 4973 721 5004 ³⁸
751 4972 895 5028 Psal.
925 4987 1055 5039 xxx,
1094 4970 1185 5025 ‘20.

163 5113 273 5235 (16)
299 5112 465 5195 Editi,
496 5131 515 5163 t
557 5111 822 5191 maculam
845 5108 1101 5164 abluerit.
1138 5128 1157 5160 ι

194 5184 277 5235 l7t
311 5183 488 5235 Altus.
522 5202 539 5234 ι
574 5190 845 5235 nrouontt.
879 5200 898 5231 ι

194 5184 277 5252 l7)
311 5183 488 5247 Alias,
522 5202 539 5234 ι
574 5182 845 5252 pr0ponit.
879 5200 898 5231 ι

168 5251 509 5324 (l8)Alias,t
546 5252 881 5324 emundavit.
926 5268 947 5301 ι

170 5319 278 5396 (19)
300 5324 528 5396 ῨΕιίἰιίν(
561 5322 795 5377 sustinet
831 5324 881 5374 in
922 5319 1089 5396 multa
1118 5319 1390 5396 patientia
1414 5334 1539 5396 vasa
1571 5321 1666 5374 irze

102 5389 215 5462 apta
247 5389 313 5448 ad
336 5395 643 5453 interitum,
671 5402 729 5444 ιιι
753 5392 1069 5462 ostenderet
1098 5390 1317 5462 divitias
1344 5389 1527 5460 gloriae
1555 5407 1666 5444 sua:

104 5460 152 5515 in
175 5480 394 5519 vasa....
424 5479 545 5532 quae
569 5463 892 5531 praeparavit
917 5464 967 5516 in
990 5460 1241 5531 glbriam,
1268 5475 1408 5529 quos
1427 5470 1483 5515 et
1504 5476 1667 5515 voca-

107 5535 172 5586 vit
192 5553 294 5588 non
326 5535 524 5598 solum,
569 5552 588 5585 ι
615 5544 720 5586 etc.

189 5606 275 5674 20)
307 5605 402 5658 Sic
444 5618 572 5657 mss.
617 5598 1187 5674 pleriquetflabanus
1212 5644 1224 5665 ,
1262 5600 1530 5674 (ξιξ-ιιιιίιίτῇ
1563 5598 1664 5674 his.

108 5668 221 5727 vero
251 5668 453 5745 Regius
478 5668 803 5736 ttuttt.i659,
837 5690 857 5721 ι
894 5668 1010 5725 Non
1033 5673 1175 5728 enim
1206 5671 1437 5727 reddidit
1462 5669 1666 5740 aliquid

109 5745 165 5796 ad
187 5745 302 5808 hoc,
336 5763 356 5796 ι
382 5753 490 5798 etc.

168 5813 273 5885 (2t)
297 5815 467 5881 Alias,
508 5832 527 5865 ι
563 5821 617 5867 et
641 5826 851 5866 massae.
887 5827 906 5863 ι

1757 1972 1967 2028 etiamsi
2012 1973 2172 2028 unius
2216 1974 2324 2027 diei
2372 1973 2537 2028 fuerit
2579 1975 2685 2029 vita
2719 1972 2836 2041 ejus
2869 1972 2913 2003 ³⁵
2940 1968 3087 2042 (Ξῖ),Δ
3118 1988 3136 2021 ι
3175 1980 3333 2023 notas

1759 2062 2131 2120 facitdivitias
2164 2065 2351 2133 gloria:
2375 2081 2485 2120 sua:
2511 2080 2527 2118 :
2554 2080 2675 2134 qua:
2717 2080 2843 2119 vasa
2891 2079 2998 2117 non
3040 2062 3332 2115 irrationa-

1758 2149 1851 2204 bili
1884 2150 2084 2220 aliqua,
2113 2161 2209 2205 aut
2236 2152 2458 2208 fortuita
2501 2153 2700 2222 gratia,
2739 2154 2830 2208 sed
2860 2152 3115 2221 quoniam
3154 2151 3269 2219 ipsa
3299 2166 3329 2201 a

1758 2244 2087 2312 supradictis
2119 2244 2234 2311 (25)
2280 2245 2536 2299 sordibus
2587 2260 2646 2300 se
2682 2253 3140 2314 expurgaverant,
3194 2257 3330 2311 pra:—

1759 2336 1973 2404 paravit
1999 2336 2051 2390 in
2073 2336 2331 2405 gloriam.
2358 2335 2511 2402 Quod
2547 2345 2726 2391 autem
2761 2334 3083 2402 subjungit:
3126 2350 3146 2384 ι
3185 2332 3333 2398 Quos

1759 2437 1816 2481 et
1845 2427 2055 2481 vocavit
2084 2443 2182 2483 nos
2205 2428 2355 2498 (24);
2397 2448 2417 2480 ι
2451 2443 2549 2497 pro
2584 2443 2650 2481 eo
2677 2437 2739 2481 ut
2777 2427 2821 2480 si
2864 2427 3091 2480 dixisset
3127 2442 3143 2479 :
3179 2425 3333 2479 Sicut

1762 2534 1863 2574 nos
1896 2535 2032 2588 quos
2061 2520 2272 2574 vocavit
2298 2538 2317 2570 ι
2365 2536 2470 2573 non
2502 2518 2672 2572 solum
2713 2533 2779 2572 ex
2810 2514 3029 2581 Judzeis,
3052 2516 3145 2570 sed
3167 2515 3328 2568 etiam

1760 2626 1825 2664 ex
1868 2614 2143 2679 gentibus.
2186 2630 2205 2663 ι
2247 2611 2542 2679 Superiora
2574 2612 2720 2663 enim
2760 2609 2914 2678 quasi
2957 2609 3023 2661 de
3047 2607 3333 2661 Pharaone

1759 2700 1851 2770 qui
1878 2699 1980 2754 fuit
2006 2715 2097 2754 vas
2120 2701 2237 2764 iraa,
2258 2709 2314 2753 et
2330 2699 2398 2753 de
2426 2700 2554 2753 filiis
2591 2698 2752 2753 Israel
2775 2702 2866 2767 qui
2892 2710 3049 2752 erant
3073 2712 3196 2749 vasa
3242 2696 3336 2748 ιιιί·

1761 2793 2093 2855 ευτίοοτιίίω,
2154 2800 2475 2861 prosecutus
2547 2791 2781 2845 videtur.
2857 2790 2954 2843 llic
3006 2804 3139 2859 ergo
3187 2789 3332 2857 quod

1760 2881 2058 2951 subjungit,
2090 2899 2109 2931 ι
2146 2880 2294 2947 Quos
2315 2892 2373 2935 et
2404 2880 2620 2934 vocavit
2647 2895 2764 2942 nos,
2794 2896 2900 2933 non
2936 2880 3109 2933 solum
3141 2893 3205 2932 ex
3229 2876 3327 2931 lu-

1762 2973 1914 3037 dmis,
1951 2975 2044 3028 sed
2074 2972 2237 3027 etiam
2279 2988 2349 3027 cx
2394 2974 2665 3044 gentibus,
2696 2991 2715 3024 ι
2736 2972 3147 3026 similitudinem
3178 2971 3333 3024 vide-

1763 3076 1852 3120 tur
1882 3079 2161 3120 assumere
2192 3083 2206 3119 :
2242 3064 2347 3119 hoc
2395 3073 2501 3128 est,
2548 3072 2605 3117 ut
2650 3064 2724 3116 ita
2771 3063 2975 3116 dictum
3031 3062 3333 3117 videatur:

1762 3160 1990 3214 Sicutet
2023 3173 2122 3212 nos
2156 3170 2343 3212 sumus
2390 3170 2519 3209 vasa
2561 3154 2972 3220 misericordiae,
3003 3169 3145 3224 quos
3170 3170 3332 3208 voca-

1763 3252 1839 3304 vit
1873 3264 1978 3305 non
2007 3247 2182 3305 solum
2227 3262 2293 3302 ex
2326 3244 2548 3311 ludatis,
2579 3244 2676 3299 sed
2722 3244 2885 3299 etiam
2925 3256 3005 3299 ἐι
3057 3244 3334 3313 gentibus.

1764 3342 1913 3409 llmc,
1951 3351 2211 3412 quantum
2239 3340 2306 3394 ad
2336 3340 2510 3410 ipsius
2538 3338 2819 3408 apostolici
2866 3337 3139 3392 sermonis
3181 3336 3337 3390 ordiu

1766 3448 1886 3489 netu
1941 3432 2485 3501 explauationemque
2540 3430 2826 3483 verborum
2882 3429 3139 3497 pertinet,
3189 3428 3333 3481 dicta

1765 3527 1893 3581 sint.
1924 3523 2075 3578 Nunc
2106 3525 2343 3578 breviter
2378 3532 2710 3591 repetentes,
2743 3520 2926 3589 aliqua
2962 3519 3126 3573 etiam
3157 3519 3223 3572 de
3257 3519 3340 3570 in-

1769 3616 1988 3671 tellectu
2019 3615 2280 3670 interiore
2324 3613 2681 3682 requiramus.
2721 3611 3003 3676 Quomodo
3032 3623 3161 3678 ergo
3198 3606 3342 3661 Deus

1767 3719 1947 3764 notam
1980 3707 2111 3762 facit
2144 3706 2257 3777 (25)
2294 3706 2426 3758 iram
2457 3703 2653 3758 suam?
2687 3702 2788 3755 Per
2822 3718 2973 3764 vasa,
3019 3686 3213 3768 inquit,
3246 3700 3342 3752 ira:

1766 3808 1947 3869 aptata
1995 3799 2047 3853 in
2089 3798 2467 3867 perditionem.
2522 3794 2858 3860 Obstupesco
2904 3807 3004 3859 ego
3057 3792 3198 3859 apud
3231 3805 3344 3843 me-

1767 3894 2055 3963 metipsum
2087 3890 2198 3961 (26)
2233 3890 2406 3944 sancti
2441 3888 2677 3957 Spiritus
2720 3884 3008 3939 consilium
3045 3884 3097 3937 in
3139 3882 3339 3934 divinis

1765 3984 2133 4041 voluminibus
2169 3991 2457 4037 contuens.
2488 3977 2619 4033 Nam
2650 3978 2788 4031 iram
2820 3976 3038 4045 quidem
3077 3973 3173 4026 Dei
3215 3987 3338 4042 qua:

1766 4092 1848 4135 est
1875 4095 1904 4133 a
1934 4088 2128 4132 natura
2156 4075 2271 4141 ejus
2296 4082 2585 4133 extranea,
2627 4079 2811 4124 notam
2859 4068 2975 4121 fieri
3022 4065 3340 4121 hominibus

1768 4174 1920 4235 dicit,
1971 4170 2110 4224 sicut
2163 4180 2401 4237 praesens
2457 4163 2546 4218 hic
2594 4160 2843 4230 Apostoli
2892 4160 3099 4213 indicat
3143 4157 3338 4210 locus:

1768 4268 2068 4323 bonitatem
2099 4276 2227 4316 vero
2255 4260 2395 4329 ejus,
2437 4266 2492 4313 et
2529 4256 2897 4318 dulcedinem,
2944 4251 3086 4320 quod
3134 4259 3341 4303 natura:

1768 4361 1888 4429 ejus
1915 4368 1997 4410 est
2026 4354 2326 4424 proprium,
2360 4350 2617 4404 abscondi
2651 4358 2937 4409 memorat,
2964 4355 3019 4398 et
3047 4342 3337 4401 occultari,

1770 4454 1912 4507 sicut
1938 4448 2104 4503 David
2158 4445 2335 4500 dicit:
2373 4463 2392 4494 ι
2431 4444 2601 4509 Quam
2652 4456 2848 4506 magna
2903 4437 3191 4491 multitudo
3219 4435 3338 4488 dul-

1770 4542 1980 4599 cedinis
2030 4549 2153 4602 tum,
2203 4537 2448 4599 Domine,
2487 4550 2650 4603 quam
2700 4531 3031 4586 abscondisti
3093 4530 3335 4583 timenti-

1770 4634 1875 4688 bus
1918 4643 1971 4685 te
2005 4627 2083 4682 “l
2129 4626 2305 4693 nQuid
2360 4641 2485 4694 ergo
2510 4638 2687 4678 causa:
2738 4622 2982 4676 dicemus
3026 4618 3168 4688 quod
3206 4618 3346 4669 Deus

1770 4722 1905 4779 iram
1938 4719 2248 4777 manifestat
2276 4717 2608 4781 hominibus,
2656 4724 2713 4770 et
2760 4712 3101 4768 dulcedinem
3157 4704 3343 4761 celat?

800 4900 1004 4979 "‘Gen.
1033 4900 1269 4979 “1,27.
1345 4901 1411 4934 “‘
1444 4904 1639 4965 Malacl

1815 4920 1839 4973 1;
1866 4911 2024 4966 Rom.
2063 4924 2141 4975 ιι,
2188 4909 2276 4963 l3.
2352 4904 2396 4937 ³³
2430 4900 2653 4960 ibid.2‘2
2684 4915 2799 4969 seq.
2876 4892 3097 4948 “Rom.
3132 4906 3207 4955 ιι,
3256 4888 3340 4943 l6.

1846 5106 1957 5176 (‘22)
1986 5104 2135 5159 Eottt’
2160 5111 2281 5171 post
2316 5119 2335 5153 ι
2369 5101 2478 5176 vita
2522 5098 2640 5176 eius
2674 5117 2693 5149 υ
2741 5096 2946 5176 addunt
2979 5112 2999 5147 ι
3041 5108 3203 5163 super
3234 5103 3347 5176 ter-

1775 5165 1911 5237 ram.
1940 5165 1969 5228 ἰ
1999 5190 2115 5245 qua:
2154 5165 2318 5226 verba
2350 5165 2557 5227 desunt
2587 5171 2638 5223 in
2674 5166 2927 5221 omnibus
2978 5180 3111 5222 mss.
3142 5165 3348 5220 nostris

1772 5259 1827 5302 et
1856 5248 1992 5312 apud
2020 5246 2323 5299 llabattum.

1842 5302 1959 5388 (έὸ)
1990 5315 2131 5388 Editi
2155 5354 2170 5377 ,
2210 5332 2229 5364 ι
2265 5311 2360 5388 sed
2391 5325 2512 5364 cum
2552 5322 2613 5361 ea
2645 5306 2994 5388 supradictis,
3035 5325 3063 5388 ιγ
3093 5315 3201 5388 ειῇ
3237 5302 3337 5388 his.
3385 5329 3394 5339 -

1770 5375 1990 5449 uttits,'t
2036 5387 2129 5440 sed
2157 5375 2420 5453 quoniam
2471 5395 2532 5433 se
2582 5375 2928 5447 supradictis,
2958 5397 2990 5453 _»_
3018 5387 3125 5453 etc.
3158 5375 3342 5429 Raba-

1774 5475 1896 5522 nus,
1931 5475 1949 5507 (
1985 5456 2077 5509 sed
2103 5449 2363 5522 quoniam
2392 5464 2519 5522 ecce
2551 5464 2671 5518 qua:
2706 5465 2734 5502 a
2772 5449 3122 5518 supradictis,
3164 5465 3185 5501 ι
3231 5456 3340 5502 etc.

1777 5520 1890 5585 Sed
1918 5543 2047 5579 mss.
2084 5520 2190 5577 duo
2227 5533 2374 5575 recte
2411 5532 2467 5572 ut
2500 5520 2551 5572 in
2597 5530 2784 5574 nostro
2816 5528 2987 5574 textu.

1845 5595 1959 5664 (24)
1989 5596 2150 5648 Deest
2182 5610 2200 5643 ι
2240 5607 2339 5645 nos
2378 5610 2395 5643 ι
2433 5592 2487 5664 in_
2508 5589 2690 5664 editis.

1847 5659 1961 5737 (25)
1990 5664 2154 5737 βάξιί,
2191 5680 2211 5713 ι
2245 5672 2434 5737 notam
2472 5659 2651 5737 faciet.
2684 5677 2703 5710 ι

1847 5675 1939 5737 (25
1990 5675 2154 5729 ιςιιιιι,
2191 5680 2211 5713 ι
2255 5675 2434 5716 nOIam
2472 5675 2651 5714 Iactet.
2684 5677 2703 5710 ι

1847 5675 1961 5807 (161
1992 5734 2154 5802 Editi,
2192 5752 2211 5784 t
2243 5733 2384 5787 intra
2418 5732 2814 5800 "temetipsum.
2850 5744 2872 5779 ι
