3766 6548
474 385 601 442 Ηῖιῑ

1934 382 2256 441 ORIGENIS

3570 385 3675 438 “id

465 502 581 554 Scit
613 513 729 553 sine
755 496 921 551 dubio
951 496 1140 566 fragile
1166 509 1288 551 esse
1315 496 1596 552 hominum
1643 493 1833 571 genus,
1880 506 1936 553 et
1962 499 2032 552 ad
2061 512 2106 567 Α
2138 496 2577 553 misericordiam
2620 500 2989 550 consecutam.
3037 491 3107 547 Et
3137 493 3261 563 {erit
3292 510 3310 549 :
3355 495 3416 550 In
3466 498 3580 551 loco
3607 505 3675 556 ab:

467 591 673 656 lapsum
703 587 940 655 proclive
975 600 1074 655 per
1106 585 1514 656 negligentiam,
1557 589 1752 656 quibus
1789 590 2039 658 expediat

469 676 641 747 magis
688 689 812 729 esse
858 675 962 729 sub
1010 685 1155 729 metu
1188 676 1303 740 iraa,
1346 691 1507 744 quam
1542 692 1638 746 spe
1690 679 2038 748 benignitatis

467 768 562 822 Dei
597 777 653 822 et
685 766 1005 839 dulcedinis
1034 766 1287 831 relaxari,
1326 768 1470 823 sicut
1520 778 1577 822 et
1620 768 1898 837 Sapientia
1942 773 2034 827 Dei

469 857 606 911 dicit
646 855 690 888 ³⁷
721 874 736 911 :
772 873 791 906 ι
831 855 932 922 Qui
984 855 1157 924 parcit
1197 855 1411 920 baculo,
1459 856 1575 911 odit
1622 856 1794 912 ﬁlium
1852 874 2033 914 suum.

470 948 528 1003 Si
556 947 698 1002 enim
750 945 1086 1015 percusseris
1139 962 1261 1002 eum
1320 946 1490 1016 virga,
1543 964 1650 1003 non
1711 950 2030 1005 morietur:

469 1040 704 1093 animam
738 1048 916 1092 autem
946 1037 1066 1106 ejus
1091 1038 1298 1093 salvam
1340 1040 1510 1096 facies
1551 1058 1580 1095 a
1620 1051 1819 1097 morte.
1861 1062 1881 1095 ι
1923 1042 2034 1098 Νο-

471 1140 580 1183 tam
613 1129 743 1184 facit
764 1129 876 1202 (27)
909 1145 1041 1200 ergo
1076 1132 1374 1200 potentiam
1409 1147 1563 1187 suam
1598 1132 1761 1200 Deus,
1785 1134 1910 1188 dum
1941 1135 2037 1189 im-

467 1223 584 1289 pios
618 1223 849 1291 castigat
887 1232 943 1277 et
982 1226 1227 1291 corripit,
1283 1235 1342 1279 ut
1386 1228 1683 1281 secundum
1736 1227 2035 1296 Scripturae

411 1358 427 1374 ,
466 1315 787 1368 sententiam
830 1333 849 1365 ‹
897 1316 1024 1368 dum
1076 1315 1377 1385 flagellatur
1436 1317 1717 1384 pestilens,
1775 1317 2036 1373 innocens

465 1406 699 1459 astutior
732 1405 826 1460 fiat
847 1405 916 1461 ⁸⁸.
964 1426 985 1459 ι
1019 1408 1186 1463 Notas
1205 1418 1382 1463 autem
1417 1408 1547 1463 facit
1582 1410 1745 1463 etiam
1769 1426 1789 1459 ι
1821 1410 2035 1465 divitias

464 1493 649 1562 gloria:
681 1509 793 1549 sua:
819 1497 873 1549 in
910 1496 1056 1551 vasis
1082 1498 1496 1563 misericordiae,
1540 1513 1663 1566 quae
1706 1500 2034 1568 praeparavit

466 1585 519 1638 in
545 1586 791 1655 gloriam.
826 1608 845 1641 ι
876 1588 1228 1645 lnnotescunt
1250 1592 1454 1647 divitiae
1478 1591 1594 1662 (28)
1625 1591 1719 1647 Dei
1743 1605 1867 1647 cum
1902 1608 2032 1662 erga

462 1692 557 1732 eos
585 1679 676 1748 qui
711 1681 849 1734 inter
878 1681 1127 1737 homines
1156 1695 1510 1753 spernuntur,
1539 1693 1593 1738 et
1622 1683 1853 1739 humiles
1877 1693 2028 1749 sunt,

462 1772 835 1827 misericordia
879 1775 996 1843 ejus
1034 1777 1361 1843 ostenditur,
1398 1778 1490 1847 qui
1549 1792 1657 1833 non
1714 1778 1770 1833 in
1824 1779 2032 1834 divitiis

2138 589 2341 644 dictum
2370 595 2458 642 est
2480 585 2563 640 eis
2585 603 2602 641 :
2625 583 2741 639 Non
2773 582 2927 654 plebs
2961 596 3080 638 mea
3106 598 3223 649 vos,
3261 585 3336 639 ibi
3368 586 3676 644 vocabuntur

2140 678 2236 732 filii
2261 676 2355 731 Dei
2388 676 2494 732 vivi
2526 675 2593 729 ".
2640 691 2661 727 ι
2700 674 3095 729 Testimonium
3141 690 3275 731 sane
3323 677 3431 731 hoc
3475 679 3605 746 quod
3630 684 3677 735 de

2137 771 2275 827 Osee
2303 768 2534 825 assumit
2560 766 2872 838 Apostolus,
2905 777 3167 834 quantum
3196 767 3261 821 ad
3304 767 3492 822 locum
3534 769 3675 839 ipsam

2138 861 2418 932 prophetae
2463 859 2574 930 (55)
2622 857 2876 928 pertinet,
2905 871 3015 910 non
3061 857 3277 912 videtur
3323 860 3395 913 de
3435 862 3675 930 gentibus,

2135 953 2304 1025 618
2327 953 2423 1007 sed
2460 952 2527 1006 de
2549 953 2666 1019 ipso
2698 950 2896 1020 populo
2924 946 3089 1004 Israel
3120 948 3247 1002 dici.
3281 948 3415 1015 Sed,
3449 962 3512 1004 ut
3537 951 3584 1004 ia
3609 970 3677 1005 sa-

2137 1044 2444 1115 perioribus
2474 1043 2734 1108 diximus,
2764 1056 2828 1096 ex
2859 1040 3024 1096 simili
3066 1040 3261 1095 Paulus
3304 1043 3484 1097 sumit
3525 1057 3678 1098 exem-

2136 1135 2302 1205 plum,
2343 1145 2401 1190 ut
2442 1134 2695 1190 ostendat
2742 1133 2871 1203 quia
2906 1132 3050 1187 sicut
3106 1131 3212 1187 illis
3255 1134 3537 1202 quondam
3579 1150 3676 1189 cun

2136 1226 2326 1295 abiecti
2380 1235 2564 1282 essent
2611 1234 2667 1281 et
2722 1226 3013 1295 desperati,
3070 1226 3271 1280 dictum
3327 1235 3418 1281 est
3466 1228 3676 1296 primo:

2139 1338 2160 1371 ι
2199 1320 2307 1374 Vos
2328 1334 2435 1373 non
2472 1318 2699 1390 populus
2730 1332 2905 1382 meus,
2947 1325 3004 1372 et
3047 1331 3149 1388 ego
3193 1333 3298 1370 non
3352 1333 3480 1371 sum
3531 1329 3679 1374 vester

2139 1410 2276 1463 Deus
2301 1410 2376 1472 “;
2415 1427 2434 1460 ι
2476 1420 2534 1463 et
2555 1408 2769 1462 additur
2815 1417 2941 1474 post
2979 1409 3096 1463 haec
3124 1408 3278 1479 (56):
3314 1427 3335 1461 ι
3370 1409 3443 1463 Et
3464 1412 3567 1464 erit
3593 1430 3607 1465 :
3636 1412 3680 1465 la

2135 1500 2253 1556 loco
2289 1502 2340 1554 in
2393 1515 2500 1569 quo
2542 1498 2745 1553 dictum
2779 1508 2865 1555 est
2902 1501 2983 1553 eis
3022 1518 3036 1554 :
3070 1499 3185 1553 Non
3223 1515 3344 1555 mea
3371 1501 3532 1571 plebs
3562 1516 3678 1555 ros:

2134 1592 2471 1647 vocabuntur
2490 1601 2545 1646 et
2577 1592 2676 1661 ipsi
2703 1591 2796 1645 lilii
2824 1591 2917 1645 Dei
2949 1592 3053 1645 vivi
3090 1591 3167 1658 “;
3207 1610 3226 1643 ι
3270 1591 3370 1655 ιω,
3415 1590 3605 1660 inquit,
3636 1600 3681 1647 et

2140 1702 2159 1735 ι
2204 1699 2303 1737 nos
2353 1698 2490 1752 quos
2552 1682 2769 1737 vocavit
2831 1697 2939 1735 non
2984 1682 3159 1737 solum
3208 1699 3274 1738 ex
3331 1682 3562 1746 Judtis.
3606 1686 3682 1738 sed

2131 1776 2297 1831 etiam
2346 1789 2414 1828 ex
2446 1774 2720 1845 gentibus,
2782 1793 2801 1826 ι
2833 1775 2924 1843 qui
2971 1784 3099 1829 ante
3142 1790 3246 1828 non
3292 1790 3524 1829 eramus
3557 1775 3684 1844 plebs

461 1863 597 1928 suis,
627 1880 727 1921 nec
757 1867 810 1920 in
842 1869 1081 1937 potentia
1123 1884 1243 1934 sua,
1279 1871 1374 1924 sed
1413 1872 1467 1925 in
1499 1872 1731 1927 Domino
1778 1882 2025 1942 sperant.
2060 1858 2102 1912 Β
2130 1867 2269 1935 ejus,
2293 1882 2435 1921 nunc
2463 1865 2674 1936 plebem
2718 1880 2872 1919 suam
2902 1881 3001 1920 nos
3032 1866 3144 1936 (57)
3173 1866 3412 1929 vocavit,
3450 1885 3473 1917 ι
3505 1875 3560 1920 et
3596 1882 3681 1921 non

460 1952 613 2008 Sicut
633 1965 688 2009 et
715 1965 842 2012 tunc
881 1957 1228 2014 Hebraeorum
1268 1976 1399 2031 gens
1432 1963 1715 2034 desperata
1753 1963 1896 2018 inter
1926 1963 2024 2017 hu-

459 2047 634 2101 mines
674 2059 728 2102 et
766 2048 1000 2119 abjecta,
1032 2066 1061 2105 a
1100 2050 1214 2106 Deo
1254 2053 1686 2108 misericordiam
1731 2063 2025 2109 consecuta

457 2150 573 2203 est;
607 2139 679 2193 ita
712 2154 843 2210 ergo
889 2140 1001 2214 (29)
1054 2152 1109 2198 et
1158 2159 1307 2201 nunc
1362 2145 1593 2216 populus
1645 2146 1887 2214 gentium
1935 2145 2027 2214 qui

457 2232 836 2299 spernebatur,
884 2243 939 2285 et
989 2235 1380 2303 desperabatur
1423 2238 1491 2291 ab
1550 2237 1637 2293 his
1681 2238 1773 2307 qui
1821 2237 1876 2291 in
1922 2238 2028 2291 eir-

455 2322 790 2378 cumcisione
833 2324 1159 2392 gloriantur,
1206 2328 1638 2383 misericordiam
1682 2340 2011 2384 consecutus

456 2420 563 2463 est.
596 2411 702 2465 Sed
741 2411 874 2467 illud
913 2425 998 2468 est
1022 2416 1166 2484 quod
1193 2419 1377 2473 acrius
1414 2418 1677 2473 debemus
1717 2418 2025 2479 intendere.

456 2502 586 2563 quia
609 2512 664 2557 et
690 2504 766 2557 illi
802 2507 1076 2561 consecuti
1114 2518 1243 2563 sunt
1282 2510 1737 2575 misericordiam,
1781 2520 1837 2564 et
1876 2509 2028 2579 plebs

460 2592 551 2646 Dei
583 2595 830 2663 appellati
858 2607 1006 2662 sunt,
1047 2608 1102 2653 et
1127 2598 1312 2654 dilecti
1344 2598 1436 2655 Dei
1471 2599 1721 2666 fuerunt;
1758 2600 1853 2655 sed
1887 2614 2026 2669 quo-

460 2685 604 2738 niam
650 2702 869 2742 servare
906 2688 1020 2762 (50)
1065 2702 1345 2760 acceptam
1396 2693 1630 2762 gratiam
1683 2694 2024 2755 nescierunt,

458 2774 656 2830 dicitur
687 2779 754 2833 ad
799 2793 892 2833 eos
925 2797 939 2833 :
980 2798 999 2832 ι
1037 2779 1095 2835 In
1131 2782 1327 2850 quibus
1367 2783 1743 2838 intuebabatur
1781 2797 2026 2837 cuian-

460 2869 598 2923 ratio
628 2870 790 2925 Israel
836 2870 974 2943 (5l),
1025 2873 1203 2927 dimisi
1247 2888 1391 2941 eam,
1433 2884 1489 2929 et
1526 2875 1645 2930 dedi
1689 2876 1738 2928 ei
1786 2874 2025 2929 libellum

459 2961 663 3027 repudii
696 2962 747 3014 iu
780 2978 973 3017 manus
998 2980 1128 3019 suas
1159 2965 1240 3031 ³⁹;
1276 2984 1294 3016 ι
1339 2975 1394 3020 et
1429 2966 1557 3020 item
1604 2965 1731 3020 alibi
1765 2984 1778 3019 :
1816 2983 1835 3016 ι
1876 2964 2025 3019 Facti

457 3051 591 3104 estis
636 3052 767 3106 mihi
817 3055 870 3107 in
916 3056 1224 3110 satietatem
1269 3056 1404 3128 (52),
1443 3057 1557 3127 jam
1607 3072 1715 3111 non
1760 3058 2024 3112 dimittam

457 3158 679 3214 peccata
707 3161 904 3206 vestra.
946 3171 965 3203 ι
1002 3153 1067 3207 Et
1098 3168 1197 3222 per
1212 3152 1503 3209 Jeremiam
1540 3155 1799 3209 Dominus
1844 3155 1975 3210 dicit
2006 3171 2020 3207 :
2054 3193 2096 3250 ϐ

461 3258 481 3291 ι
528 3241 682 3295 Sicut
711 3243 968 3311 spelunca
1008 3246 1211 3316 hyaenae
1254 3245 1395 3301 facta
1436 3257 1519 3302 est
1555 3247 1687 3303 mihi
1743 3247 2027 3303 haereditas

457 3346 577 3385 inca
632 3333 698 3388 ‘°.
756 3352 775 3386 ι
830 3333 908 3390 Ne
952 3336 1094 3389 forte
1143 3339 1304 3391 etiam
1354 3354 1454 3394 nos
1504 3339 1598 3407 qui
1662 3353 1769 3393 non
1823 3339 2029 3394 fuimus

453 3430 606 3498 plebs
643 3431 755 3500 (55)
791 3432 907 3499 Dei,
949 3434 1040 3487 sed
1083 3450 1179 3505 per
1225 3436 1446 3491 divitias
1488 3436 1669 3506 gloriae
1720 3451 1829 3491 sua:
1867 3452 2030 3491 voea-

456 3522 534 3574 vit
566 3537 662 3575 nos
690 3524 897 3591 plebem
933 3540 1110 3587 suam.
1142 3536 1197 3580 et
1249 3527 1341 3598 qui
1394 3542 1501 3582 non
1560 3526 1763 3582 fuimus
1814 3527 2025 3594 dilecti,

457 3614 551 3667 sed
596 3615 721 3669 facti
762 3631 951 3673 sumus
1005 3619 1205 3685 dilecti,
1253 3629 1307 3675 et
1358 3620 1453 3675 filii
1501 3621 1594 3676 Dei
1650 3622 1779 3685 vivi,
1828 3621 1871 3675 si
1922 3637 2026 3676 non

458 3714 517 3757 ut
567 3705 658 3758 ﬁlii
712 3705 849 3762 locis
893 3718 948 3763 et
1005 3709 1099 3764 filii
1168 3710 1259 3765 Dei
1314 3710 1675 3775 ambulemus,
1726 3711 1771 3765 si
1816 3726 1921 3765 non
1971 3724 2029 3764 ut

456 3794 607 3864 plebs
691 3795 785 3852 Dei
866 3798 940 3852 ita
1016 3816 1273 3870 agamus,
1331 3819 1350 3853 ι
1399 3811 1459 3855 ιιι
1519 3801 1763 3857 videntes
1847 3804 2027 3858 homi-

458 3901 554 3942 nes
603 3904 766 3958 opera
814 3902 998 3946 nostra
1049 3893 1211 3958 bona,
1262 3893 1607 3964 magniﬁcent
1652 3894 1867 3950 Patrem
1926 3910 2027 3949 no-

452 3989 623 4035 strum
686 3982 776 4050 qui
829 3984 880 4037 in
934 3983 1089 4039 cmlis
1155 3996 1240 4039 est
1283 3984 1351 4051 ⁸³,
1410 4005 1428 4036 ι
1477 3987 1764 4042 verendum
1815 3997 1899 4042 est
1963 4004 2030 4043 ne

454 4074 603 4129 illum
660 4089 963 4131 sermonem
1020 4077 1361 4134 incurramus
1409 4081 1677 4148 Apostoli,
1733 4095 1841 4149 quo
1883 4081 1957 4133 ait
2006 4096 2020 4133 :

459 4181 478 4215 ι
514 4164 572 4217 Si
602 4165 745 4219 enim
796 4164 940 4221 Deus
979 4168 1317 4223 naturalibus
1366 4171 1532 4224 ramis
1594 4186 1698 4224 non
1753 4169 2023 4239 pepercit,

456 4271 555 4311 nec
587 4256 681 4310 tibi
707 4270 889 4326 parcet
915 4259 979 4314 δ’.
1020 4258 1174 4314 Sicut
1196 4261 1249 4314 in
1278 4262 1417 4317 Osee
1445 4263 1579 4317 dicit
1605 4263 1719 4330 (54)
1758 4282 1770 4316 :
1806 4262 2023 4317 Vocabo

454 4360 561 4400 non
622 4347 833 4414 plebem
895 4364 1093 4416 meam,
1136 4350 1345 4420 plebem
1399 4367 1608 4415 meam;
1649 4361 1703 4406 et
1747 4368 1851 4406 nou
1892 4353 2025 4406 dile-

455 4445 621 4503 ctam,
643 4438 927 4508 dilectam;
964 4452 1020 4496 et
1057 4457 1161 4497 non
1186 4442 1614 4499 misericordiam
1650 4455 2022 4512 consecutam,

516 4577 562 4610 ³⁷
589 4575 751 4633 Prov.
788 4593 907 4640 xm,
935 4577 1038 4641 24;
1067 4594 1222 4642 xxiii,
1259 4579 1347 4643 I5,
1383 4580 1472 4634 M.
1547 4581 1591 4613 ⁸³
1631 4580 1794 4637 Prov.
1831 4596 1949 4644 xnx,
1984 4580 2076 4635 25.
2152 4581 2197 4614 ³⁸
2242 4580 2443 4637 Jerem.
2495 4596 2577 4645 ιιι,
2611 4581 2666 4637 8.
2743 4580 2789 4612 ⁸ο
2817 4577 3019 4634 Jerem.
3050 4593 3148 4642 xit,
3180 4576 3236 4633 9.

516 4647 543 4700 ἰ.
620 4648 666 4680 δ’
698 4647 855 4702 Rom.
885 4664 958 4712 xi,
989 4647 1081 4702 2f.
1180 4649 1228 4681 "
1261 4649 1414 4704 Rom.
1475 4666 1550 4715 Ix,
1600 4650 1691 4707 25.
1790 4651 1837 4683 ⁸⁸
1864 4650 1993 4707 Ose.
2031 4668 2071 4717 ι,
2115 4652 2168 4707 9.
2270 4651 2470 4706 “ibid.
2509 4651 2593 4705 10.
2668 4651 2715 4683 “
2747 4649 2887 4705 Psal.
2921 4664 3086 4713 Lxxv,
3112 4647 3168 4702 2.

456 4645 543 4702 l6.
620 4648 666 4680 δ’
698 4647 855 4702 Rom.
885 4664 958 4712 xi,
989 4647 1081 4702 2t.
1180 4649 1228 4681 "
1261 4649 1414 4704 Rom.
1475 4666 1550 4715 Ix,
1600 4650 1691 4707 25.

454 4718 502 4751 ⁸³
522 4718 680 4775 Rom.
710 4735 787 4785 1x,
817 4718 907 4772 26.
1000 4718 1046 4749 “
1084 4717 1278 4789 Philip.
1308 4735 1381 4787 tv,
1411 4720 1465 4774 7.

2128 1959 2420 2022 dilectam,
2456 1957 2739 2022 dilectam;
2790 1966 2846 2011 et
2892 1956 2945 2010 in
2990 1956 3114 2011 loco
3170 1957 3260 2011 ubi
3309 1957 3523 2012 dictum
3561 1967 3680 2011 esti

2128 2050 2306 2112 nobis,
2357 2067 2377 2100 ι
2419 2048 2536 2103 Νοιι
2572 2048 2720 2118 plebs
2760 2064 2876 2102 mea
2916 2063 3043 2111 vos;
3080 2049 3153 2103 ibi
3179 2067 3198 2100 ι
3232 2048 3558 2103 vocabimur
3582 2049 3683 2103 clilii

2130 2138 2223 2194 Dei
2285 2138 2412 2193 vivi.
2472 2157 2491 2190 ι
2564 2138 2669 2192 Sed
2714 2136 2966 2192 fortassis
3036 2138 3319 2207 requirant
3365 2152 3395 2191 a
3445 2138 3598 2192 nobis
3641 2138 3684 2192 hi

2128 2231 2218 2299 qui
2270 2244 2339 2284 ex
2393 2228 2807 2284 circumcisione
2847 2238 2995 2292 sunt,
3048 2237 3104 2283 et
3154 2228 3377 2282 dicant:
3406 2225 3516 2281 Ubi
3561 2227 3683 2280 enim

2128 2324 2195 2376 ad
2224 2336 2318 2376 vos
2344 2323 2544 2378 dictum
2575 2332 2682 2382 est,
2711 2322 2841 2391 quia
2869 2335 2974 2375 non
3018 2321 3141 2376 sitis
3169 2320 3322 2391 plebs
3356 2320 3456 2375 Dei
3495 2335 3605 2384 vos,
3640 2328 3688 2372 ut

2131 2416 2201 2469 ibi
2240 2413 2508 2468 vocemini
2555 2414 2650 2467 filii
2698 2413 2787 2466 Dei
2849 2413 2990 2468 vivi?
3050 2413 3315 2468 Asserent
3367 2414 3521 2467 enim
3565 2413 3687 2481 quod

2130 2505 2271 2559 Deus
2302 2507 2415 2559 haec
2440 2505 2492 2558 in
2518 2501 2704 2558 Iudaea
2748 2505 2966 2558 locutus
2994 2514 3076 2559 est
3104 2504 3183 2573 (in
3218 2504 3335 2572 ipsa
3384 2502 3540 2557 enim
3589 2513 3691 2555 tan-

2128 2598 2408 2653 tummodo
2439 2608 2604 2653 notus
2628 2605 2713 2653 est
2741 2597 2882 2652 Deus
2912 2596 3015 2679 “),
3059 2607 3115 2652 et
3159 2597 3298 2651 nihil
3345 2598 3467 2651 hac
3496 2596 3567 2649 ad
3607 2610 3692 2648 nos

2130 2704 2401 2763 spectant,
2436 2696 2564 2764 quia
2592 2713 2611 2747 ι
2648 2694 2732 2749 lex
2765 2694 2830 2747 ad
2867 2707 2964 2748 eos
2993 2694 3087 2764 qui
3128 2693 3183 2747 in
3206 2692 3326 2762 lege
3357 2701 3493 2746 sunt
3521 2691 3684 2759 loqui-

2130 2795 2216 2841 tur
2232 2786 2303 2840 ".
2344 2807 2364 2840 ι
2395 2788 2506 2841 Imo
2528 2801 2629 2856 ego
2654 2786 2937 2842 ostendam
2971 2785 3147 2840 locum
3177 2785 3348 2839 multo
3371 2783 3690 2855 digniorem,

2131 2878 2218 2933 ubi
2257 2879 2426 2933 Deum
2466 2878 2612 2947 loqui
2645 2886 2704 2932 et
2732 2879 2914 2931 decuit
2951 2887 3008 2933 et
3046 2876 3301 2947 possibile
3360 2874 3490 2929 fuit.
3532 2875 3697 2943 Nequa

2129 2971 2274 3025 enim
2297 2979 2697 3039 consequenter
2733 2969 2870 3023 Deus
2897 2967 3041 3037 loqui
3090 2968 3145 3022 in
3178 2968 3483 3031 montibus,
3536 2978 3590 3021 et
3618 2983 3694 3018 rn-

2129 3063 2308 3131 pibus,
2337 3060 2836 3130 etvquibuscunque
2865 3059 3095 3114 terrenis
3138 3058 3274 3114 locis
3310 3059 3533 3114 dicetur
3552 3060 3655 3127 (58)
3681 3080 3692 3109 ;

2130 3153 2225 3207 sed
2263 3154 2317 3206 in
2342 3161 2523 3207 mente
2566 3151 2801 3206 hominis
2830 3151 3070 3220 loquitur
3116 3149 3284 3212 Deus.
3313 3151 3369 3205 in
3403 3166 3573 3206 sensu
3622 3166 3696 3204 ra-

2132 3243 2400 3309 tionabili,
2437 3244 2582 3297 etin
2627 3242 2916 3312 principali
2966 3243 3182 3308 cordis,
3240 3253 3296 3297 et
3345 3242 3421 3298 ibi
3479 3245 3697 3298 cumin-

2131 3337 2276 3405 digni
2308 3344 2364 3390 et
2390 3335 2554 3390 alieni
2585 3353 2615 3390 a
2644 3334 2759 3389 Deo
2782 3345 2939 3390 actus
2965 3335 3309 3390 conscientia
3349 3335 3696 3404 redarguente

2131 3427 2439 3499 culpantur,
2479 3429 2575 3495 ibi,
2616 3428 2866 3497 inquam,
2915 3428 3329 3496 pronuntiatur,
3382 3428 3459 3482 ibi
3514 3429 3697 3483 dicitur

2131 3522 2196 3575 ad
2235 3522 2474 3592 singulos
2498 3536 2767 3592 quosque,
2798 3522 2924 3590 quia
2955 3540 2976 3572 ι
3005 3536 3109 3574 non
3141 3520 3293 3588 plebs
3320 3536 3442 3575 mea
3473 3537 3575 3577 vos
3590 3521 3649 3574 δ’.
3674 3539 3692 3572 ι

2134 3613 2192 3668 Si
2219 3629 2349 3671 vero
2391 3614 2649 3670 emendet
2707 3629 2768 3669 se
2821 3615 2945 3684 quis
2996 3614 3065 3668 ab
3121 3614 3206 3668 his
3248 3621 3304 3669 et
3358 3615 3630 3683 purificet,
3652 3626 3695 3667 et

2139 3724 2157 3756 ι
2188 3719 2291 3773 pax
2322 3704 2440 3767 Dei,
2465 3719 2585 3772 qua:
2606 3712 2900 3773 exsuperat
2934 3718 3150 3758 omnem
3196 3714 3440 3759 mentem
3464 3705 3536 3769 ⁸³,
3571 3724 3592 3756 a
3618 3719 3700 3758 eor

2135 3797 2252 3866 ejus
2289 3796 2513 3864 incipiat
2540 3796 2833 3859 custodire,
2877 3794 2972 3862 ibi,
3016 3795 3120 3849 hoc
3150 3806 3257 3861 est,
3294 3795 3349 3849 in
3398 3796 3586 3850 contis
3626 3810 3698 3848 sc-

2136 3897 2306 3951 creto,
2376 3885 2636 3956 paciﬁcus
2684 3887 2934 3953 effectus,
2995 3884 3144 3942 Illius
3215 3886 3312 3941 Dei
3366 3887 3694 3942 conscientia

2136 3977 2463 4047 astipulante
2484 3979 2786 4033 vocabitur.

2208 4070 2298 4126 I9.
2338 4090 2358 4123 ‹
2398 4071 2567 4126 Isaias
2606 4083 2784 4124 autem
2828 4069 3031 4123 clamat
3060 4083 3159 4140 pro
3202 4068 3415 4123 Israel:
3457 4068 3515 4123 Si
3552 4068 3700 4122 fuerit

2133 4177 2395 4217 numerus
2426 4162 2659 4216 tiliornm
2702 4160 2865 4215 Israel
2897 4168 3158 4229 tanquam
3196 4174 3365 4213 arena
3414 4162 3602 4223 maris,
3630 4174 3702 4210 re-

2134 4257 2315 4326 liquiae
2338 4256 2502 4311 salva
2545 4256 2696 4309 fient.
2744 4253 2980 4308 Verbum
3023 4253 3169 4306 enim
3226 4267 3621 4307 consummatis
3649 4264 3696 4304 et

2131 4349 2384 4404 breviatis
2423 4348 2476 4401 in
2506 4347 2807 4417 aequitate:
2845 4347 2970 4416 quia
3005 4346 3229 4399 verbum
3284 4345 3594 4398 breviatum
3630 4345 3699 4395 fa-

2132 4442 2240 4497 ciet
2293 4441 2556 4496 Dominus
2613 4455 2778 4510 super
2833 4449 3033 4494 terram
3082 4456 3098 4493 :
3142 4446 3197 4493 et
3246 4438 3394 4492 sicut
3464 4438 3697 4508 pra‘tlixil

3339 4578 3389 4609 ⁶¹
3442 4577 3629 4631 Matth.
3652 4591 3700 4642 ν,

2270 4651 2470 4706 “ibid.
2509 4651 2593 4705 ιο.
2668 4651 2715 4683 ⁸⁸
2747 4649 2887 4705 Psal.
2921 4664 3086 4713 Lxxv,
3112 4647 3168 4702 2.
3243 4647 3291 4679 ⁸⁷
3316 4647 3481 4703 Rom.
3509 4663 3593 4713 ιιι,
3621 4644 3701 4701 19.

535 4835 652 4919 (ετ)
687 4835 778 4890 δίε
1210 4836 1665 4919 “ahenus-"Em
1858 4848 1914 4894 ει
1939 4854 2043 4895 σε·
2072 4839 2117 4895 ι)
2151 4848 2325 4919 "sum
2372 4833 2461 4919 παρ
2486 4853 2528 4915 .‹
2567 4831 2643 4919 ibi
2665 4827 3286 4919 _v«2¢_a_lzeer.rrtii2s
3321 4829 3702 4919 riam-ssi»

454 4905 557 4961 teri
588 4921 719 4961 mss.
757 4926 776 4957 σ
809 4908 1231 4974 percusserit....
1259 4905 1451 4961 Notam
1480 4909 1669 4967 faciet.
1713 4928 1732 4960 ι

492 4977 637 5059 ,(28)
671 4975 766 5059 Ms.
805 4977 1005 5047 Regius
1036 4992 1187 5031 num.
1225 4977 1386 5042 1659,
1436 4998 1454 5030 ι
1489 4990 1548 5032 ιιι
1576 4978 1916 5034 innotescaut
1942 4979 2027 5033 di-

452 5057 1243 5187 ιὛῧ)ιιςῗνέιῒ.*1)θείι1εξιιίιῑιιι·
1310 5118 1359 5170 in
1417 5118 1567 5173 libris
1626 5127 1783 5172 antea
1838 5118 2023 5175 editis.

454 5185 659 5259 leinde
704 5185 803 5241 nis.
850 5185 1051 5257 Regius
1101 5204 1250 5245 nunt.
1297 5188 1453 5254 1659,
1502 5208 1521 5239 ι
1569 5187 1969 5259 despiciebatur
2001 5207 2020 5241 ι

452 5272 547 5324 (ιο
583 5258 1040 5325 rdesperabatur.
1087 5279 1106 5310 ι

524 5323 637 5395 (ΞΟ)
676 5323 835 5393 Editi,
875 5345 894 5380 ι
925 5328 1236 5386 observare.
1274 5349 1295 5383 ι

474 5468 484 5515 ι
523 5395 830 5517 (ἔξιμεαίιῑ,
878 5415 897 5449 ‹
934 5400 1381 5456 commemoratio
1421 5399 1611 5467 Israel,
1658 5398 1839 5455 dimisi
1876 5414 2020 5465 eam,

491 5483 537 5518 et
563 5484 573 5517 Ι
606 5482 678 5518 ει.
719 5486 737 5517 ι
764 5478 872 5518 etc.

454 5482 573 5519 ueui
606 5482 653 5519 ei
719 5486 737 5517 ι
764 5482 872 5521 etc.

464 5605 467 5606 ν
525 5506 840 5606 (52)’1τάειί
890 5539 1013 5592 estis
1063 5540 1192 5593 mihi
1234 5540 1286 5592 in
1332 5542 1667 5603 satietatem,
1721 5550 1826 5593 etc.
1871 5539 2023 5594 Ilnnc

454 5605 959 5731 goripturaatlocum
1001 5625 1101 5666 nec
1141 5612 1193 5664 in
1240 5611 1470 5682 Vulgata
1513 5614 1710 5680 reperi,
1756 5626 1856 5665 nec
1888 5610 2028 5679 apud

515 5689 750 5731 ~ntuaein
782 5694 835 5730 a.

532 5692 835 5801 pungunt.

526 5746 639 5820 (55)
665 5750 829 5820 __tIIll,
862 5766 880 5798 ι
910 5749 999 5816 qui
1030 5764 1134 5803 non
1167 5765 1355 5807 sumus
1387 5749 1538 5820 plebs
1565 5749 1678 5804 Dei.
1729 5768 1747 5801 ι

529 5799 637 5890 ζει)
664 5799 760 5873 lic
774 5799 1356 5888 ’Ᾰνυζιόιίὼὲιιέἶὶἆὲζ
1381 5799 1592 5877 {sint
1606 5799 1818 5877 i—u'Osee
1835 5820 1985 5886 dicit,
2011 5839 2030 5873 ι

2143 4901 2325 4967 editis,
2355 4918 2455 4957 nec
2485 4905 2538 4957 in
2570 4917 2706 4956 mss.
2736 4902 2937 4955 nostris
2973 4911 3281 4969 comparet;
3326 4901 3425 4955 sed
3472 4901 3702 4954 restitui-

2141 4985 2228 5029 tur
2254 4991 2317 5030 ex
2345 4973 2591 5029 Rabano.
2630 4972 2695 5025 Et
2722 4973 3118 5025 restituendum
3145 4986 3269 5024 eum
3315 4984 3439 5024 esse
3478 4985 3705 5038 sequen-

2139 5047 2210 5099 tia
2242 5046 2408 5098 verba
2459 5043 2720 5103 indicant,
2761 5059 2781 5092 ι
2820 5039 3217 5095 Testimonium
3263 5055 3398 5094 sane
3437 5042 3537 5096 hoc
3567 5041 3705 5109 quod

2135 5116 2203 5169 de
2228 5114 2369 5169 Osee
2396 5114 2626 5168 assumit
2650 5111 2968 5180 Apostolus,
3008 5129 3027 5161 ι
3063 5119 3193 5174 etc.,
3226 5126 3351 5179 qua
3385 5113 3553 5165 verba
3593 5110 3707 5165 nul-

2134 5183 2349 5239 latenus
2373 5183 2564 5238 referri
2602 5191 2827 5250 possent
2854 5182 2919 5233 ad
2951 5184 3348 5249 praecedentem
3389 5190 3702 5235 contextum

2141 5274 2181 5333 r_
2222 5254 2279 5309 Si
2342 5255 2485 5308 enim
2545 5253 2690 5333 Deus
2743 5251 3082 5333 naturalibus
3132 5252 3309 5333 ramis
3357 5266 3465 5305 non
3517 5266 3709 5333 peper-

2135 5326 2260 5388 cit,»
2294 5335 2426 5388 etc.,
2457 5332 2644 5393 utpote
2672 5324 2762 5392 qui
2802 5337 2870 5376 ex
2902 5323 3044 5376 Osee
3073 5322 3298 5376 minime
3332 5322 3653 5377 assumitur.

2206 5395 2320 5465 (55)
2354 5392 2568 5456 Edim:
2605 5394 2776 5461 ipsius
2815 5394 3122 5463 prophetae;
3170 5409 3191 5443 ι
3233 5402 3289 5445 et
3320 5403 3526 5463 postea,
3561 5409 3583 5443 ι
3622 5392 3710 5445 sed

2132 5467 2198 5521 de
2225 5469 2340 5532 ipso
2357 5465 2519 5519 Israel
2546 5465 2675 5532 dici.
2701 5481 2719 5513 ι

2205 5531 2319 5605 (56)
2361 5536 2452 5589 Sic
2492 5550 2597 5589 ms.
2639 5531 3034 5605 nginsnum.
3078 5533 3240 5589 1659.
3286 5532 3431 5588 Editi
3480 5547 3617 5605 vero
3661 5545 3709 5585 et

2147 5600 2281 5662 mss.
2301 5600 2557 5674 quidam,
2607 5622 2627 5654 r
2667 5600 2743 5655 Et
2768 5604 2917 5657 addit
2966 5614 3083 5673 post
3143 5607 3279 5667 haec,
3321 5622 3341 5655 a
3375 5614 3478 5657 etc.
3532 5600 3705 5656 [laba-

2146 5694 2265 5738 nns,
2308 5695 2326 5726 ι
2370 5675 2437 5728 Ει
2463 5674 2671 5727 addidit
2704 5675 2989 5743 propheta,
3016 5685 3071 5731 et
3104 5674 3243 5729 dicit
3270 5693 3285 5729 :
3313 5675 3377 5729 Et
3401 5676 3522 5737 erit,
3556 5691 3579 5726 ι
3606 5687 3686 5727 εις

2213 5747 2325 5816 (57)
2356 5744 2489 5816 Nos.
2518 5746 2681 5798 Deest
2704 5759 2758 5797 in
2782 5744 2963 5800 editis.

2211 5815 2323 5889 (58)
2358 5815 2522 5882 Eum,
2553 5833 2573 5866 ι
2612 5816 2833 5870 dicitur.
2871 5831 2892 5869 ι
