3766 6540
97 411 244 466 “53

1054 365 1410 470 COM'MENT.
1453 416 1519 470 IN
1559 416 1778 472 EPIST.
1822 418 1914 471 AD
1949 417 2116 475 ROM.
2157 419 2284 474 LIII.
2330 421 2443 475 VII.

3225 427 3365 482 IISI

93 535 276 589 Isaias
305 554 319 590 :
351 535 460 592 Nisi
493 537 753 593 Dominus
784 539 1022 594 Sabaoth
1065 541 1373 609 reliquisset
1409 540 1566 594 nobis
1607 555 1694 594 se-
1720 547 1767 603 Α
1796 555 1890 612 ges
1917 540 2200 596 Dominum
2236 543 2402 597 Deum
2433 552 2583 598 tuum
2613 559 2679 599 ex
2709 554 2820 599 toto
2854 545 3014 600 corde
3055 555 3168 606 tuo.
3210 557 3265 602 et
3299 565 3365 601 ex

93 644 252 695 men,
300 633 442 685 sicut
498 630 731 686 Sodoma
790 631 917 686 facti
966 649 1232 696 essemus,
1281 643 1331 687 et
1383 633 1525 687 sicut
1573 633 1684 687 Go-

94 725 330 778 morrha
385 724 592 780 similes
633 725 945 780 fuissemus.
1005 726 1142 790 Quid
1198 743 1329 797 ergo
1393 727 1684 782 dicemus?

91 814 260 878 Quod
292 826 501 886 gentes,
532 833 652 886 quae
677 832 785 872 non
820 819 1170 872 sectabantur
1205 816 1498 886 justitiam,
1527 834 1678 874 com-

91 907 512 974 prehenderunt
561 910 866 978 justitiam;
911 911 1179 978 justitiam
1223 920 1406 965 autem
1447 928 1570 983 qua:
1611 931 1676 969 ex

94 1003 209 1056 fide
240 1011 348 1058 est.
391 1003 558 1056 Israel
583 1013 767 1056 autem
803 1014 1019 1056 sectans
1046 1001 1219 1070 legem
1241 1003 1485 1072 iustitiae,
1517 1005 1570 1060 in
1597 1007 1678 1060 le-

93 1109 224 1162 gem
269 1110 376 1149 non
411 1093 676 1164 pervenit.
713 1094 932 1162 Quare?
971 1095 1105 1160 Quia
1153 1111 1258 1148 non
1305 1112 1370 1151 ex
1415 1096 1557 1159 Iide._
1584 1098 1677 1152 sed

92 1188 261 1254 quasi
301 1204 366 1243 ex
392 1189 644 1258 operibus
683 1186 1029 1242 offenderunt
1069 1189 1122 1241 in
1158 1189 1390 1256 lapidem
1423 1187 1678 1244 offensio-

95 1281 210 1342 nis,
263 1283 403 1334 sicut
434 1279 695 1348 scriptum
734 1287 820 1333 est
859 1297 871 1331 :
917 1277 1060 1334 Ecce
1092 1294 1235 1348 pono
1269 1281 1322 1333 in
1373 1279 1504 1334 Sion
1541 1279 1677 1349 lapi-

95 1373 225 1426 dem
248 1370 589 1433 oﬂ'ensionis,
616 1379 671 1424 et
702 1378 910 1438 petram
952 1370 1192 1424 scandali
1224 1388 1238 1424 :
1271 1381 1327 1425 et
1364 1371 1456 1438 qui
1497 1372 1675 1426 credit

93 1464 152 1519 in
187 1479 339 1526 eum,
371 1479 477 1516 non
517 1462 800 1517 erubescet
841 1461 909 1514 ³⁸.
961 1481 980 1512 ι
1028 1461 1385 1531 Posteaquam
1443 1479 1536 1532 per
1580 1462 1672 1518 Dei

95 1556 432 1624 sapientiam
461 1569 620 1623 quam
674 1553 910 1622 loquitur
945 1553 1056 1624 (39)
1098 1554 1298 1608 Paulus
1351 1554 1493 1608 inter
1552 1571 1674 1624 per-

92 1647 272 1702 fectos
311 1649 379 1712 ",
420 1654 629 1700 secreta
668 1657 722 1701 et
769 1646 1083 1702 abscondita
1144 1645 1342 1700 divinae
1390 1647 1676 1715 dispensa-

91 1739 265 1792 tionis
291 1739 560 1806 exposuit,
604 1747 660 1792 et
688 1739 922 1793 ostendit
951 1753 1055 1808 qua
1107 1738 1317 1791 ratione
1367 1752 1546 1806 quove
1578 1753 1673 1791 or-

87 1829 219 1883 dine
244 1830 327 1884 vel
372 1831 507 1882 iram
535 1829 676 1884 Deus
707 1831 955 1885 ostendat
984 1832 1035 1884 in
1075 1831 1224 1885 vasis
1256 1832 1370 1898 iraa,
1415 1832 1500 1886 vel
1537 1833 1673 1885 divi-

89 1924 200 1976 tias
257 1921 441 1991 gloriae
485 1937 598 1976 sua:
634 1923 685 1975 in
734 1922 880 1976 vasis
933 1923 1322 1976 misericordia:
1351 1941 1364 1976 :
1397 1935 1451 1977 et
1487 1925 1671 1978 docuit
1704 1917 1746 1976 Β
1773 1915 1890 1972 Non
1966 1918 2103 1973 dixit
2164 1935 2180 1973 :

87 2015 238 2083 quod
271 2029 369 2067 vas
401 2015 493 2068 ira:
523 2014 614 2068 Iiat
644 2016 1016 2086 unusquisque
1058 2029 1125 2068 ex
1177 2031 1242 2069 eo
1276 2018 1417 2084 quod
1450 2032 1544 2083 per
1574 2017 1672 2068 du-

89 2107 278 2159 ritiam
323 2122 474 2160 suam
514 2116 569 2161 et
615 2121 710 2162 cor
758 2107 1107 2176 itnpmniteus
1166 2108 1491 2160 thesaurizet
1555 2107 1670 2178 (40)

89 2196 192 2249 sibi
227 2196 333 2265 ipsi
373 2196 509 2250 iram
547 2196 714 2252 indie
743 2196 839 2252 ira:
873 2198 949 2263 ⁸¹;
984 2213 1108 2251 vasa
1150 2208 1329 2249 autem
1365 2198 1672 2251 miscricor-

89 2287 196 2340 dia:
229 2289 344 2341 sint
366 2287 417 2341 hi
447 2289 535 2356 qui
572 2303 632 2342 se
665 2289 1081 2342 emundaverint
1111 2290 1178 2342 ab
1207 2289 1312 2351 his,
1337 2298 1392 2342 ct
1421 2289 1484 2341 ad
1509 2303 1671 2342 ornne

89 2393 232 2446 opus
273 2379 475 2432 bonum
517 2382 947 2449 praeparaverint
980 2379 1028 2411 ⁸³
1062 2398 1075 2434 :
1120 2396 1262 2435 nunc
1300 2389 1360 2434 ut
1408 2379 1522 2434 haec
1556 2381 1668 2449 ipsa

92 2469 305 2538 majore
349 2473 677 2525 auctoritate
718 2473 1028 2537 confirmet,
1072 2473 1236 2525 etiam
1287 2475 1338 2525 in
1391 2472 1670 2542 prophetis

88 2563 248 2614 docet
295 2561 410 2616 haec
468 2576 589 2616 esse
624 2563 938 2630 praescripta
986 2559 1141 2630 (II):
1179 2581 1197 2614 ‹
1232 2561 1418 2625 Isaias,
1471 2563 1667 2631 inquit,

88 2654 297 2706 clamat
359 2668 458 2722 pro
523 2653 737 2709 Israel:
779 2655 835 2707 Si
885 2654 1050 2708 fuerit
1115 2669 1372 2708 numerus
1434 2653 1666 2707 filiorum

91 2745 260 2798 Israel
287 2755 540 2813 tanquam
572 2761 732 2799 arena
765 2746 950 2807 maris.
977 2745 1220 2816 reliquiae
1242 2746 1408 2800 salva:
1439 2746 1587 2800 Iient.
1641 2763 1660 2794 ι

90 2837 398 2894 Provideus
422 2840 622 2895 etenim
646 2840 713 2896 de
738 2839 938 2894 futuris
963 2839 1246 2908 propheta,
1277 2839 1491 2893 videbat
1521 2837 1664 2907 quod

87 2929 308 2998 plurimi
332 2945 399 2984 ex
429 2930 615 2995 Israel,
658 2941 711 2985 et
748 2931 802 2985 bi
844 2933 1079 2986 maxime
1127 2932 1219 3001 qui
1267 2945 1448 2984 arena:
1498 2929 1668 2984 maris

88 3031 498 3090 comparantur,
546 3037 643 3090 per
669 3023 924 3077 duritiam
962 3038 1116 3078 suam
1157 3031 1212 3076 et
1259 3037 1358 3077 cor
1410 3021 1663 3089 impaeni-

90 3122 211 3166 tens
244 3112 292 3144 “
323 3111 485 3167 futuri
519 3121 674 3167 erant
721 3131 740 3164 ι
761 3130 887 3168 vasa
945 3114 1038 3169 ira:
1081 3123 1261 3183 aptata
1304 3115 1370 3168 ad
1403 3112 1666 3181 perditio-

89 3220 238 3268 nem,
279 3223 300 3257 ι
327 3221 432 3260 non
466 3206 756 3261 credentes
789 3207 912 3262 vitae
935 3222 1069 3270 suae,
1099 3209 1194 3260 sed
1231 3205 1515 3260 Dominum
1545 3220 1661 3258 ma-

80 3298 300 3364 jestatis
330 3298 709 3368 crucifigentes
760 3297 826 3352 ".
901 3319 919 3351 ι
956 3298 1010 3352 Si
1033 3315 1188 3370 ergo,
1225 3299 1419 3368 inquit,
1454 3298 1658 3352 fuerint

89 3401 346 3460 tanquam
379 3404 543 3444 arena
580 3390 764 3450 maris,
794 3390 1036 3460 reliquiae
1063 3390 1224 3445 salva:
1249 3390 1396 3446 ﬁent.
1431 3407 1448 3440 ι
1472 3388 1659 3458 llliqui

85 3494 194 3532 non
235 3479 537 3543 salvantur,
588 3491 846 3549 tanquam
896 3495 1060 3534 arena
1113 3481 1281 3536 maris
1328 3489 1489 3545 sunt;
1534 3481 1661 3535 reli-

83 3571 227 3638 quia:
264 3585 394 3626 vero
426 3586 544 3640 qua:
584 3570 746 3625 salvae
791 3570 943 3636 fient,
996 3581 1255 3642 tanquam
1314 3571 1484 3627 stellae
1532 3570 1658 3626 caeli

83 3675 235 3717 sunt.
294 3663 595 3733 Utrumque
661 3665 862 3718 etenim
929 3665 1346 3733 promissionis,
1414 3679 1534 3734 qua:
1590 3666 1658 3719 ad

84 3758 360 3812 Abraham
409 3756 548 3810 facta
610 3769 717 3818 est,
759 3758 999 3811 continet
1044 3773 1226 3810 sermo
1259 3757 1416 3825 (42):
1458 3777 1478 3808 ι
1523 3757 1654 3822 Erit,

86 3849 281 3917 inquit,
341 3863 523 3902 semen
565 3856 717 3903 tuum
761 3849 904 3904 sicut
944 3864 1110 3904 arena
1181 3850 1370 3910 maris.
1411 3857 1469 3904 et
1511 3850 1654 3902 sicut

83 3940 254 3994 stellae
277 3939 491 3995 cteli".
539 3959 558 3992 ι
601 3940 665 3995 Ει
699 3940 802 3996 hoc
822 3951 906 3995 est
937 3941 1080 4010 quod
1122 3939 1298 3994 dicit:
1350 3959 1369 3991 ι
1421 3938 1654 3994 Verbum

83 4033 222 4084 enim
259 4046 644 4086 consummans
688 4043 743 4086 et
785 4035 1042 4088 brevians
1089 4033 1139 4086 in
1193 4033 1491 4102 aequitate:
1528 4035 1654 4102 quia

85 4125 308 4178 verbum
339 4125 637 4178 breviatum
685 4124 850 4179 faciet
889 4127 1150 4180 Dominus
1175 4140 1341 4192 super
1373 4136 1596 4182 terram.
1628 4146 1649 4178 ι

85 4215 321 4268 Verbum
363 4205 689 4280 breviatum,
739 4217 829 4270 ubi
879 4216 1033 4270 multi
1086 4216 1262 4271 vocati
1302 4227 1453 4282 sunt,
1495 4217 1652 4285 pauci

86 4317 265 4360 autem
297 4306 452 4361 eiecti
480 4307 551 4360 ⁸⁷.
579 4307 873 4361 Possumus
907 4317 1165 4362 autemet
1197 4309 1360 4361 totius
1394 4309 1654 4364 doctrina:

87 4395 303 4446 verbum
348 4395 527 4448 dicere
577 4396 901 4460 breviatum,
944 4407 1002 4450 ut
1048 4398 1192 4462 quod
1247 4400 1394 4466 prius
1439 4399 1546 4454 Lex
1599 4410 1654 4454 et

83 4484 362 4555 Propheta!
411 4488 759 4540 continebant
817 4487 870 4541 in
916 4488 1198 4543 latitudine
1234 4503 1647 4558 praeceptorum,

1792 640 1902 686 tota
1935 634 2113 686 anima
2149 642 2259 694 tua,
2293 644 2347 686 et
2378 649 2442 687 ex
2485 634 2612 688 totis
2641 635 2844 689 viribus
2884 638 2990 691 tuis
3021 654 3035 690 :
3077 648 3132 692 et
3167 640 3355 708 proxi-

1787 738 1937 777 mum
1979 732 2126 777 tuum
2159 725 2300 779 sicut
2333 726 2584 791 teipsum.
2620 725 2678 780 In
2726 727 2810 780 his
2851 729 3058 781 duobus
3095 729 3365 784 mandatis

1788 816 1964 870 omnis
1991 813 2099 868 Lex
2138 816 2330 883 pendet
2364 825 2416 869 et
2448 814 2728 884 Prophetas
2751 817 2826 883 ⁸⁸;
2857 836 2876 870 ι
2903 817 2957 871 in
2985 832 3094 886 quo
3136 819 3362 872 eviden-
3389 809 3394 820 ’

1792 916 1873 960 ter
1926 904 2223 974 Prophetas
2267 916 2322 960 et
2371 907 2568 976 Legem
2616 909 2825 962 duobus
2883 910 2967 964 his
3013 908 3361 964 sermonibus

1787 995 2070 1051 breviavit.
2107 995 2289 1052 Potest
2328 1007 2382 1051 et
2413 1015 2431 1047 ι
2465 999 2686 1052 verbum
2715 999 3013 1054 breviatum
3045 1018 3064 1050 ι
3097 1000 3200 1054 dici
3232 993 3388 1054 fides

1785 1088 2013 1157 symboli
2053 1104 2172 1158 quae
2232 1088 2577 1144 credentibus
2621 1090 2874 1153 traditur,
2926 1091 2979 1144 in
3031 1107 3136 1160 qua
3201 1093 3365 1150 totius

1785 1178 2026 1246 mysterii
2063 1193 2272 1233 summa
2326 1180 2515 1248 paucis
2553 1194 2797 1233 connexa
2855 1183 3200 1237 sermonibus
3247 1183 3362 1254 (45)

1783 1271 2170 1350 continetur._r
2229 1272 2295 1326 Et
2341 1274 2481 1328 sicut
2541 1275 2814 1345 praedixit,
2873 1276 3068 1344 inquit,
3143 1275 3359 1333 Isaias:

1783 1364 1895 1419 Nisi
1954 1363 2216 1419 Dominus
2273 1365 2511 1421 Sabaoth
2583 1369 2890 1438 reliquisset
2938 1369 3094 1421 nobis
3148 1384 3360 1436 semen,

1782 1454 1925 1509 sicut
1961 1453 2194 1510 Sodoma
2235 1457 2362 1509 facti
2396 1472 2664 1522 essemus,
2687 1469 2737 1510 et
2769 1460 2907 1511 sicut
2952 1458 3256 1513 Gomorrha
3288 1462 3362 1513 si-

1784 1547 1940 1601 miles
1965 1545 2276 1602 fuissemus.
2307 1567 2324 1598 ι
2351 1549 2502 1616 Quod
2531 1565 2713 1604 semen
2743 1549 2952 1604 Isaiasa
2983 1551 3207 1605 Domino
3228 1551 3362 1606 dicit

1781 1639 2133 1695 derelictum?
2166 1641 2296 1695 Illud
2350 1643 2469 1697 sine
2509 1642 2671 1697 dubio
2704 1643 2847 1712 quod
2895 1643 3034 1698 idem
3067 1643 3360 1714 Apostolus

1781 1731 1998 1801 exponit
2054 1733 2107 1787 in
2148 1734 2293 1797 aliis,
2354 1749 2476 1789 cum
2525 1733 2657 1788 dicit
2700 1735 2768 1788 ad
2819 1736 3098 1789 Abraham
3145 1737 3351 1791 dictum

1779 1838 1944 1878 esse:
1979 1843 1998 1876 ι
2036 1823 2155 1878 Tibi
2211 1825 2352 1878 dabo
2403 1834 2602 1878 terram
2667 1825 2828 1886 hanc,
2881 1833 2937 1878 et
2985 1827 3181 1879 semini
3240 1837 3354 1886 tuo.

2249 1917 2318 1973 Et
2386 1918 2719 1982 seminibus,
2797 1919 2946 1988 quasi
3026 1919 3076 1971 in
3139 1919 3355 1986 multis;

1774 2013 1900 2075 sed,
1930 2011 2123 2066 semini
2173 2021 2294 2076 tuo,
2352 2021 2606 2080 tanquam
2645 2012 2860 2076 inuno,
2915 2012 3004 2079 qui
3055 2020 3142 2066 est
3192 2012 3354 2064 Chri-

1773 2113 1890 2159 stus
1907 2104 1973 2160 ".
1999 2122 2016 2155 ι
2047 2104 2156 2158 IIoc
2178 2113 2261 2158 est
2282 2118 2410 2175 ergo
2439 2103 2582 2171 quod
2626 2103 2737 2173 (44)
2781 2104 2912 2157 dicit
2953 2102 3119 2158 Isaias
3148 2119 3162 2156 :
3189 2104 3357 2174 619

1778 2195 1931 2250 «Nisi
1965 2193 2225 2252 Dominus
2258 2196 2568 2264 reliquisset
2613 2196 2766 2249 nobis
2819 2211 3029 2258 semen,
3057 2214 3076 2248 ι
3143 2197 3195 2250 id
3240 2206 3346 2258 est,

1773 2287 1873 2343 nisi
1908 2287 2147 2342 dedisset
2169 2287 2327 2340 nobis
2345 2288 2620 2341 Christum
2652 2297 2708 2339 ut
2734 2302 2798 2339 ex
2831 2285 2988 2339 nobis
3011 2295 3352 2350 nasceretur,

1777 2398 1798 2431 ι
1826 2357 1969 2433 sicin
1998 2379 2236 2432 Sodoma
2285 2378 2577 2432 fuissemus
2599 2377 2665 2444 ⁸ο,
2693 2395 2712 2428 ι
2767 2390 3034 2445 quantum
3065 2380 3130 2430 ad
3161 2379 3352 2446 impie-

1773 2472 1902 2526 tatis
1938 2471 2362 2542 magnitudinem
2408 2481 2641 2539 spectat,
2692 2473 2793 2524 nisi
2847 2474 2971 2539 quia
3024 2485 3079 2526 et
3134 2475 3354 2542 gravius

1771 2563 1974 2632 aliquid
2007 2563 2148 2632 apud
2182 2562 2458 2617 Israelitas
2489 2574 2698 2633 gestum
2749 2573 2853 2615 est.
2892 2562 3027 2618 Nam
3058 2565 3352 2619 Sodomita:

1773 2655 1824 2708 in
1858 2655 2098 2722 hospites
2129 2655 2318 2708 incesti
2356 2653 2673 2709 referuntur
2723 2655 2833 2724 (45)
2883 2666 2935 2709 et
2985 2657 3245 2726 impudici
3270 2659 3345 2722 ⁶¹;

1771 2747 1996 2815 populus
2041 2761 2171 2799 vero
2203 2745 2363 2799 Israel
2400 2747 2453 2800 in
2497 2761 2620 2799 eum
2657 2747 2952 2816 sacrilegus
2999 2750 3207 2802 exstitit
3255 2752 3346 2818 qui

1769 2853 1893 2892 cum
1933 2836 2192 2890 Dominus
2224 2834 2522 2903 majeSIatis
2574 2837 2666 2902 sit,
2704 2838 2872 2891 frater
2913 2854 3103 2893 eorum
3147 2841 3260 2910 (46)
3292 2853 3348 2896 et

1769 2929 1872 2982 dici
1907 2928 2072 2983 voluit
2104 2939 2158 2982 et
2191 2944 2329 2983 esse.
2387 2929 2498 2982 Nisi
2527 2944 2656 2996 ergo
2689 2943 2872 2983 semen
2910 2931 3050 2985 istud
3084 2931 3348 2988 Dominus

1771 3021 2100 3089 reliquisset,
2133 3036 2227 3090 per
2248 3020 2389 3088 quod
2422 3019 2662 3089 reliquis:
2687 3009 2848 3076 salvre
2879 3023 3094 3089 fierent,
3129 3037 3185 3079 et
3215 3040 3343 3080 vasa

1767 3112 2154 3168 misericordia:
2215 3115 2591 3177 salvarentur,
2647 3114 2924 3169 interisset
2960 3116 3188 3185 populus
3249 3116 3342 3173 ille

1767 3215 1827 3260 ut
1858 3206 2117 3261 Sodoma.
2167 3206 2231 3260 Et
2278 3214 2461 3261 tamen
2499 3221 2606 3260 non
2653 3209 2828 3261 otiose
2867 3208 3035 3263 Isaias
3067 3229 3085 3261 ι
3109 3225 3290 3265 semen
3317 3229 3338 3264 ι

1765 3294 2065 3348 nominavit
2111 3295 2255 3363 quod
2287 3294 2533 3348 relictum
2565 3304 2667 3350 est.
2714 3295 2912 3351 Semen
2944 3314 3176 3369 namque
3207 3301 3343 3354 dici-

1766 3397 1853 3440 tur
1879 3389 2020 3457 qnod
2067 3388 2374 3442 seminatur
2419 3389 2470 3442 in
2504 3396 2671 3453 terra,
2703 3399 2758 3443 et
2803 3390 3042 3444 fructum
3077 3392 3342 3463 multipli-

1763 3493 1883 3532 cem
1917 3478 2094 3532 reddit
2143 3493 2159 3531 :
2209 3483 2414 3532 docens
2465 3493 2561 3547 per
2607 3479 2730 3541 hoc,
2759 3479 2920 3533 etiam
2953 3481 3228 3536 Christum
3256 3500 3343 3535 se-

1763 3571 2080 3624 minandum
2133 3584 2273 3637 esse,
2326 3571 2378 3625 id
2411 3580 2494 3624 est
2527 3573 2896 3640 sepeliendum
2939 3590 3059 3628 esse
3088 3577 3138 3629 in
3170 3585 3337 3643 terra,

1760 3675 1814 3716 et
1847 3663 1970 3716 inde
1996 3673 2366 3732 resurgentem
2388 3664 2618 3718 fructum
2640 3665 2929 3733 plurimum
2965 3669 3126 3722 totius
3147 3669 3338 3726 Eccle-

1761 3755 1856 3807 siae
1884 3752 2244 3807 multitudinis
2267 3754 2628 3822 prolaturum,
2663 3755 2801 3810 sicut
2835 3768 2889 3812 et
2934 3761 3046 3828 ipse
3079 3761 3338 3815 Dominus

1759 3845 1932 3900 dicit:
1969 3863 1988 3895 ι
2012 3845 2123 3900 Nisi
2152 3861 2379 3912 granum
2429 3844 2680 3900 frumenti
2717 3849 2768 3900 in
2811 3857 3014 3902 terram
3055 3851 3332 3915 ceciderit,

1757 3945 1813 3991 et
1834 3946 2101 3990 mortuum
2130 3935 2312 4002 fuerit,
2343 3937 2572 3992 fructum
2599 3955 2702 3994 non
2732 3939 2888 3994 affert
2919 3941 3060 4009 (47);
3080 3943 3123 3996 si
3155 3951 3334 3999 autem

1757 4039 2031 4084 mortuum
2063 4028 2243 4096 fuerit,
2277 4029 2509 4085 fructum
2545 4030 2833 4100 plurimum
2865 4031 3102 4090 ali‘ert".
3140 4053 3158 4085 ι

1832 4142 1850 4173 ι
1873 4121 2009 4188 Quid
2036 4136 2164 4190 ergo
2185 4121 2461 4176 dicemus?
2491 4124 2641 4188 Quod
2670 4133 2860 4192 gentes
2883 4140 3002 4192 quae
3024 4140 3127 4178 non
3158 4139 3327 4180 seeta-

1757 4213 2264 4281 banturjustitiam,
2303 4215 2836 4282 comprehenderunt
2867 4214 3131 4280 justitiam
3174 4217 3330 4288 (48);

1749 4307 2017 4377 justitiam
2053 4317 2234 4360 autem
2269 4321 2390 4374 qua:
2423 4322 2489 4360 ex
2524 4308 2627 4362 lide
2657 4317 2741 4362 est
2764 4309 2831 4362 ‘3.
2858 4328 2877 4361 ι
2920 4307 3180 4365 Videatur
3211 4311 3324 4365 for-

1758 4402 1918 4457 tassis
1949 4399 2052 4455 hoc
2081 4401 2411 4454 contrarium
2442 4415 2566 4456 esse
2599 4401 2679 4456 vel
2715 4401 2818 4456 illis
2849 4404 2915 4456 de
2941 4404 3139 4472 quibus
3167 4421 3326 4474 supra

1756 4493 2016 4552 diximus,
2058 4491 2200 4560 quod
2249 4493 2620 4563 unusquisque
2649 4495 2907 4549 emundet
2936 4511 2996 4550 se
3037 4506 3092 4551 et
3128 4513 3329 4566 expur~

83 4581 301 4632 veniens
334 4578 592 4634 Dominus
640 4585 1038 4648 pronuntiaret,
1070 4591 1122 4634 et
1159 4583 1365 4637 diceret
1394 4602 1406 4637 :
1448 4603 1464 4633 ι
1517 4584 1645 4636 Diti-
1680 4599 1724 4652 ι)
1753 4592 1858 4652 get,
1893 4593 1951 4636 ut
1981 4585 2076 4637 tiat
2101 4598 2197 4638 vas
2232 4584 2384 4645 utile,
2427 4595 2481 4640 et
2515 4600 2612 4640 vas
2637 4587 3024 4644 misericordiae
3059 4607 3073 4644 :
3107 4591 3189 4643 vel
3221 4591 3325 4646 illis

141 4742 188 4772 ⁸⁸
216 4738 373 4791 Rom.
408 4752 483 4800 Ix,
516 4737 584 4790 27
619 4749 736 4803 seq.
844 4735 886 4766 ⁵¹
925 4736 937 4787 I
972 4735 1097 4788 Cor.
1158 4752 1218 4797 ιι,
1253 4737 1304 4791 6.

81 4823 135 4874 ιι,
158 4809 212 4866 8.
290 4809 338 4840 ⁸⁸
365 4807 502 4862 Gen.
540 4823 673 4868 xin,
711 4805 793 4857 I7.
873 4807 918 4837 ⁸⁷
949 4805 1138 4860 Matth.
1193 4824 1328 4868 xxii,
1368 4809 1454 4861 I4.

81 4882 120 4910 ⁸⁸
146 4880 267 4934 Isai.
306 4895 347 4940 ι,
382 4879 432 4932 9.
511 4879 552 4908 ⁶¹
581 4876 716 4930 Gen.
764 4892 875 4940 xix,
909 4875 962 4928 5.
1042 4879 1085 4908 ⁵⁸
1119 4877 1272 4930 Joan.
1310 4893 1407 4941 xtl,
1440 4879 1531 4932 ‘24.

145 4977 257 5046 (39)
288 4975 632 5046 Salodiauus,
683 4993 700 5025 ι
740 4974 1086 5046 Posteauqua:
1136 4989 1231 5041 per
1279 4974 1367 5046 Dei
1421 4978 1640 5044 sapien-

83 5043 201 5102 tiam
224 5062 387 5112 quam
424 5045 682 5115 loquitur,
717 5063 736 5094 ι
771 5055 879 5096 etc.
922 5043 1202 5106 Merlinus,
1240 5063 1264 5115 ι
1297 5043 1495 5098 Postea
1521 5063 1640 5114 qua:

81 5134 167 5186 per
213 5118 305 5171 Dei
352 5114 1034 5186 sapientiamloquitur,_i
1081 5124 1186 5186 etc.
1232 5114 1634 5179 Genebrardns,

87 5184 105 5240 ι
148 5188 506 5253 Posteaquam
537 5200 631 5254 per
666 5184 756 5236 Dei
783 5184 1102 5250 sapientiam
1137 5184 1368 5246 locutus,
1409 5203 1426 5234 ι
1456 5195 1562 5239 etc.

143 5258 254 5329 (40)
285 5255 483 5329 _Editi,
547 5273 565 5305 ι
622 5255 978 5329 thesaurizat,
1017 5273 1050 5329 Δι
1103 5262 1158 5329 et
1201 5255 1461 5329 ornittunt
1511 5271 1634 5329 cum

81 5324 206 5398 mss.
235 5324 541 5398 plerisque,
581 5342 599 5374 ι
636 5325 758 5394 ipsi,
791 5341 809 5374 ι
844 5332 928 5398 ει,
959 5342 980 5398 ι
1016 5324 1189 5398 indie
1218 5325 1331 5377 irae.
1379 5342 1402 5398 ι
1432 5325 1636 5380 Deinde

81 5397 228 5450 iidem
250 5393 385 5451 cditi
419 5393 665 5458 habent,
703 5411 720 5444 ι
757 5404 882 5446 sunt
917 5395 970 5447 hi
1000 5393 1090 5464 qui
1117 5410 1177 5448 se
1202 5394 1640 5450 emundaverunt

82 5467 262 5535 abhis,
291 5477 438 5521 ct....
471 5473 958 5534 praeparaverunt.»

147 5534 252 5608 (ιι)
286 5536 386 5590 Ms.
431 5535 869 5608 unus,_r__e_tiam
916 5535 969 5586 in
1001 5534 1286 5608 hpropheta
1337 5535 1492 5608 docet
1530 5535 1635 5590 hoc

82 5603 190 5661 esse
226 5603 514 5676 Scriptum.
556 5622 574 5654 ι
612 5603 754 5676 Editi
797 5618 946 5676 vero,
1001 5604 1254 5676 [tabanus
1282 5613 1337 5658 et
1367 5607 1454 5658 alii
1484 5621 1632 5676 mss.

83 5679 198 5730 utin
226 5673 414 5731 nostro
442 5683 611 5738 textu,
644 5673 745 5727 nisi
770 5675 908 5741 quod
937 5674 1065 5729 editi
1093 5675 1322 5729 habeant
1341 5693 1360 5725 ι
1388 5675 1585 5746 scripta
1607 5694 1626 5726 ι

83 5760 167 5808 pro
195 5767 212 5800 ι
247 5746 585 5816 praescripta.
621 5762 640 5795 ι

145 5813 373 5888 (42)“8ἰε
402 5813 532 5888 mss.
561 5823 616 5867 et
649 5813 927 5870 Rabanns.
961 5817 1100 5870 Editi
1134 5831 1329 5888 vero”
1363 5815 1632 5884 Utrasque

87 5884 649 5960 cuim'promissiones
691 5901 812 5954 (una:
851 5892 918 5941 ad
963 5889 1257 5943 Abraham'
1291 5887 1445 5942 facta:
1480 5898 1626 5947 sunt,

1402 4740 1448 4770 ⁵⁸
1485 4740 1639 4794 Iliun.
1696 4754 1760 4799 tl,
1798 4739 1850 4794 5.

1535 4810 1578 4840 ⁸⁸
1617 4809 1792 4881 λυςυιο
1820 4827 1891 4872 VI,
1940 4812 2008 4874 5;
2039 4811 2226 4868 Matth.
2264 4831 2401 4879 xxu,
2425 4815 2516 4881 37,
2549 4816 2640 4881 39,
2671 4816 2759 4869 40.

1610 4879 1653 4910 “
1689 4879 1846 4934 ltom.
1878 4897 1954 4946 Ix,
1990 4883 2080 4938 50.

1741 4978 1985 5032 continet
2016 4993 2214 5034 sermo.
2262 5000 2280 5031 ι

1947 4739 1992 4773 ⁵⁸
2027 4739 2066 4794 II
2099 4742 2308 4805 Tim.n,
2337 4745 2429 4798 21.
2523 4744 2570 4776 ³⁸
2608 4745 2764 4799 Rom.
2800 4761 2862 4804 ll.
2896 4747 2950 4800 5.
3055 4749 3100 4780 ⁵³
3135 4749 3150 4801 Ι
3192 4747 3320 4805 Cor.

2839 4819 2883 4848 "
2907 4815 3080 4872 Galat.
3113 4835 3196 4884 ιιι,
3233 4820 3318 4876 I6.

1817 5048 1932 5119 (45)
1964 5049 2126 5112 Editi,
2163 5071 2179 5099 ‹
2215 5051 2398 5119 paucis
2423 5063 2557 5102 nexa
2584 5051 2948 5114 sermonibus,
2980 5071 2998 5103 ι
3030 5063 3137 5106 etc.

1817 5118 1930 5193 (44)
1966 5120 2128 5193 Ιῦάἱιὶ,
2177 5118 2376 5188 «quod
2435 5131 2518 5172 est
2559 5119 2828 5174 Christus.
2885 5121 3000 5176 Non
3051 5138 3183 5193 ergo
3234 5135 3317 5179 est

1741 5187 1909 5246 aliud,
1945 5189 2110 5256 quod,
2141 5207 2161 5240 ι
2191 5187 2297 5244 etc.

1818 5259 1932 5327 (45)
1961 5261 2112 5314 Alias
2145 5278 2162 5310 ι
2192 5260 2429 5315 fuerunt.
2469 5277 2486 5309 ι

1839 5330 1930 5396 46)
1965 5328 2122 5393 Editi,
2162 5349 2181 5378 ι
2217 5339 2368 5398 pater
2395 5343 2602 5382 eorum.
2641 5349 2659 5382 ι

1840 5400 1931 5469 47)
1966 5399 2066 5454 Ms.
2100 5415 2238 5453 unus
2272 5398 2511 5469 Regius,
2562 5417 2580 5449 ι
2615 5401 2788 5468 ipsum
2832 5403 3006 5458 solum
3047 5414 3247 5460 manet.
3287 5421 3309 5458 ι

1745 5467 2127 5538 ΑιιθτΒθείιιε
2160 5485 2310 5523 num.
2335 5467 2494 5538 I659,
2529 5487 2548 5519 ι
2589 5467 2824 5524 fructum
2863 5489 2970 5528 non
3000 5475 3193 5530 aII'eret
3226 5513 3313 5532 ....

1745 5540 1980 5592 fructum
2012 5537 2298 5611 plurimum
2335 5537 2543 5592 aﬂeret.
2586 5558 2605 5590 ι
2659 5541 2764 5595 Sed
2795 5547 2975 5598 caeteri
3010 5562 3170 5611 mss.,
3207 5543 3316 5600 Ra—

1745 5611 1917 5662 banus
1949 5619 2006 5662 et
2033 5609 2160 5662 editi
2195 5609 2328 5662 utin
2359 5621 2546 5662 n05tro
2577 5620 2747 5665 textu.

1816 5680 1926 5752 (48)
1959 5679 2088 5734 Mss.
2116 5679 2245 5742 duo,
2281 5698 2301 5729 ι
2329 5690 2632 5752 consectum
2663 5683 3132 5752 suntjustitianm
3169 5683 3307 5738 Editi

1741 5757 1793 5823 et
1828 5766 1930 5823 _ms.
1977 5765 2146 5823 unus,
2200 5769 2217 5800 ι
2276 5751 2751 5818 apprchenderunt
2789 5751 3080 5823 justitiam.
3135 5771 3158 5808 ι
3204 5756 3311 5809 Sed

1744 5819 1998 5876 ltabanus
2033 5832 2089 5881 ut
2119 5822 2171 5881 in
2203 5831 2390 5880 nostro
2418 5831 2582 5875 textu.
