3768 6562
434 428 575 483 .1155

1901 431 2222 489 ORIGENIS
2284 452 2287 455 '

3563 435 3674 490 1l5b

380 612 387 629 ί
431 565 558 618 quae
603 551 657 604 in
713 548 1094 620 superioribus
1140 550 1520 616 disseruimus,
1584 551 1726 619 quod
1779 550 2015 604 naturali
2043 557 2092 613 Α
2121 550 2173 604 in
2207 565 2354 614 eum,
2403 564 2508 605 non
2557 550 2844 606 erubescet
2876 550 2940 607 ⁸⁸.
2969 571 2989 605 ι
3024 551 3318 622 Apostolus
3344 561 3547 618 autem,
3577 558 3675 608 cla-

433 641 569 711 .bge,
606 643 658 697 in
684 658 789 713 qua
817 645 935 698 sine
964 644 1130 698 dubio
1158 655 1239 698 est
1260 655 1316 699 et
1335 643 1569 713 justitia,
1600 652 1821 699 utantur
1848 643 2013 698 etiam

434 743 644 804 gentes.
686 736 968 803 Quomodo
996 752 1129 803 ergo
1160 736 1247 791 hic
1277 738 1406 791 dicit
1438 739 1566 806 quia
1622 755 1640 788 ι
1666 744 1863 807 gentes
1892 750 2015 806 quae

424 842 540 883 non
581 828 937 883 sectabantur
987 828 1279 896 justitiam,
1328 831 1855 899 comprehenderunt
1900 828 2013 898 (49)

426 915 777 987 justitiam?»
823 919 955 974 Vide
986 934 1114 990 ergo
1165 920 1211 974 si
1264 921 1367 974 hoc
1403 922 1565 975 modo
1606 936 1898 990 possumus
1938 935 2017 976 re-

432 1011 723 1078 spondere.
767 1010 923 1064 Aliud
976 1021 1058 1066 est
1109 1014 1332 1076 sectari,
1381 1011 1528 1066 aliud
1576 1012 1797 1066 insitum
1844 1012 2011 1067 habe-

433 1115 495 1155 re
525 1101 660 1171 (50).
718 1100 929 1156 Sectari
983 1101 1185 1156 dicitur
1239 1103 1327 1157 ille
1373 1108 1462 1171 qui
1501 1117 1597 1173 per
1621 1104 1923 1158 doctrinam
1956 1114 2012 1160 et

436 1192 728 1247 lectionem
764 1194 986 1247 multam
1019 1194 1233 1263 assequi
1265 1195 1469 1264 aliquid
1500 1195 1649 1264 cupit
1681 1212 1694 1248 :
1723 1196 1866 1251 unde
1893 1204 1948 1249 et
1978 1209 2007 1249 a

437 1286 698 1340 sectando
729 1295 898 1339 secta:
941 1285 1223 1354 appellatae
1248 1297 1376 1340 sunt
1408 1286 1715 1355 hnjusmodi
1752 1286 2011 1341 doctrina:

430 1392 551 1447 qua:
605 1379 884 1431 hominum
935 1378 1226 1433 traditione
1275 1379 1581 1434 discuntur.
1628 1379 1832 1435 Gentes
1880 1394 2008 1451 ergo

432 1468 545 1540 (51)
587 1469 711 1538 quia
759 1469 927 1540 legem
956 1470 1155 1524 tabulis
1199 1470 1282 1526 vel
1313 1470 1465 1526 libris
1493 1472 1572 1527 sic
1612 1473 1869 1541 scriptam
1898 1488 2006 1527 non

428 1560 768 1623 habuerunt,
823 1577 930 1615 non
966 1561 1223 1616 dicuntur
1271 1572 1495 1618 sectatze
1524 1579 1644 1620 esse
1686 1564 1951 1635 justitiam
1989 1582 2005 1621 :

427 1652 740 1707 habuerunt
793 1662 969 1707 tamen
1023 1653 1264 1720 insitam,
1300 1671 1461 1725 quam
1506 1655 1590 1711 lex
1625 1670 1718 1711 eos
1745 1658 2006 1712 naturalis

429 1742 664 1798 edocuit.
725 1744 928 1799 Idcirco
957 1760 1088 1815 ergo
1116 1748 1342 1815 proximi
1403 1746 1619 1802 fuerunt
1659 1749 1886 1818 justitia:
1937 1750 1989 1805 ei

430 1848 552 1900 quae
585 1848 648 1888 ex
701 1836 804 1890 [ide
836 1844 941 1903 est,
974 1835 1027 1891 id
1063 1846 1167 1901 est,
1213 1837 1453 1894 Christo.
1500 1857 1518 1889 ι
1543 1836 1707 1893 Israel
1758 1854 1887 1893 vero
1916 1853 2003 1893 se-

2120 642 2297 710 pidem
2332 640 2669 707 oll‘e'nsionis,
2697 651 2751 697 et
2779 652 2990 713 petram
3029 645 3296 709 scandali,
3323 664 3342 696 ι
3382 644 3453 700 de
3481 645 3582 699 alio
3609 646 3670 701 lo-

2119 747 2184 786 co
2215 733 2382 803 ipsius
2431 734 2586 788 Isaia:
2618 734 2898 804 propheta:
2944 734 3071 789 huic
3101 735 3421 795 testimonio
3449 736 3674 799 inseruit,

2118 826 2171 879 in
2203 842 2309 894 quo
2341 826 2413 880 ita
2461 827 2728 896 scriptum
2755 837 2838 883 est
2885 845 2901 883 :
2941 848 2960 880 ι
2984 829 3049 883 Ει
3083 847 3187 886 non
3224 840 3487 900 tanquam
3534 829 3675 898 lapidi

2114 914 2431 970 oﬂensionis
2456 917 2756 972 occurretis
2777 918 2850 982 ei,
2885 928 3134 988 nequeut
3167 918 3329 987 lapidi
3360 918 3531 973 ruina;
3567 917 3671 984 ⁶⁸;»

2114 1013 2164 1059 et
2200 1020 2265 1060 ex
2307 1016 2537 1075 utroque
2588 1009 2707 1063 loco
2762 1023 3057 1076 excerpens
3127 1025 3247 1078 qua:
3305 1011 3677 1065 assertionibus

2113 1100 2228 1153 suis
2284 1102 2566 1154 commoda
2628 1102 2951 1156 videbantur
3009 1103 3213 1171 aptavit
3271 1103 3412 1173 (56).
3472 1103 3677 1157 Verum-

2113 1195 2295 1242 tamen
2330 1188 2592 1244 Dominus
2620 1189 2802 1253 Jesus,
2830 1206 2995 1261 quem
3025 1193 3293 1261 plurimis,
3326 1194 3422 1247 sed
3458 1194 3606 1248 bonis
3630 1206 3678 1248 et

2115 1279 2447 1335 salutaribus
2481 1283 2799 1337 nominibus
2848 1284 3164 1353 compellari
3219 1285 3550 1349 invenimus,
3591 1285 3677 1338 mi-

2114 1387 2231 1426 rum
2291 1371 2521 1430 fortasse
2556 1376 2803 1431 videatur
2849 1393 2948 1432 cur
2996 1378 3048 1431 in
3091 1379 3197 1433 hoc
3253 1379 3377 1433 loco
3424 1394 3583 1447 quem
3618 1380 3678 1434 de

2114 1465 2249 1520 Isaia
2276 1468 2538 1536 propheta
2584 1471 2819 1540 sumpsit
2844 1471 3159 1540 Apostolus,
3208 1472 3349 1531 lapis
3375 1470 3678 1528 oﬂ‘ensionis

2115 1566 2171 1612 et
2201 1567 2352 1627 petra
2385 1560 2626 1615 scandali
2660 1562 3000 1625 nominetur;
3030 1578 3150 1617 cum
3186 1564 3380 1633 utique
3409 1563 3552 1618 bono
3583 1564 3677 1617 Do-

2109 1651 2275 1713 mino,
2313 1658 2366 1703 et
2404 1651 2529 1705 boni
2565 1650 2742 1706 Patris
2787 1652 2926 1707 Filio
2957 1669 3294 1725 quacunque
3348 1657 3491 1709 bona
3522 1666 3575 1711 et
3596 1670 3677 1710 sa.

2108 1741 2301 1795 Iutaria
2331 1741 2445 1812 (57)
2480 1742 2736 1798 videntur
2761 1746 2996 1814 aptanda
3039 1746 3171 1810 sint,
3210 1757 3268 1800 ut
3315 1763 3444 1817 pax,
3493 1758 3550 1800 et
3595 1746 3675 1815 jn-

2110 1835 2279 1901 stitia,
2319 1845 2376 1889 et.
2419 1837 2647 1900 veritas,
2683 1846 2739 1891 et
2773 1838 2972 1891 ostium
3024 1852 3132 1906 quo
3180 1839 3426 1893 intratur
3476 1841 3542 1893 ad
3588 1839 3678 1893 Pa-

431 1938 585 1981 ctans
636 1928 809 1997 legem
855 1927 1100 1996 justitim,
1156 1931 1208 1984 in
1247 1932 1420 1997 legem
1455 1945 1562 1984 non
1607 1929 1951 2001 pervenit“.
1978 1948 1996 1981 ι
2034 1907 2077 1962 Β
2110 1937 2267 1991 trem,
2316 1936 2370 1982 et
2400 1937 2609 1997 pastor,
2652 1939 2709 1982 et
2743 1928 2828 1985 leo
2869 1930 2935 1985 de
2988 1932 3126 1984 tribu
3157 1930 3318 1995 Iuda,
3367 1932 3454 1985 vel
3479 1933 3677 1986 catulus

429 2018 497 2073 Et
529 2022 615 2074 hic
651 2020 822 2083 locus,
873 2022 1017 2075 sicut
1072 2029 1234 2091 supra
1288 2024 1691 2077 observandum
1744 2023 2001 2087 diximus,

428 2112 484 2166 in
517 2129 622 2167 uno
651 2115 952 2182 eodemque
978 2114 1248 2170 versiculo
1285 2115 1499 2171 diverse
1543 2116 1788 2170 nominat
1832 2114 2002 2185 legem

431 2201 567 2272 (52).
607 2204 829 2259 Certum
864 2216 946 2259 est
967 2205 1111 2259 enim
1144 2206 1270 2275 quia
1299 2206 1466 2261 Israel
1490 2209 1803 2263 sectabatur
1831 2208 2001 2279 legem

425 2293 651 2361 iustitiae
679 2296 973 2351 secundum
1012 2296 1270 2361 litteram,
1323 2300 1415 2352 sed
1444 2299 1497 2351 in
1545 2299 1717 2368 legem
1746 2315 1852 2353 non
1883 2314 2004 2368 per-

428 2387 598 2440 venit.
656 2386 827 2453 Quam
867 2387 1072 2457 legem?
1129 2387 1257 2444 Sine
1307 2391 1470 2446 dubio
1522 2392 1762 2460 spiritus.
1817 2390 2003 2462 Neque

425 2479 571 2533 enim
606 2480 707 2534 hoc
741 2481 944 2534 dicet-et
987 2482 1298 2549 Apostolus,
1346 2484 1469 2550 quia
1505 2482 1674 2553 legem
1711 2498 1870 2551 quam
1914 2497 2003 2537 se-

428 2571 696 2637 ctabatur,
752 2585 808 2627 et
839 2589 999 2643 quam
1053 2577 1289 2640 tenebat,
1325 2585 1379 2630 et
1427 2591 1588 2645 quam
1644 2574 1896 2641 habebat,
1949 2576 2000 2629 in

430 2664 572 2717 hanc
596 2680 701 2717 non
737 2668 1069 2734 pervenerit.
1112 2666 1308 2721 Reddit
1339 2682 1466 2736 ergo
1498 2666 1783 2731 rationem,
1816 2682 1915 2719 cur
1948 2667 1999 2720 in

427 2753 596 2824 legem
644 2756 807 2811 Israel
850 2773 953 2813 nou
1014 2759 1251 2829 potuerit
1301 2759 1604 2828 pervenire.
1672 2776 1689 2809 ι
1719 2758 1851 2825 Quia
1894 2775 2000 2813 non

426 2861 494 2899 ex
543 2846 664 2911 Ilde,
713 2849 907 2917 inquit,
961 2853 1052 2904 sed
1106 2851 1219 2923 (55)
1261 2851 1412 2920 quasi
1463 2866 1527 2904 ex
1585 2851 1918 2919 operibus”.
1975 2871 1994 2901 ι

426 2935 503 2989 De
536 2937 638 2992 lide
666 2937 867 2995 Christi
899 2952 953 2994 et
1001 2945 1255 3010 operibus
1297 2942 1449 3012 legis,
1500 2944 1714 2996 abunde
1747 2943 1798 2996 in
1835 2943 2001 2998 init-iis

427 3028 585 3095 hujus
611 3031 860 3099 Epistolas
889 3035 1246 3089 disseruimus
1282 3034 1394 3104 (5i)
1432 3053 1443 3087 :
1476 3044 1530 3089 et
1559 3035 1679 3089 ideo
1714 3050 1781 3089 ne
1809 3035 1998 3090 eadem

426 3121 624 3188 srepius
678 3122 959 3187 iteremus,
1010 3136 1332 3193 prmsenteut
1383 3125 1557 3179 locum
1612 3127 1800 3195 paucis
1832 3127 2000 3197 ipsius

422 3212 661 3278 Apostoli
722 3215 1065 3269 sermonibus
1127 3215 1483 3284 explicemus,
1559 3218 1763 3287 quibus
1819 3220 1990 3274 dicit:

428 3300 780 3371 «Ignorantes
830 3306 970 3358 enim
1005 3305 1095 3360 Dei
1143 3304 1432 3373 justitiam,
1475 3319 1531 3362 et
1562 3324 1714 3362 suam
1747 3325 1995 3377 quaeren-

424 3401 506 3444 tes
533 3404 789 3457 statuere,
833 3395 1063 3463 justitize
1101 3398 1191 3452 Dei
1246 3413 1352 3451 non
1393 3407 1521 3453 sunt
1552 3398 1801 3467 subjecti.
1844 3398 1994 3457 Finis

421 3483 568 3537 enim
594 3485 727 3554 legis
747 3486 1018 3555 Christus,
1047 3489 1114 3542 ad
1141 3488 1406 3557 justitiam
1434 3490 1583 3543 omni
1610 3491 1854 3547 credenti
1873 3494 1938 3548 “.
1966 3513 1986 3545 ι

422 3577 559 3642 Quia
589 3593 718 3648 ergo
747 3579 921 3649 legem
965 3584 1315 3637 sectabantur
1350 3597 1455 3637 non
1500 3585 1795 3639 secundum
1827 3601 1990 3656 opera

416 3668 642 3735 justitize
675 3671 789 3732 Dei,
837 3672 928 3726 sed
976 3674 1269 3727 secundum
1298 3688 1461 3742 opera
1492 3690 1601 3729 suae
1625 3675 1870 3745 justitize,
1908 3678 1991 3732 id-

422 3760 568 3815 circo
617 3782 637 3814 ι
683 3761 1024 3819 olfenderunt
1080 3767 1131 3818 in
1198 3766 1425 3835 lapidem
1509 3767 1848 3836 offensionis,
1923 3770 1991 3826 de

420 3866 528 3919 quo
557 3853 819 3923 scriptum
855 3863 938 3910 est
972 3856 1084 3926 (55)
1117 3871 1132 3910 :
1166 3858 1305 3913 Ecce
1340 3874 1480 3928 pono
1510 3860 1562 3914 in
1597 3860 1727 3914 Sion
1759 3860 1990 3929 lapidem

420 3940 754 4012 offensionis,
808 3956 861 4000 et
901 3956 1111 4015 petram
1159 3951 1443 4005 scandali:
1495 3961 1551 4004 et
1609 3951 1700 4020 qui
1757 3952 1993 4006 credidit

419 4036 473 4088 i'n
539 4051 697 4100 eum,
761 4053 865 4091 non
929 4040 1208 4094 erubescet
1246 4040 1309 4093 "’.
1353 4060 1371 4092 ι
1438 4039 1730 4096 Sciendum
1810 4053 1987 4097 autem

418 4133 528 4188 est,
573 4128 805 4196 quodin
855 4127 990 4183 Isaia
1042 4131 1298 4199 propheta
1356 4133 1458 4186 hoc
1509 4133 1875 4187 testimonium
1918 4132 1993 4188 ita

419 4218 674 4287 scriptum
726 4230 854 4275 est:
893 4237 912 4272 ι
942 4220 1081 4275 Ecce
1129 4238 1231 4292 ego
1275 4224 1509 4277 immitto
1565 4225 1617 4278 in
1667 4225 1993 4279 fundamen-

420 4317 470 4363 ta
504 4307 633 4364 Sion
688 4310 916 4381 lapidem
968 4312 1289 4382 pretiosum,
1343 4314 1597 4379 electum,
1655 4314 1989 4385 angularem,

415 4404 734 4472 praeclarum
766 4404 820 4458 in
854 4404 1204 4460 fundamenta
1250 4405 1408 4475 ejus;
1459 4415 1515 4461 et
1563 4405 1654 4476 qui
1698 4406 1994 4460 crediderit

2107 2017 2281 2072 leonis
2308 2019 2402 2089 qui
2439 2021 2713 2073 excitatur
2742 2037 2770 2075 a
2814 2036 3026 2087 somno,
3061 2021 3144 2075 vel
3174 2022 3567 2083 sanctiﬁcatio,
3596 2024 3672 2076 vel

2107 2110 2422 2179 redemptio,
2453 2120 2506 2166 et
2532 2122 2729 2166 caetera
2765 2113 3067 2182 hujusmodi
3091 2129 3213 2184 quae
3236 2114 3540 2184 dignationi
3568 2116 3674 2183 ejus

2105 2201 2395 2255 convenire
2422 2201 2726 2256 videantur.
2769 2200 2876 2258 Sed
2910 2204 3031 2259 vide
3077 2204 3124 2258 si
3173 2219 3471 2274 possumus
3521 2206 3673 2259 etiam

2108 2311 2129 2344 ι
2159 2292 2388 2363 lapidem
2420 2292 2735 2350 oﬂ‘ensionis
2756 2306 2811 2350 et
2839 2306 3050 2365 petram
3075 2297 3316 2352 scandali
3343 2316 3363 2348 ι
3394 2297 3677 2353 ostendere

2105 2394 2371 2453 quatinus
2398 2385 2447 2440 ei
2479 2386 2646 2457 620
2670 2397 3046 2457 competenter
3063 2389 3236 2457 possit
3259 2388 3465 2458 aptari.
3507 2387 3676 2443 Oﬂ’en-

2105 2474 2185 2528 sio
2204 2482 2259 2528 ct
2285 2475 2600 2530 scandalum
2630 2491 2794 2530 unum
2820 2491 2989 2546 prope
3016 2487 3182 2546 atque
3212 2478 3359 2532 idem
3392 2478 3674 2547 signiﬁcat.

2107 2566 2431 2620 Scandalum
2460 2567 2660 2622 etenim
2702 2567 2903 2621 dicitur
2933 2583 3058 2622 cum
3104 2569 3157 2622 in
3190 2567 3279 2621 via
3320 2569 3465 2623 obex
3496 2568 3677 2637 aliquis

2106 2657 2406 2725 invenitur,
2437 2665 2529 2728 qut
2582 2672 2829 2731 gressum
2881 2658 3183 2715 incedentis
3236 2660 3323 2716 vel
3371 2660 3678 2715 scandentis

2104 2748 2381 2817 impediat.
2426 2750 2552 2805 lude
2574 2767 2704 2824 ergo
2755 2752 3072 2807 scandalum
3111 2761 3352 2806 tractum
3400 2763 3509 2808 est.
3545 2751 3674 2819 Quia

2106 2841 2273 2912 igitur
2300 2842 2355 2897 bi
2386 2844 2476 2912 qui
2499 2846 2732 2899 erantin
2766 2844 2917 2909 Sion,
2950 2846 3065 2900 vias
3097 2861 3203 2899 non
3227 2847 3404 2901 bonas
3433 2846 3677 2901 inceden-

2105 2941 2207 2997 tes,
2243 2935 2348 2987 iter
2398 2933 2717 3002 perditionis
2746 2935 2960 2991 concito
3004 2936 3138 3003 pede
3172 2938 3496 3000 currebant,
3528 2937 3678 2989 malis

2101 3026 2213 3079 suis
2242 3024 2487 3080 faventes
2513 3026 2774 3092 invicem,
2821 3029 2967 3082 sicut
2994 3027 3269 3096 Propheta
3305 3028 3441 3082 dicit
3459 3028 3531 3091 ",
3558 3027 3673 3097 quia

2106 3136 2125 3170 ι
2148 3117 2401 3172 laudatur
2425 3128 2685 3189 peccator
2718 3122 2772 3175 in
2803 3122 3085 3177 desideriis
3112 3122 3312 3176 animm
3337 3137 3479 3186 suae,
3507 3130 3562 3176 et
3589 3122 3672 3188 qui

2101 3209 2318 3280 iniquus
2355 3220 2438 3264 est
2487 3208 2600 3282 (58)
2655 3213 3031 3268 henedicitnr:
3063 3233 3083 3264 ι
3112 3213 3343 3269 veniens
3413 3214 3675 3269 Dominus

2101 3314 2155 3357 et
2183 3303 2432 3357 Salvator
2468 3314 2677 3371 noster,
2733 3320 2963 3374 arguere
2989 3305 3159 3373 coepit
3207 3306 3326 3360 vias
3376 3321 3593 3370 eorum,
3626 3317 3675 3360 et

2101 3396 2281 3451 dicere
2316 3417 2328 3453 :
2372 3414 2392 3448 ι
2426 3394 2519 3451 Va:
2547 3397 2701 3451 vobis
2730 3397 2932 3451 Scribze
2956 3406 3012 3450 et
3040 3395 3297 3451 Pharisaei
3323 3398 3407 3464 ";
3434 3417 3457 3451 ι
3491 3408 3546 3454 et
3576 3400 3673 3454 ite-

2101 3503 2218 3540 rum
2255 3506 2269 3542 :
2305 3506 2324 3539 ι
2348 3489 2439 3543 Vae
2458 3490 2615 3543 vobis
2644 3489 2897 3543 divitibus
2927 3488 3013 3556 7';
3064 3507 3085 3540 ι
3132 3499 3187 3543 et
3230 3491 3430 3545 iterum
3478 3504 3496 3544 :
3540 3509 3561 3543 ι
3590 3491 3675 3545 Va

2101 3579 2222 3644 tibi,
2256 3578 2577 3641 Jerusalem,
2613 3596 2732 3649 quae
2761 3582 2963 3635 occidis
3008 3581 3323 3650 prophetas,
3370 3592 3430 3637 et
3472 3582 3675 3653 lapidas

2099 3683 2193 3723 eos
2222 3670 2314 3738 qui
2345 3675 2411 3725 ad
2445 3681 2496 3727 te
2528 3673 2681 3727 missi
2720 3672 2831 3744 (59)
2863 3672 3075 3727 sunt".
3103 3691 3123 3724 ι
3158 3672 3267 3728 Sed
3302 3683 3360 3728 et
3393 3675 3560 3728 multa
3592 3674 3672 3729 his

2101 3763 2301 3817 similia
2332 3765 2540 3829 dicens,
2564 3773 2620 3821 et
2651 3780 2884 3837 arguens
2915 3781 3029 3833 eos,
3058 3767 3325 3837 impedire
3359 3769 3530 3837 cmpit
3559 3768 3671 3821 vias

2100 3855 2421 3924 perditionis
2441 3870 2652 3920 eorum,
2682 3866 2737 3911 et
2768 3855 2994 3912 ell'ectus
3021 3868 3105 3911 est
3127 3858 3208 3912 eis
3238 3857 3377 3927 lapis
3416 3857 3672 3913 olIensio-

2102 3948 2186 4002 nis
2218 3956 2273 4001 et
2303 3957 2452 4015 petra
2478 3948 2742 4016 scandali,
2792 3964 2897 4003 non
2948 3949 3133 4004 sinens
3163 3963 3260 4004 eos
3291 3950 3505 4021 ingredi
3531 3952 3670 4004 viam

2100 4040 2267 4095 latam
2296 4054 2415 4109 qua:
2452 4040 2603 4095 ducit
2644 4042 2711 4095 ad
2757 4051 2983 4096 mortem
3015 4041 3082 4100 ".
3116 4042 3211 4097 Sic
3252 4045 3497 4113 denique
3533 4054 3589 4099 et
3618 4045 3670 4097 in

2100 4130 2239 4186 Osee
2267 4131 2530 4201 propheta
2560 4132 2819 4202 scriptum
2861 4141 2944 4188 est
2976 4134 3044 4188 de
3077 4135 3161 4191 his
3194 4137 3287 4207 qui
3322 4137 3536 4207 peccati
3567 4138 3673 4191 iter

2098 4221 2354 4276 incedunt
2390 4243 2403 4277 :
2438 4240 2457 4273 ι
2514 4221 2740 4292 Propter
2814 4224 2937 4290 hoc,
2998 4225 3194 4295 inquit,
3255 4242 3387 4284 ecce
3429 4242 3532 4299 ego
3587 4243 3673 4282 se—

2098 4314 2242 4382 piam
2295 4314 2440 4367 viam
2492 4314 2611 4382 ejus
2654 4319 2877 4374 sudibus
2931 4319 3064 4392 (60),
3123 4333 3181 4376 et
3233 4324 3517 4378 obstrnam
3552 4323 3669 4376 vias

2096 4405 2234 4473 ejus,
2270 4417 2324 4460 et
2356 4409 2609 4473 semitam
2636 4425 2786 4463 suam
2815 4428 2918 4467 non
2948 4413 3182 4466 inveniet
3202 4413 3273 4467 ".
3307 4431 3327 4465 ι
3396 4414 3669 4468 Ponamus

484 4496 531 4529 “
554 4499 712 4573 Rom.
736 4514 817 4573 rx,
837 4497 926 4553 51.
969 4499 1046 4573 ff
1070 4499 1227 4573 Rom.
1263 4500 1487 4573 tx,g52.i
1532 4502 1581 4573 ff
1600 4502 1754 4556 Rom.
1780 4517 1833 4562 ι,
1858 4501 1912 4565 5,
1942 4501 1973 4573 4

2153 4503 2307 4573 Rom.
2328 4517 2402 4568 Ix,
2437 4502 2527 4569 52,
2548 4504 2637 4559 55.
2713 4506 2760 4538 ⁸⁸
2789 4507 2909 4561 lsai.
2939 4522 3129 4570 xxvm,
3157 4509 3246 4563 16.
3323 4509 3513 4564 "Isai.
3543 4524 3663 4573 ml,

413 4558 505 4623 14.
554 4569 601 4599 ⁷⁸
632 4558 829 4625 Ρειιιιιι.
864 4586 940 4633 ιιι,
962 4569 1063 4637 24;
1098 4570 1231 4626 alias
1255 4558 1395 4638 x,'5.
1468 4572 1513 4603 “
1532 4570 1723 4628 Matth.
1748 4558 1910 4638 xxiii,
1939 4572 2029 4626 15.

416 4639 504 4692 15.
571 4639 615 4671 ⁷⁸
650 4640 772 4695 Osc.
807 4656 866 4705 tt,
904 4639 958 4695 6.

488 4735 602 4803 (49)
633 4736 809 4808 Editi,
865 4756 883 4789 ι
920 4738 1203 4808 Quomodo
1229 4753 1362 4808 ergo
1388 4736 1480 4792 hic
1512 4736 1647 4790 dicit
1676 4745 1864 4805 gentes
2010 4742 2056 4797 ι)

416 4807 915 4875 comprehendisse,
956 4827 974 4862 ι
1011 4820 1117 4863 etc.
1145 4807 1271 4863 Mss.
1305 4807 1410 4861 duo
1435 4808 1638 4862 habent
1669 4825 1689 4858 ‹
1733 4822 1981 4874 compre-

416 4876 634 4941 hensas,
666 4898 684 4930 ι
717 4893 813 4947 pro
851 4896 870 4929 ι
914 4879 1403 4948 comprehendisse.
1438 4896 1457 4929 ι
1487 4878 1591 4931 Sed
1632 4879 1834 4932 rectius
1868 4894 1973 4931 ms.

414 4960 556 4999 unus
580 4956 634 5000 et
667 4947 923 5003 Rabanus
949 4958 1007 5002 ut
1037 4947 1088 5001 in
1122 4956 1306 5002 nostro
1336 4958 1504 5002 textu.

488 5016 600 5085 (50)
644 5017 787 5071 Libri
824 5029 979 5073 antea
1016 5019 1180 5079 editi,
1210 5036 1229 5067 ι
1270 5017 1426 5071 Aliud
1454 5017 1691 5082 sectari,
1722 5016 1865 5070 aliud
1898 5016 1977 5071 in-

415 5089 613 5141 sectari
650 5089 867 5143 habere.
904 5108 923 5141 ι
968 5089 1095 5144 Mss.
1145 5089 1250 5140 duo
1290 5090 1550 5141 omittunt
1596 5106 1615 5138 ι
1654 5087 1909 5147 insitum,
1954 5106 1972 5138 ι

416 5159 559 5278 guod
607 5158 898 5212 restituunt
954 5161 1126 5214 codex
1157 5157 1357 5223 Regius
1400 5174 1549 5211 num.
1579 5156 1749 5221 1659,
1779 5167 1832 5212 et
1872 5156 1981 5211 Ra-

454 5240 608 5278 anns.

454 5240 623 5282 anus..

491 5296 603 5365 (5|)
645 5295 809 5363 Editi,
843 5317 862 5348 ‹
897 5312 1044 5352 vero.
1086 5316 1107 5350 ι
1146 5295 1211 5350 Ει
1236 5307 1421 5365 postea
1445 5337 1459 5360 ,
1504 5316 1523 5348 ι
1553 5298 1857 5352 habuerunt
1893 5305 1975 5350 ta-

417 5380 539 5435 men
576 5366 733 5419 insita
758 5384 876 5435 qua:
901 5368 1009 5430 lex,
1047 5386 1066 5418 ι
1099 5378 1205 5421 etc.

490 5434 601 5506 (5‘2)
641 5435 730 5490 Sic
766 5434 911 5492 recte
938 5453 1038 5490 ms.
1076 5437 1274 5505 Regius
1311 5452 1460 5490 num.
1486 5438 1642 5493 1659.
1702 5435 1775 5488 Ita
1805 5437 1971 5489 etiam

418 5503 508 5577 alii
550 5503 654 5559 duo
709 5521 840 5561 mss.
885 5508 1069 5577 Regii,
1107 5503 1227 5577 nisi
1254 5508 1393 5574 quod
1441 5523 1538 5575 pro
1580 5526 1598 5558 ι
1637 5508 1965 5577 nominat“

419 5574 651 5627 habeant
683 5595 702 5627 ι
740 5574 1028 5631 nominari.
1071 5595 1090 5627 ι
1137 5576 1277 5630 Editi
1319 5574 1453 5630 vero
1495 5591 1809 5645 perperam,
1847 5593 1865 5626 ι
1906 5575 1971 5629 Ει

418 5645 504 5715 hie
545 5646 692 5700 locus
719 5648 862 5700 sicut
898 5662 1058 5715 supra
1101 5646 1489 5699 observandus.
1540 5648 1784 5699 Diximus
1820 5647 1965 5699 enim

418 5712 471 5765 iu
496 5731 604 5771 uno
645 5712 1259 5786 eodemque'versiculo
1303 5716 1527 5770 diversa:
1577 5716 1846 5772 nominari
1900 5715 1977 5769 le-

456 5799 535 5836 es.
576 5805 596 5833 a

420 5801 599 5917 ise(555’)
617 5851 776 5915 Editi,
820 5873 837 5905 ι
872 5849 1092 5919 Quare?
1116 5847 1252 5916 Quia
1288 5865 1393 5906 non
1422 5869 1485 5910 ex
1520 5856 1642 5919 llde,
1667 5854 1783 5919 sed,
1814 5846 1968 5909 ietc.

2134 4572 2178 4603 "
2202 4570 2336 4627 Luc.
2362 4588 2436 4638 VI,
2457 4574 2548 4629 24.
2620 4575 2666 4608 ’³
2684 4576 2873 4632 Matth.
2908 4594 3037 4632 χχιιι
3056 4616 3072 4642 ,
3104 4580 3197 4633 57.
3271 4581 3320 4612 ’⁵
3350 4579 3545 4635 Matth.
3571 4570 3667 4644 vn;

2153 4732 2266 4806 (54)
2312 4707 2444 4806 Yide
2471 4745 2663 4806 supra,
2685 4732 2775 4806 lib.
2804 4749 2886 4799 ιιι,
2916 4749 3071 4806 num.
3100 4734 3156 4789 9.

2156 4732 2245 4806 (54
2313 4732 2444 4787 Vide
2471 4745 2655 4801 supra,
2685 4732 2775 4788 lib.
2804 4749 2886 4799 ιιι,
2916 4749 3071 4790 num.
3100 4734 3156 4789 9.

2156 4732 2270 4876 (55;
2309 4803 2447 4876 Editi
2470 4843 2487 4870 ,
2523 4824 2542 4856 ι
2576 4803 2926 4859 ΟΠθιιάει-υιιι
2948 4805 3090 4856 enim
3114 4806 3170 4858 in
3215 4802 3458 4873 lapidem
3492 4801 3670 4858 often»

2087 4875 2278 4937 sionis,
2311 4875 2451 4929 sicut
2475 4878 2734 4943 scriptum
2762 4882 2863 4930 est.
2898 4891 2918 4925 ι
2963 4883 3071 4927 etc.

2155 4943 2268 5016 (56)
2314 4943 2406 5016 Sic
2457 4960 2587 4999 mss.
2649 4946 2775 4998 duo.
2821 4943 2982 5016 ,Editi
3033 4958 3167 4999 vero
3218 4954 3278 4998 et
3326 4960 3432 4998 ms.
3498 4957 3668 5000 unus.

2090 5034 2109 5068 ι
2148 5014 2462 5084 Apostolum
2628 5015 2922 5069 inseruisse
3101 5024 3489 5084 excerpentem
3545 5028 3670 5080 qua:

2087 5083 2482 5140 assertionibus
2528 5086 2641 5138 suis
2798 5096 3034 5152 aptasse.
3075 5101 3097 5136 ι
3135 5083 3435 5149 Rabanus,
3465 5102 3483 5134 ι
3527 5084 3675 5149 Apo-

2085 5157 2258 5209 stolus
2432 5154 2735 5208 inseruisse
2784 5155 2999 5208 videtur
3176 5156 3525 5225 excerpendo

2086 5236 2457 5376 f‘ngfselid’iti,
2500 5312 2518 5344 ι
2559 5300 2616 5347 et
2637 5291 2815 5347 Patris
2844 5291 2986 5347 bono
3009 5292 3148 5347 Filio
3180 5307 3528 5363 quaecunque
3584 5306 3667 5347 sa-

2082 5364 2299 5425 lutaria,
2342 5383 2361 5414 »
2393 5374 2504 5417 etc.
3552 5380 3555 5383 <

2082 5503 2123 5507 __
2151 5434 2262 5507 (58)
2305 5433 2369 5485 In
2397 5433 2670 5507 desideriis
2699 5435 2889 5507 animi:
2918 5448 3050 5507 suae,
3078 5442 3127 5485 et
3178 5434 3272 5507 qui
3299 5433 3533 5507 iniun
3562 5442 3666 5486 est.

2079 5503 2204 5559 Haéc
2231 5508 2430 5557 desunt
2460 5505 2512 5556 in
2546 5505 2707 5557 editis
2742 5504 2827 5556 ubi
2854 5503 3076 5571 legitur,
3112 5522 3131 5553 ι
3182 5504 3443 5557 laudatur
3468 5518 3672 5571 pecca—

2084 5586 2203 5639 tor,
2253 5588 2426 5641 usque
2482 5574 2837 5628 benedicetur
2891 5590 2909 5628 :
2972 5573 3199 5628 veniens
3262 5588 3397 5644 ergo
3472 5573 3672 5628 Domi-

2080 5661 2260 5785 ¹¹¹¹ῖέ93
2424 5711 2622 5784 Regius
2656 5729 2803 5768 num.
2835 5710 2993 5779 1659,
3039 5730 3059 5764 ι
3105 5720 3164 5767 et
3201 5711 3412 5782 Iapidas
3459 5711 3671 5769 missos

2076 5786 2141 5839 ad
2178 5797 2247 5836 te.
2290 5803 2309 5834 ι

2146 5854 2255 5919 (60)
2290 5854 2465 5921 Editi,
2499 5873 2518 5906 ι
2560 5855 2746 5922 spinis.
2789 5871 2811 5907 ι
