3768 6544
63 436 169 488 Ilii?

961 443 1314 501 COMMENT.
1357 446 1420 500 IN
1458 445 1673 501 EPIST.
1714 446 1804 500 AD
1843 445 2005 502 ROM.
2045 449 2172 502 LIB.
2210 448 2345 503 VIII.

3129 451 3265 503 Ilii-3

60 569 161 618 ergo
201 553 429 620 iterum,
482 557 526 610 si
562 557 798 622 videtur,
852 559 903 612 in
937 563 1114 616 medio
1154 565 1327 630 ipsum
1361 562 1606 625 Paulum,
1638 580 1679 632 Α
1713 563 1940 630 positum
1981 573 2189 631 spectat
2220 579 2328 632 quo
2369 559 2492 615 illuc
2529 560 2786 630 pergebat
2825 561 2968 627 (6|),
3008 561 3142 629 lapis
3178 547 3292 615 ut?

59 645 129 710 qui
153 647 398 714 acceptis
431 651 700 715 quondam
727 651 970 720 epistolis
1001 669 1030 706 a
1075 655 1466 718 sacerdotibus,
1498 654 1602 706 Da-

59 752 268 789 mascum
307 741 573 808 pergebat
606 749 665 794 ut
691 756 880 796 omnes
906 743 1050 798 viros
1083 760 1145 799 ac
1175 744 1428 799 mulieres
1451 745 1604 799 Chri-

58 838 120 880 sto
155 828 452 883 credentes
505 833 715 888 vinctos
740 834 1064 903 perduceret
1112 837 1162 889 in
1207 834 1508 890 Jerusalem
1526 829 1603 892 7⁸.

57 917 160 970 Cum
195 932 329 987 ergo
358 932 546 988 ageret
571 923 711 978 istud
743 925 846 978 iter
872 925 1099 993 peccati,
1127 926 1363 980 occurrit
1407 926 1455 980 ei
1493 927 1605 982 Do-

60 1010 207 1063 minus
237 1008 404 1066 Jesus
439 1014 491 1067 in
518 1015 627 1077 via,
660 1025 714 1071 et
739 1018 804 1070 ad
839 1025 1050 1087 tempus
1069 1033 1189 1072 eum
1216 1020 1456 1074 caecitate
1487 1035 1606 1088 per-

61 1105 199 1156 cussit
235 1119 249 1155 :
289 1115 347 1157 et
390 1105 566 1160 factus
597 1119 682 1162 est
710 1108 826 1172 illi,
877 1117 1134 1178 quantum
1168 1109 1232 1162 ad
1261 1110 1436 1177 ipsum
1478 1124 1605 1179 pro-

1710 655 1964 710 fensionis
2014 666 2068 710 et
2122 665 2270 726 petra
2319 655 2579 719 scandali,
2612 668 2671 709 ut
2724 655 2852 708 illud
2908 659 3008 708 iter
3061 658 3263 724 peccati

1709 747 1850 813 quod
1881 748 2125 809 tenebat,
2160 746 2376 816 explere
2409 763 2513 800 non
2554 755 2772 814 posset,
2824 746 2914 800 sed
2971 761 3266 801 conversus

1709 839 1954 891 crederet
1984 838 2031 890 ei
2061 838 2150 906 qui
2183 839 2320 890 viam
2346 853 2496 892 suam
2521 837 2848 897 excluserat,
2875 846 2928 890 et
2948 837 3266 905 quibusdam

1708 929 1932 982 sudibus
1959 929 2071 999 (6‘2)
2097 930 2534 985 comminationis
2557 929 2933 998 obstruxerat;
2959 938 3016 984 et
3033 929 3266 997 credens

1709 1020 1762 1074 in
1788 1036 1910 1074 eum
1940 1036 2044 1075 non
2077 1021 2444 1078 erubesceret.

1147 1403 1500 1492 LIBER
1573 1400 2148 1493 OCTAVUS.

114 1738 152 1788 I.
185 1756 200 1784 «
241 1735 484 1797 Fratres,
512 1735 758 1788 voluntas
780 1733 994 1803 quidem
1020 1733 1197 1788 cordis
1224 1734 1350 1796 mei,
1377 1743 1433 1788 et
1458 1735 1676 1804 obse-B
1702 1755 1856 1798 crare
1921 1742 2083 1796 Deum
2141 1756 2237 1810 pro
2301 1741 2432 1810 ipsis
2458 1741 2611 1812 (68),
2669 1751 2728 1794 ιιι
2772 1742 2855 1795 vel
2902 1742 2953 1796 in
3001 1743 3106 1798 ﬁne
3163 1744 3260 1797 an.

54 1827 196 1878 oratio
223 1825 372 1894 apud
405 1825 577 1878 Deum
614 1824 671 1878 Iit
701 1841 800 1894 pro
828 1824 930 1878 illis
964 1825 1019 1878 in
1055 1825 1302 1879 salutem.
1337 1826 1608 1880 Testimo-

56 1920 178 1972 nium
227 1921 379 1973 enim
430 1919 694 1988 perhibeo
727 1919 850 1980 illis,
900 1917 1042 1986 quod
1070 1919 1466 1972 aemulationem
1514 1919 1606 1973 Dei

57 2013 297 2073 habeant,
335 2011 432 2064 sed
466 2025 576 2064 non
619 2009 916 2062 secundum
959 2008 1258 2064 scientiam.
1298 2009 1610 2078 lgnorautes

57 2105 175 2156 enim
230 2103 328 2156 Dei
373 2102 642 2171 justitiam
667 2141 681 2163 ,
724 2110 778 2155 et
816 2116 967 2155 suam
1003 2101 1264 2171 justitiam
1307 2109 1611 2169 quaerentes

58 2198 368 2250 constituere
393 2235 408 2258 ,
437 2196 662 2265 justitite
693 2194 789 2248 Dei
830 2209 940 2248 non
976 2203 1102 2247 sunt
1131 2193 1358 2262 subjecti
1389 2194 1452 2246 7".
1486 2212 1504 2242 ι
1539 2195 1610 2247 Et

58 2306 106 2341 ιιι
145 2289 331 2352 initio,
374 2297 432 2342 et
475 2289 799 2358 procedente
828 2286 938 2356 (65)
972 2294 1117 2339 textu
1152 2285 1432 2355 Epistulae,
1471 2285 1610 2339 dixi-

57 2396 151 2434 mus
180 2380 412 2434 Paulum
466 2396 608 2434 nunc
657 2396 752 2450 pro
789 2383 1075 2450 gentibus,
1106 2399 1248 2437 nunc
1297 2387 1458 2438 etiam
1504 2399 1602 2452 pro

55 2471 191 2526 Israel
222 2471 410 2526 facere
437 2487 762 2526 sermonem.
791 2471 926 2538 Quia
954 2489 1083 2544 ergo
1103 2475 1153 2528 in
1179 2476 1264 2529 his
1285 2491 1404 2543 qua:
1435 2491 1603 2544 nuper

54 2564 274 2629 exposita
318 2573 452 2616 sunt
475 2604 490 2625 ,
525 2562 710 2617 multis
745 2566 1070 2618 testimoniis
1113 2567 1395 2622 adversum
1435 2568 1599 2622 Israel

53 2667 154 2706 usus
183 2663 269 2708 est
293 2653 722 2722 prophetarum,
770 2655 842 2708 ita
890 2667 946 2710 ut
1000 2657 1266 2725 proferret
1305 2659 1370 2713 de
1414 2660 1549 2713 Isaia
1582 2676 1597 2712 :

56 2741 189 2798 «Nisi
229 2745 498 2800 Dominus
532 2747 766 2804 Sabaoth
815 2749 1126 2817 reliquisset
1176 2751 1334 2804 nobis
1389 2766 1597 2815 semen,

50 2833 166 2886 sicut
211 2831 456 2889 Sodoma
501 2836 629 2892 facti
673 2854 954 2904 essemus,
1005 2851 1057 2895 et
1103 2842 1245 2896 sicut
1293 2841 1595 2896 Gomorrha

49 2923 227 2979 similes
259 2926 560 2981 fuissemus
579 2928 660 2995 ⁷⁸;
685 2950 703 2982 ι
741 2939 798 2986 et
822 2932 1014 2986 iterum
1042 2934 1086 2965 "’
1115 2949 1128 2985 :
1170 2951 1190 2983 «
1232 2931 1288 2986 Si
1318 2931 1476 2986 luerit
1507 2947 1600 2985 nu-

50 3029 206 3068 merus
236 3015 478 3070 ﬁliorum
505 3016 671 3073 Israel
718 3031 972 3090 tanquam
1009 3039 1172 3076 arena
1225 3024 1428 3086 maris,
1481 3023 1600 3077 reli-

1704 1838 1914 1903 quando
1941 1836 2251 1905 perveniant
2277 1836 2341 1888 ad
2382 1835 2630 1888 salutem.
2677 1835 2884 1888 Habent
2907 1837 3052 1888 enim
3085 1835 3258 1890 zelum

1702 1929 1861 1998 621
1900 1926 2014 1992 Dei,
2047 1926 2139 1980 sed
2165 1939 2268 1979 non
2300 1926 2590 1980 secundum
2625 1926 2927 1978 scientiam.
2961 1926 3026 1978 Et
3060 1929 3257 1996 probat

1702 2017 1971 2087 quomodo
2038 2031 2145 2070 non
2231 2016 2522 2070 secundum
2597 2015 2876 2069 scientiam
2942 2017 3112 2070 zelum
3169 2017 3258 2071 Dei

1703 2106 1937 2160 habeant
1970 2122 1986 2160 :
2026 2106 2149 2174 quia
2203 2123 2222 2158 «
2253 2107 2600 2175 ignorantes,
2661 2107 2835 2174 inquit
2869 2107 2934 2169 ⁸³,
2974 2107 3064 2162 Dei
3098 2107 3262 2175 justi-

1705 2195 1831 2249 tiam
1869 2195 2005 2265 (69),
2032 2214 2050 2246 ›
2076 2195 2300 2263 justitize
2322 2209 2432 2250 suae
2458 2197 2850 2264 obtemperant.
2884 2196 2998 2252 Non
3034 2199 3258 2253 multum

1701 2303 1830 2359 ergo
1881 2289 2100 2356 prodest
2146 2287 2346 2340 habere
2395 2287 2570 2340 zelum
2628 2288 2742 2354 Dei,
2800 2297 2854 2342 et
2897 2305 2998 2342 non
3062 2291 3261 2344 habere

1703 2379 1984 2432 scientiam
2015 2377 2114 2431 zeli
2148 2377 2282 2446 (70).
2318 2378 2554 2446 Denique
2590 2377 2755 2432 Judaei
2784 2389 3031 2446 putantes
3064 2396 3122 2434 se
3146 2381 3261 2436 zelo

1704 2469 1794 2522 Dei
1825 2484 2002 2540 agere,
2033 2467 2279 2536 sacrilegi
2318 2469 2646 2523 exstiterunt
2673 2471 2723 2522 in
2748 2470 2938 2524 Filium
2964 2473 3055 2526 Dei
3087 2492 3100 2526 :
3131 2475 3257 2542 quia

1705 2576 1809 2614 non
1836 2561 2135 2615 secundum
2181 2560 2464 2614 scientiam
2514 2561 2671 2615 zelati
2706 2573 2832 2616 sunt
2865 2561 3005 2616 sicut
3033 2563 3262 2622 Phinees

1701 2651 1840 2704 ﬁlius
1892 2651 2158 2714 Eleazari,
2213 2651 2302 2718 qui
2360 2652 2659 2704 secundum
2707 2653 2990 2706 scientiam
3050 2656 3257 2710 zelatus

1701 2743 1982 2797 interemit
2023 2741 2370 2794 Madianitem
2424 2741 2626 2810 pariter
2663 2751 2716 2796 et
2741 2743 3039 2798 Israelitam
3090 2746 3259 2800 forni-

1699 2842 1906 2887 cantem
1931 2845 2050 2886 cum
2079 2847 2142 2886 ea
2170 2831 2216 2862 ⁸⁵
2241 2848 2254 2884 :
2283 2840 2336 2884 et
2359 2832 2500 2884 sicut
2525 2831 2671 2886 Elias
2701 2833 2791 2901 qui
2819 2834 2996 2888 dixit:
3035 2834 3257 2890 «Zelans

1699 2924 1904 2978 zelatus
1939 2937 2059 2977 sum
2105 2923 2330 2976 Domino
2372 2921 2724 2990 omnipotenti
2766 2923 2877 2977 Deo
2912 2924 3096 2988 Israel,
3130 2929 3253 2994 quia

1701 3017 2106 3087 dereliquerunt
2161 3027 2209 3071 te
2254 3015 2348 3070 lilii
2390 3015 2555 3069 Israel
2605 3015 2738 3085 (71),
2801 3018 3089 3085 prophetas
3135 3027 3256 3072 tuos

49 3108 164 3167 tiniae
192 3109 360 3164 salva:
390 3111 564 3167 ﬁent:
598 3132 618 3167 ι
656 3127 711 3169 et
731 3116 814 3170 Itis
835 3115 1366 3183 atldit(64-65),quia
1393 3135 1410 3165 «
1437 3113 1601 3168 Israel
1627 3101 1670 3160 C
1704 3108 2045 3172 occiderunt,
2071 3116 2124 3163 et
2149 3107 2338 3162 altaria
2369 3117 2455 3160 tua
2484 3105 2868 3160 snbverterunt
2890 3109 2967 3174 ⁸³;
2991 3127 3010 3161 ι
3041 3119 3094 3163 et
3116 3110 3256 3164 sicut

47 3205 241 3254 sectans
269 3201 449 3272 legem
469 3205 712 3273 justitiaz,
748 3206 798 3259 in
836 3205 1006 3276 legem
1036 3223 1140 3261 non
1173 3207 1416 3275 pervenit
1441 3207 1487 3240 ⁸⁸
1515 3223 1532 3271 ;
1567 3225 1585 3258 ι

48 3299 311 3354 Propterea
356 3310 505 3348 nunc
565 3297 833 3350 consolari
884 3313 1074 3351 rursus
1126 3298 1378 3367 populum
1433 3314 1590 3351 suum

47 3379 232 3442 τοΙεης,
256 3392 314 3437 et
349 3399 451 3452 per
500 3385 602 3440 hoc
631 3387 860 3443 invitare
891 3388 956 3440 ad
990 3388 1170 3450 (idem,
1196 3388 1327 3442 dicit
1356 3407 1368 3441 :
1407 3405 1425 3437 «
1462 3387 1593 3440 Fra-

47 3478 174 3532 tres,
226 3473 487 3529 voluntas
534 3478 750 3546 quidem
804 3481 985 3533 cordis
1021 3479 1158 3543 mei,
1187 3490 1241 3533 et
1285 3482 1592 3534 obsecratio

46 3567 163 3629 apud
189 3567 467 3621 DeumJit
498 3584 596 3637 pro
622 3570 729 3625 illis
763 3572 814 3625 in
843 3571 1069 3628 salutem
1104 3571 1171 3625 ".
1218 3591 1236 3622 ι
1276 3572 1340 3626 Et
1370 3589 1588 3628 causam

45 3671 124 3706 cur
148 3657 402 3712 voluntas
442 3674 538 3712 sua
567 3671 622 3714 et
652 3663 957 3718 obsecratio
992 3679 1088 3731 pro
1116 3663 1221 3718 illis
1248 3666 1387 3734 apud
1424 3665 1588 3720 Deum

47 3748 234 3818 (66-67)
265 3751 544 3805 habeatur
575 3754 831 3808 ostendit.
853 3773 871 3806 «
903 3754 1294 3810 Testimonium
1312 3755 1589 3820 enim,in-

45 3839 161 3904 quit,
197 3839 465 3905 perhibeo
503 3839 629 3905 illis,
658 3843 800 3910 quod
824 3843 1222 3898 aemulationem
1246 3845 1460 3911 quidem
1493 3845 1585 3900 Dei

45 3924 298 3991 habeant,
324 3930 422 3984 sed
456 3944 563 3984 non
590 3931 884 3985 secundum
924 3931 1200 3986 scientiam
1227 3932 1294 3984 ³⁸.
1334 3949 1354 3983 ι
1396 3931 1590 4000 Quam-

43 4016 126 4079 vis,
161 4019 376 4087 inquit,
407 4029 490 4074 tot
531 4029 585 4076 et
623 4022 786 4076 tantis
833 4021 1058 4077 involuti
1103 4024 1211 4078 sint
1249 4031 1585 4092 peccatorum

43 4121 243 4162 suorum
289 4111 694 4174 malis,tamen
743 4122 827 4168 est
884 4114 965 4168 eis
1015 4111 1301 4168 iueﬂ‘abilis
1339 4113 1487 4167 zelus
1535 4122 1591 4166 et

42 4200 296 4254 emutatio
338 4199 455 4254 Dei.
503 4201 571 4254 Et
620 4202 733 4254 haec
776 4218 860 4257 me
899 4201 1192 4258 commovit
1239 4217 1401 4257 causa
1435 4202 1593 4257 obse-

1700 3203 2044 3265 Mathathias,
2073 3205 2139 3255 de
2167 3217 2271 3269 quo
2313 3203 2366 3255 in
2392 3202 2568 3270 primo
2614 3200 2752 3254 libro
2798 3200 3250 3270 Machabzeorum,

1697 3293 1956 3362 scriptum
1983 3305 2067 3347 est
2098 3292 2166 3357 ⁸⁸,
2195 3293 2323 3360 quia
2375 3311 2394 3342 «
2427 3291 2634 3346 zelatus
2680 3299 2761 3345 est
2793 3291 2844 3345 in
2891 3293 3006 3359 lege
3034 3294 3148 3357 Dei,
3199 3304 3256 3348 et

1701 3385 2098 3439 intremuerunt
2149 3397 2306 3437 renes
2349 3381 2499 3448 ejus,
2553 3390 2609 3435 et
2653 3381 2896 3434 ascendit
2944 3381 3095 3435 furor
3131 3380 3254 3448 ejus

1695 3475 1988 3530 secundum
2010 3474 2326 3541 judicium.»
2361 3471 2561 3526 Horum
2587 3472 2825 3526 omnium
2851 3472 2996 3527 zelus
3017 3483 3071 3526 et
3091 3487 3254 3526 temu-

1696 3567 1825 3620 latio
1875 3568 2172 3620 secundum
2235 3565 2516 3620 scientiam
2571 3563 2691 3616 fuit.
2761 3561 3068 3617 Judaorum
3120 3578 3250 3617 vero

1696 3657 1845 3710 zelus
1890 3670 1994 3708 non
2039 3656 2477 3710 eratsecundum
2506 3653 2828 3719 scientiam,
2877 3653 3078 3708 idcirco
3125 3655 3251 3722 quia

1695 3749 2012 3814 ignorantes
2039 3746 2131 3800 Dei
2153 3745 2442 3814 justitiam,
2472 3745 2747 3812 propriam
2784 3745 3140 3808 conabantur,
3197 3746 3250 3798 id

1691 3847 1794 3901 est,
1818 3852 1936 3906 quae
1955 3834 2491 3901 hominibusjustitia
2521 3833 2826 3894 videbatur,
2853 3834 3098 3902 implere;
3126 3849 3250 3886 cum

1692 3932 1879 3998 utique
1904 3927 2048 3996 ipsos
2084 3925 2254 3994 magis
2296 3924 2388 3978 Dei
2418 3923 2666 3991 justiti-ae,
2693 3939 2812 3993 quae
2868 3934 2952 3978 est
3000 3924 3254 3978 Christus

1695 4021 1827 4088 (72),
1857 4016 2434 4072 conveneritobedire.
2477 4014 2585 4069 Sed
2626 4016 2749 4070 vide
2796 4030 2941 4068 nunc
2998 4028 3066 4067 ne
3112 4014 3254 4069 forte

1697 4126 1802 4164 non
1853 4108 1959 4161 illis
2003 4107 2133 4161 solis
2165 4106 2270 4160 dici
2303 4119 2481 4160 sermo
2516 4107 2617 4160 iste
2645 4105 2908 4172 videatur,
2959 4105 3085 4175 quia
3132 4105 3249 4172 (75)

1702 4219 1720 4250 «
1753 4200 1926 4255 zelum
1961 4200 2057 4254 Dei
2113 4200 2370 4261 habeant,
2412 4199 2508 4253 sed
2563 4214 2674 4252 non
2723 4197 3020 4252 secundum
3068 4197 3250 4251 scien-

101 4295 288 4366 "_Act.
326 4313 405 4355 tt.
436 4298 492 4364 ἓ,
519 4299 573 4352 5.
647 4299 692 4331 ⁷⁷
727 4299 880 4354 Rom.
910 4317 964 4361 ι,
993 4301 1105 4358 1-5.
1180 4303 1227 4335 ⁷⁸
1268 4302 1422 4358 Rom.
1473 4319 1548 4364 Ix,
1585 4303 1594 4354 ε

1745 4302 1866 4355 lsai.
1904 4316 1943 4366 t,
1977 4300 2030 4354 9.
2104 4301 2149 4332 τ’
2187 4300 2339 4356 llom.
2370 4316 2446 4362 Ix,
2472 4299 2572 4365 27;
2611 4299 2736 4354 Isai.
2769 4313 2823 4361 ι,
2852 4299 2941 4352 22.
3017 4299 3062 4331 ⁸⁸
3091 4297 3250 4356 Rom.

43 4379 106 4427 tt,
131 4364 219 4418 51.

44 4448 92 4494 ιι,
126 4436 213 4487 24.

298 4367 343 4398 ⁸¹
374 4367 536 4423 Rom.
572 4384 627 4434 ι,
656 4371 708 4426 I.

785 4370 830 4403 θ’
867 4372 994 4426 ibid.
1024 4373 1078 4425 2.
1155 4372 1379 4428 "Rom.
1426 4389 1480 4440 χ,
1521 4374 1574 4427 5.

1733 4371 1891 4426 Num.
1933 4385 2061 4436 xxv,
2093 4371 2145 4424 7.
2169 4372 2222 4426 8.
2297 4370 2342 4402 ⁸⁸
2373 4368 2436 4425 111
2483 4371 2733 4441 [ὶθίμικ.
2782 4368 2866 4422 I0.
2941 4369 2987 4401 ⁸⁵
3017 4367 3036 4422 1
3071 4367 3250 4426 Mach.

68 4526 347 4607 .(6I)_Si_c
373 4525 508 4581 editi
535 4535 589 4581 et
620 4527 1186 4607 mss._ple_rique,_nisi
1227 4532 1368 4607 quod
1391 4539 1592 4607 “poste-
1621 4535 1664 4590 D
1697 4532 1772 4607 tio
1808 4533 1930 4598 Dei,
1977 4533 2099 4607 haec
2141 4547 2225 4607 me
2250 4532 2564 4607 _comtnovit_
2585 4546 2745 4607 causa
2774 4573 2789 4595 ,
2840 4538 2896 4584 ut
2947 4530 3248 4607 obsecratio

45 4598 198 4652 riorcs
227 4598 470 4670 habeant
490 4635 506 4659 ,
549 4615 567 4648 «
603 4612 710 4665 quo
736 4598 867 4670 illud
880 4601 1168 4670 pergebat.
1204 4619 1223 4652 ι
1245 4598 1361 4656 ‘Ms.
1390 4601 1589 4670 Itegius

43 4681 177 4718 num.
216 4667 382 4739 I639,
421 4683 441 4717 «
481 4677 740 4739 quantum
763 4669 829 4722 ad
857 4667 987 4722 illud
1018 4673 1352 4738 propositum
1378 4667 1590 4739 spectat

42 4751 134 4796 quo
174 4738 458 4805 pergebat.
493 4754 512 4786 ι
555 4735 757 4792 Deinde
773 4739 922 4800 editi,
959 4755 978 4788 «
1003 4735 1221 4806 explere
1249 4756 1354 4795 non
1381 4735 1586 4809 posset.

44 4803 132 4856 Sed
162 4821 468 4860 conversus
494 4808 726 4860 credidit
752 4809 799 4860 ei
826 4809 940 4860 «tui.
974 4827 994 4858 ›
1029 4818 1134 4860 etc.

44 4818 132 4856 bed
162 4821 468 4860 conversus
494 4818 726 4860 credtdtt
752 4818 799 4862 et
826 4818 940 4877 qui,
974 4827 994 4858 ι
1029 4818 1134 4862 etc.

250 4876 436 4996 I‘Editi,
469 4893 487 4925 «
525 4878 794 4943 sentibus;
832 4896 851 4928 ι
887 4887 941 4931 et
963 4887 1145 4948 postea
1169 4917 1185 4942 ,
1246 4896 1266 4930 «
1307 4893 1415 4932 non
1461 4893 1586 4934 eru-

71 4960 230 4998 εδερι.
270 4965 290 4996 ι

98 5014 209 5084 (63)
249 5016 345 5070 Sic
386 5029 578 5070 omnes
621 5031 762 5086 mss.
781 5015 968 5070 nostri.
1027 5015 1168 5070 Editi
1215 5031 1372 5082 vero,
1403 5032 1592 5086 perpe-

45 5099 144 5137 ratn
169 5103 245 5158 ,_«
276 5086 638 5154 precedente.
679 5105 698 5136 ›
740 5084 879 5139 Loca
913 5087 1001 5140 hic
1049 5087 1210 5158 citata
1257 5087 1325 5158 ab
1359 5084 1589 5158 Origene

41 5155 383 5277 reperiétntur
415 5169 604 5221 supra,
635 5165 764 5214 tom.
803 5169 889 5219 Ill,
921 5170 1069 5209 num.
1105 5157 1156 5220 I,
1184 5157 1238 5219 2,
1268 5155 1322 5223 9,
1349 5155 1479 5212 tom;
1509 5169 1590 5224 vt,

41 5238 169 5274 num.
241 5262 256 5277 .

39 5238 169 5274 num.
200 5238 256 5277 δ.

98 5292 316 5364 (6-5-65)
356 5292 551 5356 Editi,«
576 5295 734 5348 ethic
754 5294 954 5348 addit.»
984 5292 1182 5349 Deinde
1200 5310 1330 5348 mss.
1349 5294 1586 5364 quidam,

38 5363 151 5434 editi
175 5373 235 5434 et
256 5363 558 5434 Babauus,
590 5382 607 5413 «
633 5364 683 5416 in
709 5365 878 5432 legem
897 5365 1118 5434 justitia:
1143 5379 1249 5416 non
1272 5363 1530 5432 pervenit.
1563 5385 1581 5416 ι

40 5431 178 5483 Male.
217 5431 354 5504 Nam
390 5447 554 5504 supra
586 5447 689 5486 vox
719 5452 736 5483 «
767 5431 988 5504 justitite
1017 5453 1034 5484 ι
1079 5433 1131 5486 in
1175 5431 1421 5488 omnibus
1453 5451 1582 5488 mss.

38 5510 82 5550 et
110 5505 249 5569 apud
279 5503 456 5571 ipsum
494 5501 781 5557 Rabanum'
827 5505 1127 5566 omittitur,
1183 5515 1238 5557 et
1287 5506 1376 5557 hic
1419 5506 1582 5558 etiam

38 5571 172 5621 deest
206 5573 262 5624 in
289 5570 391 5627 ms.
424 5570 592 5638 Iiegio
625 5589 768 5626 nunt.
804 5573 960 5628 I659.

101 5638 476 5714 (66-67)_Apud
500 5641 683 5695 Deum.
705 5642 1000 5714 Hazcverba
1017 5645 1210 5700 desunt
1230 5646 1282 5699 in
1302 5645 1476 5707 editis,
1492 5645 1584 5714 qui

39 5712 461 5786 posteattabeut,
497 5727 527 5786 «_
549 5713 780 5766 ostendit
805 5713 988 5768 dicens
1014 5731 1028 5768 :
1056 5715 1443 5771 Testimonium
1467 5712 1586 5779 per-

41 5778 346 5848 hibeoillis,
382 5780 548 5848 quod,
587 5799 605 5830 ι
641 5791 745 5835 etc.

98 5846 207 5918 (68)
250 5846 428 5917 Editi,
471 5867 490 5901 «
534 5860 707 5906 tamen
749 5849 1032 5910 inell'abilis
1076 5855 1222 5912 zelus
1259 5863 1314 5910 et
1357 5853 1580 5911 aemula-

1695 4602 1848 4655 Iieret
1881 4617 1978 4670 pro
2004 4602 2130 4670 ipsis
2153 4604 2216 4655 ad
2249 4602 2434 4656 Deum.
2471 4619 2490 4652 ι
2529 4601 2816 4662 Rabanns.
2854 4600 3245 4670 «tamenquia

1697 4669 2035 4725 inell'ab’ilem’
2076 4672 2285 4735 zelum,
2325 4679 2380 4725 et
2423 4670 2818 4725 aemulationem
2879 4669 2968 4722 Dei
3023 4669 3241 4728 habent.

1695 4741 1810 4794 haec
1858 4755 1946 4794 me
1988 4741 2279 4794 commovit
2327 4755 2492 4794 causa
2552 4739 2872 4794 obsecr-asse
2934 4739 3098 4791 Deum
3146 4751 3244 4803 pro

1697 4810 1846 4876 ipsis.
1882 4829 1902 4862 ι
1935 4811 2032 4864 Ms.
2069 4827 2204 4864 unus
2224 4811 2422 4879 Regius
2449 4825 2597 4862 num.
2636 4810 2806 4879 [659,
2839 4825 2859 4858 «
2891 4817 3066 4860 tamen
3105 4807 3244 4858 inest

1696 4879 1804 4932 illis
1863 4882 2010 4934 zelus
2057 4889 2112 4935 et
2157 4877 2424 4934 aemulatio
2479 4881 2590 4933 Dei.
2639 4877 2764 4932 Haec
2807 4891 2891 4930 me
2939 4883 3242 4930 commovet

1698 4964 1858 5004 causa
1907 4951 2190 5004 obsecrare
2243 4951 2406 5003 Deum
2456 4963 2554 5014 pro
2606 4949 2756 5016 ipsis.
2799 4965 2818 4998 ι
2866 4945 3057 4999 Caneri
3110 4959 3240 4998 vero

1695 5033 1828 5076 mss.
1861 5028 1920 5072 ut
1951 5021 2002 5072 in
2033 5029 2215 5074 nostro
2243 5029 2411 5072 textu.

1767 5087 1878 5159 (69)
1917 5087 2010 5144 Sic
2033 5104 2219 5144 omnes
2263 5103 2390 5142 mss.
2432 5087 2612 5159 nostri
2665 5093 2720 5138 et
2775 5083 3046 5159 Rabanus.
3080 5082 3240 5159 _Edi_ti

1697 5151 1899 5220 vero,'«
1923 5159 2138 5221 habent,
2172 5160 2354 5212 dicens
2383 5172 2398 5208 :
2430 5155 2744 5223 lgnorantes
2779 5156 2928 5223 enim
2956 5152 3047 5223 Dei
3073 5151 3236 5218 justi-

1697 5227 1845 5292 tiam,
1877 5238 1931 5281 et
1955 5243 2106 5282 suam
2135 5235 2434 5296 quaerentes
2457 5222 2720 5288 istatuere,
2761 5222 2984 5291 justitize
3014 5222 3106 5276 Dei
3135 5238 3242 5276 non

1695 5307 1818 5349 sunt
1839 5297 2084 5363 subjecti.
2107 5317 2126 5348 ι

1766 5365 1878 5438 (70)
1929 5362 2118 5438 Editi,
2167 5365 2488 5438 «scientiam
2546 5363 2661 5427 Dei,
2691 5382 2709 5414 ι
2761 5362 2850 5438 qui
2886 5370 3070 5438 postea
3099 5375 3243 5438 cum

1690 5431 1898 5490 dntibus
1934 5452 2063 5490 mss.
2109 5437 2327 5498 habent,
2381 5453 2398 5484 «
2424 5443 2674 5500 putantes
2708 5431 2880 5486 zelum
2921 5447 2978 5485 se
3022 5431 3111 5484 Dei
3143 5433 3242 5484 ha-

1691 5505 1836 5559 bere.
1866 5524 1884 5557 »
1944 5503 2051 5558 Sed
2097 5521 2199 5560 rus.
2267 5504 2465 5570 Regius
2511 5518 2656 5556 num.
2695 5503 2831 5558 I659
2882 5510 2936 5556 et
2988 5500 3243 5554 Rabanus

1689 5575 1887 5628 rectius
1925 5585 1980 5627 ut
2008 5575 2057 5627 in
2091 5583 2275 5627 nostro
2303 5583 2466 5627 textu.
2798 5609 2805 5617 .

1761 5645 1872 5724 (71)
1910 5643 2048 5724 Editi
2072 5685 2086 5708 ,
2126 5646 2290 5713 «quia
2324 5642 2726 5712 dereliquerunt
2769 5653 2982 5714 pactum
3030 5638 3239 5696 Domini

1690 5711 1784 5767 ﬁlii
1819 5711 1997 5767 Israel.
2033 5733 2052 5763 ι

1761 5782 1874 5852 (72)
1907 5784 2066 5848 Editi,
2100 5801 2119 5833 «
2142 5785 2231 5850 qui
2263 5792 2344 5836 est
2374 5782 2640 5838 Christus.
2674 5802 2694 5834 ι

1759 5854 1872 5923 (75)
1909 5853 2070 5921 Editi,
2112 5854 2259 5922 tqtti.
2289 5874 2306 5904 ι
