3766 6538
44 418 184 474 H6!

968 424 1333 482 'COMMENT.
1376 424 1442 479 IN
1484 426 1705 482 EPIST.
1744 428 1838 482 AD
1876 426 2042 488 ROM.
2084 430 2214 486 LIB.
2257 432 2395 491 Vill.

3175 445 3316 500 1162

38 553 155 607 εει,
215 540 468 596 Christus
535 560 556 593 ι
593 541 685 611 qui
747 541 922 598 factus
966 554 1050 598 est
1110 547 1265 601 nobis
1311 546 1524 616 iustitia
1584 564 1612 599 a
1645 561 1691 616 Α
1717 547 2014 602 exaltatum
2054 566 2085 605 a
2117 560 2189 619 te,
2216 566 2391 620 neque
2427 551 2584 621 longe
2610 566 2638 605 a
2679 562 2731 607 te
2757 553 2778 584 ⁸
2803 554 2940 627 (88),
2964 575 2984 609 ι
3027 568 3085 613 ει
3109 574 3307 619 castora

41 633 159 687 Deo
183 633 251 695 “.
283 652 303 685 ι
349 642 404 687 ει
434 648 536 700 pax
563 674 578 697 ,
610 634 734 687 vide
768 636 1039 703 qttomodo
1095 638 1227 691 dicit
1252 651 1271 692 ἰ
1301 655 1322 689 ι
1352 638 1478 693 llaec
1540 649 1628 694 est
1728 654 1851 709 quae
1869 653 2191 708 sequuntur.
2224 642 2364 708 Quid
2389 657 2523 712 ergo
2553 644 2805 712 estquod
2829 661 2926 714 per
2949 648 3053 707 hoc
3077 652 3307 721 Aposto-

38 736 224 780 antem
262 727 371 779 vita
403 736 607 781 {eterna
633 767 648 788 ,
703 736 761 780 ut
789 739 1122 798 cognoscant
1148 740 1200 785 te
1228 731 1407 786 solum
1434 746 1621 786 verum

42 819 239 884 Deum,
272 828 326 872 et
357 832 519 887 quem
563 820 758 875 misisti
799 820 985 877 Jesum
1018 822 1293 876 Christum
1324 826 1397 877 ".
1422 842 1442 876 ι
1500 824 1625 881 llaec

39 910 399 978 ergojustitia
438 927 541 964 nou
592 922 802 966 tantum
850 913 1017 966 vitam
1054 914 1283 981 praebet,
1323 916 1419 969 sed
1463 924 1623 969 teter-

42 1020 165 1057 nam
192 1004 379 1058 vitam.
407 1004 552 1058 Illam
571 1019 701 1060 vero
720 1005 851 1073 legis
861 1005 1126 1075 justitiam
1145 1007 1257 1078 (85)
1284 1008 1406 1077 «ιιιιί
1433 1007 1623 1063 fecerit

38 1094 231 1157 homo,
264 1114 284 1147 ι
314 1111 417 1149 non
447 1096 581 1150 dixit
616 1096 669 1149 in
703 1106 969 1150 aeternum
1010 1097 1191 1163 vivet,
1233 1100 1331 1152 sed
1378 1109 1617 1153 tantum-

42 1190 204 1241 modo
271 1205 289 1237 ι
318 1188 462 1241 vivet
505 1187 558 1241 in
616 1203 725 1241 ea:
766 1208 786 1241 ι
820 1189 1074 1259 quoniam
1102 1190 1147 1242 si
1191 1189 1315 1244 linis
1359 1190 1509 1259 legis,
1561 1201 1619 1245 ut

44 1280 335 1348 Apostolus
365 1281 501 1334 dicit
538 1283 581 1347 ‘,
612 1279 866 1336 Christus
899 1292 1006 1345 est,
1056 1296 1157 1336 nec
1196 1282 1366 1351 ipsam
1398 1297 1519 1351 quas
1549 1297 1617 1337 ex

42 1374 155 1442 lege
178 1384 267 1426 est
287 1372 554 1442 justitiam
582 1373 700 1427 sine
724 1371 943 1428 Christo
976 1372 1275 1441 adimplere
1299 1373 1501 1442 poterit
1522 1375 1614 1443 qui

43 1465 203 1518 linem
240 1465 375 1534 legis
402 1479 504 1518 non
535 1463 1087 1533 suscipitCht-istum.
1138 1463 1262 1519 Ilaec
1316 1480 1449 1535 ergo
1495 1479 1617 1534 qua:

40 1573 98 1609 ex
167 1557 279 1610 lide
330 1566 414 1611 est
456 1557 838 1627 justitia,qua:
889 1568 975 1612 est
1020 1556 1302 1623 Christus,
1357 1568 1632 1627 tanquam.

41 1648 230 1701 vivens
296 1658 353 1702 et
402 1648 745 1715 subsistens,
810 1648 969 1713 hinc,
1028 1649 1228 1718 inquit,
1283 1649 1454 1704 dicit:
1489 1649 1616 1704 «Ne

41 1739 248 1793 dixeris
289 1741 341 1792 in
398 1738 564 1794 corde
616 1749 709 1793 tuo
739 1756 753 1793 :
788 1740 923 1807 Quis
972 1741 1220 1796 ascendit
1270 1741 1325 1795 in
1378 1740 1614 1796 cmlum?

44 1831 138 1883 hoc
169 1839 281 1895 est,
307 1831 581 1885 Christum
609 1829 879 1886 deducere
905 1847 921 1883 :
951 1832 1059 1884 Aut
1106 1832 1228 1900 quis
1255 1830 1532 1885 descendit
1556 1832 1608 1885 in

1724 730 1810 786 lus
1833 732 2031 787 docet?
2060 732 2141 788 Ne
2172 734 2385 789 scilicet
2408 735 2658 789 dicamus
2695 736 2748 789 in
2795 737 2961 793 corde
2989 755 3179 797 nostra
3200 783 3218 809 ,
3247 756 3305 800 et

1724 833 1976 892 putemus
2010 827 2155 894 quod
2197 826 2449 883 Christus
2474 829 2554 885 .in
2595 829 2718 884 loco
2760 830 2943 899 aliquo
2973 837 3304 905 continetur,

1723 926 1911 969 etnon
1938 917 2137 986 ubique
2162 928 2270 981 est,
2311 933 2377 973 ac
2414 934 2513 988 per
2559 921 2742 975 omnia
2785 922 2902 991 ipse
2943 923 3302 983 diffunditur:

1722 1004 1923 1074 quippe
1943 1008 2181 1075 quicum
2208 1020 2354 1064 esset
2373 1009 2430 1065 iu
2464 1011 2652 1074 terris,
2674 1012 2891 1069 dicebat
2911 1016 3036 1084 quia
3064 1029 3213 1072 esset
3245 1029 3303 1074 et

1723 1094 1775 1149 in
1831 1097 1994 1152 casio.
2032 1098 2126 1154 Sic
2171 1100 2318 1153 enim
2356 1100 2680 1168 loquebatur
2721 1104 2790 1158 ad
2824 1108 3098 1175 apostolos
3118 1125 3247 1165 suos
3283 1126 3298 1160 :

1726 1206 1743 1239 ι
1777 1186 1945 1243 Nemo
1982 1190 2231 1245 ascendit
2253 1192 2308 1245 in
2340 1194 2564 1259 ctelum,
2594 1195 2695 1250 nisi
2718 1197 2813 1265 qui
2835 1196 2904 1252 de
2917 1199 3056 1254 caelo
3082 1204 3304 1256 descen-

1719 1278 1821 1343 dit,
1843 1279 2013 1335 Filius
2029 1282 2262 1337 hominis
2288 1285 2379 1352 qui
2419 1287 2575 1340 estin
2597 1288 2769 1341 cmlo’
2790 1286 2927 1360 (89).
2950 1309 2970 1341 ι
2995 1290 3113 1346 Non
3139 1293 3296 1362 dixit,

1718 1373 1808 1440 qui
1830 1370 1952 1437 fuit,
1969 1374 2084 1436 sed,
2109 1393 2129 1425 ι
2142 1375 2235 1443 qui
2257 1386 2341 1431 est
2362 1379 2415 1430 in
2432 1377 2591 1433 etelo.
2623 1398 2643 1432 ι
2663 1379 2732 1434 Ει
2750 1396 2939 1437 rursus
2957 1397 3028 1437 ne
3046 1392 3296 1452 putemus

1716 1480 1838 1518 eum
1874 1467 1926 1519 in
1953 1466 2091 1521 cmlo
2113 1482 2234 1522 esse
2277 1471 2683 1537 tantummodo,
2720 1488 2916 1530 vacare
2955 1486 3137 1531 autem
3176 1482 3296 1549 ejus

1716 1558 2011 1627 praesentia
2034 1560 2316 1631 abyssum,
2340 1561 2458 1616 ideo
2463 1560 2673 1629 justitia
2688 1577 2810 1632 qua:
2823 1578 2891 1620 ex
2909 1568 3012 1623 fide
3031 1580 3114 1625 est
3129 1571 3291 1627 dicit:

1721 1667 1741 1700 ι
1765 1650 1843 1705 Ne
1861 1650 2064 1705 dixeris
2085 1651 2139 1706 in
2163 1653 2327 1708 corde
2359 1662 2453 1707 tuo
2469 1674 2484 1711 :
2500 1655 2636 1722 Quis
2651 1657 2963 1714 ascenditin
2977 1659 3174 1717 coelum
3188 1663 3211 1696 ⁸
3234 1666 3287 1720 ἲ»

1716 1742 1781 1794 Ει
1804 1743 1954 1811 quasi
1981 1743 2158 1798 simile
2182 1745 2254 1799 sit
2272 1749 2374 1800 hoc
2395 1746 2616 1810 dicenti,
2636 1747 2912 1804 Christum
2939 1753 3006 1808 de
3029 1753 3172 1810 cosio
3193 1759 3291 1811 de-

1713 1833 1934 1899 ducere,
1960 1835 2037 1889 ita
2063 1835 2595 1913 addidit_Apostolus
2622 1850 2638 1889 :
2667 1856 2687 1889 ι
2730 1838 2847 1896 Hoc
2877 1851 2982 1910 est,
3007 1844 3283 1901 Christum

40 1925 294 1993 abyssum
312 1922 338 1976 ἲ
371 1922 472 1977 hoc
498 1933 605 1985 est,
629 1923 906 1977 Christqu
937 1938 967 1976 a
990 1925 1218 1976 mortuis
1238 1925 1499 1978 reducere
1527 1925 1567 1975 ³.
1584 1942 1603 1975 ι
1643 1908 1687 1962 Β
1712 1926 1999 1981 deducere.
2025 1946 2045 1979 ι
2095 1926 2162 1981 Ει
2193 1908 2409 1985 rursum
2436 1929 2481 1984 si
2508 1931 2632 2000 quis
2657 1942 2840 1988 mente
2866 1945 2923 1990 et
2950 1908 3283 2006 uagitatione

38 2014 147 2071 Nec
182 2014 401 2070 mireris
448 2017 591 2082 quod
628 2029 754 2068 cum
800 2014 1054 2068 Christus
1108 2014 1223 2083 ipse
1256 2013 1328 2068 sit
1368 2011 1603 2080 justitia,

39 2107 182 2175 quasi
228 2108 298 2161 de
328 2105 437 2160 alio
484 2105 558 2158 ita
613 2106 680 2159 de
733 2120 793 2159 se
844 2113 957 2160 haec
996 2107 1180 2159 dicere
1232 2105 1502 2159 videatur.
1547 2105 1604 2159 ln

42 2201 217 2253 multis
250 2198 396 2253 enim
427 2197 562 2252 locis
602 2197 846 2251 invenies
868 2198 1203 2251 Salvatorem
1227 2197 1379 2265 quasi
1406 2198 1473 2250 de
1498 2195 1607 2251 alio

42 2293 102 2345 ita
133 2293 201 2344 de
224 2307 290 2345 se
307 2291 453 2360 loqui
480 2305 498 2354 ς
525 2297 584 2343 ιιι
617 2286 670 2341 iu
698 2288 989 2356 Evangelia
1010 2288 1145 2344 dicit
1165 2290 1188 2322 ³
1221 2307 1234 2344 :
1276 2289 1373 2343 «Et
1402 2299 1605 2345 statuet

41 2399 154 2437 oves
178 2380 213 2436 ἐ
234 2383 475 2447 dextris;
502 2381 692 2437 hmdos
718 2389 895 2434 autem
912 2396 940 2434 a
970 2380 1208 2436 sinistris
1230 2380 1365 2454 (86):
1385 2391 1440 2436 et
1458 2382 1604 2436 dicet

42 2474 114 2526 his
140 2474 233 2543 qui
282 2489 311 2526 a
352 2473 558 2529 dextris
584 2480 734 2533 sunt,
782 2480 838 2525 et
883 2471 1081 2527 iterttm
1132 2472 1224 2541 qui
1277 2487 1307 2526 ε
1360 2472 1604 2529 sinistris

41 2583 172 2636 sunt,
225 2591 249 2624 ι
287 2586 350 2626 ea
380 2585 500 2641 qua:
532 2570 729 2638 scripta
763 2577 909 2622 sunt.
941 2564 1096 2633 Quod
1139 2582 1268 2637 ergo
1294 2567 1370 2619 ait
1405 2581 1418 2616 :
1456 2587 1475 2617 ι
1518 2564 1594 2619 Νε

42 2666 228 2720 dixeris
268 2665 322 2719 in
350 2664 512 2719 corde
540 2672 634 2716 tuo
668 2676 681 2712 :
716 2659 852 2726 Quis
880 2659 1125 2714 ascendit
1155 2659 1208 2711 in
1241 2658 1438 2712 caelum
1458 2696 1472 2722 ,
1495 2665 1596 2720 aut

41 2759 149 2827 quis
198 2756 487 2811 desoendit
536 2755 591 2808 in
644 2752 943 2824 abyssum?
986 2769 1008 2802 ι
1048 2750 1286 2820 exceptis
1338 2749 1422 2803 his
1474 2762 1596 2817 quae

44 2849 200 2902 media
234 2845 536 2910 interserit,
572 2862 591 2895 ι
630 2843 733 2897 hoc
757 2853 859 2907 est,
892 2841 1168 2895 Christum
1200 2841 1487 2905 deducere,
1511 2838 1594 2892 vel

42 2958 67 2993 a
91 2939 323 2993 mortuis
354 2938 645 2992 reducere:
676 2954 694 2986 ι
722 2934 818 2990 sed
842 2944 916 3001 et,
949 2952 967 2983 ι
997 2932 1170 3002 Prope
1190 2940 1270 2985 est
1293 2931 1515 2985 verbum
1539 2930 1595 2983 in

1708 2019 2005 2074 descendat
2029 2019 2082 2073 in
2108 2019 2385 2089 abyssum.
2412 2031 2608 2091 putans
2649 2024 2721 2078 ibi
2765 2033 2971 2079 tantum
3014 2031 3281 2085 contineri

1705 2110 2002 2174 Christum,
2026 2112 2179 2179 quasi
2207 2111 2382 2166 simile
2403 2114 2476 2166 sit
2501 2113 2779 2169 Christum
2808 2131 3066 2173 revocare
3085 2135 3115 2173 a
3138 2135 3283 2177 mor—

1706 2203 1834 2267 tuis,
1873 2203 1946 2256 ita
1974 2203 2249 2273 subiungit
2281 2221 2295 2256 :
2331 2221 2350 2254 ι
2383 2203 2494 2260 Hoc
2523 2216 2626 2269 est,
2658 2206 2935 2262 Christum
2970 2210 3279 2266 reduceres

1704 2295 1953 2350 mortuis.
1983 2313 2003 2347 ι
2034 2295 2141 2350 Sed
2170 2297 2264 2363 ita,
2290 2298 2480 2365 inquit,
2503 2299 2667 2353 debes
2707 2301 2907 2356 sentire
2945 2303 3011 2355 de
3039 2303 3275 2369 Christo,

1708 2394 1963 2454 tanquam
1990 2385 2059 2440 de
2081 2384 2277 2451 Verbo,
2307 2395 2362 2441 et
2388 2387 2639 2452 veritate,
2662 2399 2716 2443 et
2745 2391 3028 2459 sapientia.
3049 2391 3281 2460 etjusti-

1703 2478 1775 2532 tia
1827 2476 1945 2534 Dei.
1981 2476 2105 2532 Haec
2142 2488 2320 2533 autem
2348 2478 2526 2531 omnia
2566 2492 2668 2532 non
2706 2479 2899 2534 inloco
2925 2491 3276 2551 quaeruntur,

1701 2569 1794 2623 sed
1820 2569 2016 2639 ubique
2040 2571 2273 2623 adsunt:
2305 2582 2479 2637 neque
2504 2570 2574 2622 ah
2613 2567 2837 2625 infernis
2870 2571 3002 2627 locis
3021 2571 3132 2647 (90)
3146 2590 3275 2632 evo-

1704 2661 2090 2732 επακ-,623
2105 2662 2199 2717 sed
2217 2670 2394 2715 mente
2406 2663 2519 2719 sola
2548 2661 2928 2732 intellectuque
2965 2666 3271 2733 capiuntur.

1700 2748 1980 2819 Tanquam
2005 2751 2237 2805 Verbum
2263 2767 2395 2822 ergo
2418 2763 2471 2808 et
2496 2753 2763 2822 sapientia
2798 2768 2964 2824 prope
2993 2765 3076 2810 est
3104 2744 3273 2811 inore

1700 2849 1791 2895 tuo
1841 2849 1894 2894 et
1936 2839 1992 2893 in
2028 2842 2192 2896 corde
2222 2852 2334 2896 tuo.
2365 2843 2429 2897 Et
2467 2860 2490 2894 ι
2521 2844 2624 2898 hoc
2659 2854 2761 2901 est.
2804 2845 2998 2913 inquit,
3045 2847 3269 2903 verbum

1699 2931 1820 2986 lidei
1840 2931 2114 3004 (9l)quod
2144 2935 2518 3003 praedicamus.
2542 2934 2679 3000 Quia
2706 2936 2751 2989 si
2781 2938 3160 2999 confitearisin
3176 2952 3273 2993 ore

43 3046 125 3083 ore
150 3038 271 3088 tuo,
297 3037 352 3082 et
377 3028 428 3079 in
459 3025 620 3081 corde
658 3034 773 3085 tuo,
811 3043 829 3075 ι
856 3024 922 3077 de
944 3021 1360 3076 Deuteronomio
1385 3022 1597 3076 videtur
1697 3032 1791 3078 tuo
1819 3025 2103 3079 Dominum
2124 3024 2329 3089 Jesmn,
2353 3027 2721 3083 etcredideris
2747 3030 2801 3082 in
2819 3029 2986 3083 corde
3011 3038 3104 3084 tuo
3126 3034 3268 3100 quod

43 3130 390 3188 assumptum,
420 3116 509 3171 ubi
550 3117 651 3170 hoc
682 3116 844 3169 modo
872 3114 1133 3183 scriptum
1170 3124 1292 3168 est:
1328 3131 1347 3164 ι
1377 3112 1598 3166 Manda-
1695 3116 1840 3171 Deus
1872 3117 2019 3171 illum
2051 3119 2338 3174 suscitavit
2367 3137 2397 3173 a
2432 3121 2682 3183 mortuis,
2716 3120 2898 3176 salvus
2938 3122 3072 3177 eris.
3094 3120 3269 3177 Corde

48 3225 144 3265 tum
174 3212 300 3272 hoc,
326 3209 470 3279 quod
493 3222 594 3279 ego
618 3208 818 3261 mando
841 3207 934 3261 tibi
960 3205 1140 3271 hodie,
1170 3220 1276 3258 non
1301 3213 1381 3258 est
1409 3218 1599 3271 super-
1620 3246 1662 3304 ο
1694 3210 1836 3264 εηίηι
1863 3210 2105 3300 creditur
2132 3212 2200 3266 ad
2228 3213 2516 3279 justitiam,
2568 3229 2668 3269 ore
2695 3224 2875 3269 autem
2906 3214 3172 3271 confessio
3208 3217 3267 3271 lit

46 3306 325 3357 exaltatum
360 3318 389 3356 a
426 3312 498 3365 te,
535 3316 707 3371 neque
741 3301 900 3370 longe
939 3315 969 3352 a
1002 3308 1071 3352 te.
1112 3296 1228 3351 Non
1261 3305 1347 3350 est
1378 3297 1433 3350 in
1457 3296 1597 3350 cmlo
1623 3291 1662 3304 “’
1702 3301 1755 3355 in
1811 3301 2039 3354 salutem
2072 3291 2112 3354 ’ζ
2153 3321 2172 3353 ο
2227 3303 2497 3361 Debemus
2546 3305 2714 3357 etiam
2750 3304 2856 3359 hoc
2887 3305 3029 3359 scire
3055 3342 3074 3370 ,
3124 3306 3267 3372 quod

49 3407 97 3449 ut
121 3398 269 3451 dicas
305 3413 318 3448 :
348 3394 483 3458 Quis
526 3391 783 3446 ascendet
828 3388 987 3443 nobis
1022 3388 1075 3441 in
1119 3388 1348 3447 cmlum,
1376 3395 1430 3439 et
1457 3386 1600 3439 acci-

1746 3393 1843 3446 liud
1879 3404 1964 3446 est
2001 3394 2411 3462 possibilitatem
2434 3411 2555 3451 esse
2582 3397 2636 3448 in
2667 3395 2866 3463 aliquo,
2910 3396 3054 3452 aliud
3085 3396 3266 3463 edica-

51 3488 140 3553 piet
168 3486 301 3539 illud
332 3482 509 3546 nobis,
534 3491 591 3536 ut
620 3480 903 3534 audientes
934 3477 1198 3533 faciamus
1221 3477 1392 3531 illud?
1416 3475 1600 3544 Neque
1698 3485 1837 3541 ciam
1879 3486 1960 3539 vel
2006 3486 2348 3541 emcientiam
2378 3486 2516 3559 (92),
2557 3489 2700 3558 quod
2747 3487 2918 3543 Graeci
2950 3487 3178 3561 δύναμιν
3209 3498 3264 3546 ει

52 3594 181 3631 trans
233 3591 388 3631 mare
431 3582 550 3637 est,
607 3582 668 3628 ut
714 3572 866 3627 dicas
907 3590 921 3625 :
965 3570 1099 3637 Quis
1140 3570 1393 3624 transibit
1441 3569 1600 3625 nobis
1696 3578 1974 3650 ἐνέργειαν
2000 3579 2115 3649 (95)
2146 3591 2361 3635 vocant.
2389 3581 2549 3636 Verbi
2576 3599 2771 3637 causa:
2806 3582 3262 3647 Parvulusnuper

51 3680 181 3724 trans
214 3684 390 3731 mare,
422 3679 476 3723 et
499 3668 727 3736 accipiet
753 3666 906 3728 illud,
940 3674 1000 3719 ut
1026 3664 1306 3719 audientes
1334 3661 1600 3718 faciamus
1694 3680 1850 3724 natus
1867 3671 2225 3740 possibilitate
2250 3671 2586 3728 rationabilis
2601 3675 2765 3727 hmno
2786 3684 2865 3729 est
2889 3690 2903 3727 :
2925 3674 3259 3742 potestenim

51 3761 199 3817 illud?
225 3761 391 3815 Juxta
437 3768 489 3813 te
518 3771 601 3814 est
639 3758 863 3812 verbum
898 3757 1052 3811 valde
1085 3757 1137 3808 in
1174 3771 1268 3810 ore
1307 3764 1420 3818 ιῐιο,
1452 3764 1505 3811 ει
1540 3756 1597 3809 in
1691 3776 1812 3817 esse
1841 3762 2181 3817 rationabilis
2208 3763 2253 3817 si
2283 3764 2597 3819 adoleverit.
2628 3764 2692 3819 Et
2721 3766 3078 3834 possibilitate
3092 3767 3257 3819 etiam

51 3856 192 3909 corde
234 3863 354 3913 tuo,
398 3851 541 3920 et‘in
573 3850 831 3904 manibus
864 3849 992 3912 tuis,
1024 3855 1085 3901 ut
1117 3845 1287 3901 facias
1317 3847 1447 3901 illud
1484 3851 1526 3902 ⁸.
1570 3865 1590 3898 ι
1688 3851 1865 3917 faber,
1891 3863 1947 3908 et
1978 3853 2330 3923 gubernator.
2362 3862 2416 3908 et
2460 3857 2846 3925 grammaticus
2871 3857 3107 3917 dicitur;
3133 3870 3260 3923 pos-

50 3946 165 4001 Cum
203 3960 338 4017 ergo
377 3943 494 3999 haec
530 3958 598 3997 ex
638 3941 1057 3996 Deuteronomio
1086 3948 1361 4008 assumpta
1391 3939 1520 4002 sint,
1547 3947 1603 3994 et
1693 3943 1851 3997 sibile
1876 3946 2020 3996 enim
2054 3955 2136 3996 est
2162 3954 2220 3995 ut
2255 3945 2445 3998 horum
2490 3945 2692 4013 aliquid
2724 3945 2812 3999 sit.
2848 3944 3097 3999 Ellicacia
3125 3961 3256 3999 vero

55 4037 328 4106 Apostolus
366 4035 572 4090 scribat
614 4033 742 4102 quia
777 4032 1020 4103 justitia,
1052 4045 1175 4100 qua:
1213 4046 1277 4084 ex
1309 4029 1413 4084 ﬁde
1441 4041 1527 4086 est
1553 4032 1596 4093 ',
1693 4031 1778 4085 vel
1823 4031 2130 4098 efﬁcientia,
2173 4034 2276 4087 hoc
2303 4042 2405 4098 est,
2438 4035 2639 4102 relipsa
2671 4042 2835 4102 atque
2863 4031 3086 4095 eli‘ectu,
3120 4034 3255 4085 nihil

54 4132 149 4196 ipsa
185 4130 303 4182 haec
344 4127 496 4189 dicit,
527 4140 648 4193 qute
684 4133 767 4178 est
801 4122 1088 4187 Christus;
1129 4123 1246 4176 sine
1283 4120 1449 4177 dubio
1487 4122 1596 4193 (87)
1695 4125 1886 4179 horum
1908 4135 1993 4181 est
2020 4127 2144 4181 dum
2173 4136 2255 4179 est
2274 4127 2530 4194 parvulus
2553 4143 2569 4182 :
2594 4127 2687 4181 sed
2716 4126 2760 4179 si
2787 4126 3016 4194 cmperit
3047 4124 3127 4179 vel
3162 4142 3252 4179 ra-

42 4231 137 4282 qua:
167 4219 217 4271 in
244 4220 665 4275 Deuteronomio
686 4221 939 4275 dicuntur
970 4219 1263 4288 Apostolus
1292 4234 1320 4270 a
1364 4216 1583 4272 Christo
1693 4219 1854 4272 tionis
1880 4218 1991 4288 jam
2016 4233 2185 4289 capax
2212 4234 2353 4280 esse,
2383 4218 2468 4273 vel
2506 4218 2710 4287 aliquid
2737 4216 2945 4272 fabrilis
2975 4218 3132 4281 artis,
3161 4228 3255 4271 aut

43 4314 155 4369 dicta
180 4332 302 4372 esse
320 4318 655 4385 pronuntiat.
679 4318 792 4387 Ipse
812 4328 894 4372 est
925 4332 1055 4386 ergo
1078 4316 1171 4386 qui
1195 4316 1357 4369 dicit:
1388 4333 1406 4366 ι
1431 4314 1584 4368 Mau-
1687 4310 1978 4377 cuiuslibet
2005 4311 2229 4366 alterius
2260 4310 2491 4375 edicere,
2529 4321 2654 4365 tunc
2671 4309 2789 4384 jam)
2815 4309 3051 4365 ellicacia
3084 4312 3254 4365 ratio-

44 4408 195 4460 datum
222 4410 348 4475 hoc,
390 4412 531 4479 quod
567 4425 667 4480 ego
705 4411 773 4466 do
805 4411 898 4465 tibi
923 4410 1102 4472 hodie,
1135 4424 1239 4462 non
1268 4416 1351 4462 est
1385 4421 1578 4475 super-
1685 4401 1881 4456 nabilis
1898 4402 2117 4467 dicitur,
2141 4401 2220 4457 vel
2248 4400 2419 4465 faber,
2446 4401 2676 4455 velsicut
2702 4401 2831 4455 illud
2859 4411 2942 4457 est
2969 4398 3082 4473 (ει)
3109 4400 3252 4471 quod

93 4515 168 4570 ’⁸1
194 4517 323 4573 Cor.
366 4537 405 4584 ι,
442 4520 533 4574 ³50.
606 4520 652 4551 ⁹⁹
676 4518 830 4574 Joan.
860 4535 994 4583 xvu,
1027 4520 1080 4573 5.
1159 4519 1175 4549 ¹
1209 4517 1336 4571 ibid.
1375 4517 1429 4570 4.
1503 4517 1526 4547 ¹
1560 4516 1625 4569 ibi

1746 4515 1776 4580 ἱ,
1805 4514 1858 4568 7.
1926 4514 1947 4545 ³
1970 4512 2157 4584 Matth.
2195 4530 2321 4584 xxv.
2358 4506 2463 4574 55.}
2484 4515 2575 4573 34.
2604 4513 2697 4581 35,
2721 4515 2812 4569 41.
2886 4516 2910 4548 ⁸
2934 4515 3086 4571 Deut.
3112 4532 3243 4579 xxx,

46 4584 192 4641 Πομ.
267 4591 289 4622 ⁵
312 4590 471 4645 Rom.
496 4606 552 4652 x,
588 4592 643 4644 6.
717 4590 738 4620 ⁸
770 4592 923 4644 Deut.
958 4605 1090 4653 xxx,
1126 4588 1213 4641 ll.
1288 4586 1483 4641 'Joan.
1520 4602 1600 4650 ιιι.

1797 4585 1818 4615 ⁸
1847 4584 2003 4638 Rom.
2035 4600 2087 4646 x,
2118 4583 2173 4642 6.
2248 4585 2269 4617 ⁹
2298 4583 2456 4640 Rom.
2487 4602 2541 4649 x,
2568 4583 2718 4657 8:10.

93 4678 191 4750 (85)
228 4683 369 4737 Editi
397 4723 414 4745 ,
462 4703 481 4733 ι
508 4685 598 4736 llla
648 4698 777 4737 vero
816 4683 949 4750 legis
984 4680 1217 4746 justitia,
1268 4695 1431 4748 quam
1481 4679 1570 4745 qui
1604 4683 1650 4738 D
1679 4677 2060 4750 desiderantur
2087 4676 2406 4750 in_edit_ione
2427 4675 2783 4750 Genehrardi.

45 4743 413 4826 heerithomo,
437 4770 540 4808 non
585 4754 725 4808 dixit
768 4743 1134 4826 in_ieternum
1156 4789 1175 4826 _,
1211 4743 1305 4826 sed
1336 4743 1572 4826 tantutn—
1684 4825 1688 4826 ν
1748 4744 1859 4826 (90)
1901 4745 1993 4799 Sic
2017 4762 2118 4798 ms.
2150 4745 2522 4826 Regius-nutu.
2557 4747 2695 4801 1659
2728 4756 2784 4826 et
2805 4746 3080 4826 Rahamts.
3117 4743 3244 4826 Cm-

44 4814 458 4892 IuodoLvivetiu
496 4839 556 4875 ea
591 4841 604 4875 :
640 4825 782 4892 quod
824 4822 944 4876 ﬁnis
984 4822 1115 4892 legis
1147 4821 1240 4891 (ut
1281 4817 1569 4892 Apostolus
1677 4814 1777 4870 teri
1809 4814 1937 4870 vero
1979 4830 2111 4869 mss.
2139 4825 2196 4870 et
2236 4816 2389 4882 editi,
2441 4834 2459 4867 ι
2488 4831 2663 4887 neque
2702 4816 2769 4871 ab
2802 4814 3003 4869 inferni
3031 4814 3185 4880 locis,
3214 4833 3236 4867 ι

43 4888 978 4969 άὲείι).(ἔδτίειιιεεῖβιιηεέίρεπσιυω
1004 4888 1564 4969 θὶ.¹θίζβθειὶυ⁵ιίιὲ³ο
1674 4895 2019 4969 ειίὶλ...,..,
2116 4953 2159 4969 ...
2533 4956 2547 4969 .

44 4953 381 5031 fine'Christo
416 4953 699 5030 adinipleri
739 4953 914 5031 potuit
939 5001 955 5021 ,
996 4960 1121 5029 quia
1141 4953 1350 5031 flinem,
1382 4976 1403 5031 ρ
1453 4967 1563 5031 etc.
1676 5024 1708 5031 _
1746 4955 1857 5028 (9i)
1880 4954 2043 5014 Editi,
2075 4953 2397 5031 g'l‘anquam
2425 4953 2658 5031 Verbum
2688 4968 2817 5023 ergo
2836 4962 2897 5031 et
2916 4953 3234 5031 Sapientia.

44 5024 140 5103 ilss.
165 5033 268 5086 duo
298 5032 451 5103 Regii
480 5051 492 5085 :
534 5023 681 5103 t'llla
706 5023 836 5086 vero
869 5023 1341 5103 legisjustitiaqui
1375 5027 1569 5080 fecerit
1674 5023 1848 5094 Prope
1879 5036 1961 5103 est
1983 5027 2205 5103 verbum
2241 5028 2291 5078 in
2316 5038 2414 5079 ore
2435 5034 2525 5079 tuo
2548 5034 2605 5078 et
2633 5024 2686 5077 in
2718 5028 2883 5079 corde
2910 5030 3023 5088 tuo,
3056 5031 3112 5076 et
3141 5023 3244 5077 hoc

44 5094 255 5174 homo....
282 5094 433 5174 quid
470 5103 592 5156 linis
614 5094 1206 5174 (al.,_tiquod_si"_iinis)
1230 5097 1382 5164 legis,
1408 5115 1427 5147 ι
1457 5106 1565 5174 etc.
1674 5097 2017 5174 estverhum
2042 5094 2188 5174 fidei,
2219 5113 2240 5174 ι
2268 5105 2374 5151 etc.
2407 5160 2443 5174 ﬁ
2524 5162 2536 5173 .
2853 5160 2983 5174 ﬂ“
3047 5124 3095 5174 ην

44 5166 121 5219 Sed
142 5186 237 5224 ms.
279 5165 838 5248 Regius_nttm._lf_i_'.’>9
866 5180 921 5248 et
946 5170 1205 5248 Rabanus
1242 5177 1385 5248 recte
1418 5174 1474 5248 ut
1510 5165 1564 5245 in

46 5248 191 5313 nostra
213 5235 390 5306 textu:
412 5243 515 5297 nisi
541 5242 684 5313 quod
708 5241 1089 5313 aliushaheat,
1123 5236 1420 5313 «quoniam
1445 5235 1568 5290 linis

203 5331 222 5363 ι
248 5304 390 5387 alius
418 5304 621 5387 νει-υξι
652 5311 796 5387 quod
826 5309 1030 5387 si_fiuis
1058 5304 1213 5387 legis,
1236 5325 1255 5356 ι
1294 5315 1410 5387 etc.
1450 5384 1459 5387 Α
1501 5340 1533 5385 θ.

94 5379 188 5451 (διε)
237 5382 424 5448 Alias,
475 5400 495 5434 ι
524 5384 613 5452 qui
647 5379 685 5436 εἰ
725 5381 930 5436 dextris
973 5388 1120 5445 sunt,
1158 5386 1212 5430 et
1239 5391 1270 5429 a
1307 5379 1565 5443 sinistris,

43 5460 106 5510 CI,
130 5468 146 5499 ι
174 5463 274 5505 εις.

98 5518 189 5599 (ἕξ)
213 5522 386 5599 βιιίιίΔ
410 5539 432 5574 ι
452 5523 643 5599 ordine
674 5519 1032 5599 ιιίειεῆιιιτηε.Δ
1194 5587 1226 5599 η
1252 5587 1263 5599 ,
1469 5593 1479 5599 _
1552 5586 1564 5599 .

97 5590 190 5661 (88)
213 5591 311 5648 Ms.
337 5592 548 5666 Regius
569 5587 713 5647 nutu.
743 5590 902 5666 1959,
925 5597 1093 5653 recte,
1120 5605 1141 5640 ι
1168 5587 1265 5642 tibi
1292 5604 1309 5653 ;
1342 5604 1362 5638 ι
1384 5587 1567 5666 creteri

48 5671 145 5729 fero
173 5655 310 5724 'ms.,
337 5655 592 5717 Rabanus
632 5672 687 5717 et
723 5662 853 5715 editi
902 5672 1186 5729 perperam
1207 5698 1224 5724 ,
1279 5675 1299 5709 ι
1332 5655 1509 5729 vobis.
1539 5675 1559 5708 ι

50 5725 208 5785 Deinde
230 5735 379 5797 editi,
408 5748 544 5787 «non
570 5725 1148 5801 estsuperexalta'tum,
1179 5740 1351 5797 neque
1379 5725 1559 5796 longe,

46 5806 82 5847 st
98 5809 435 5870 ueteranum,
457 5821 478 5854 ι
510 5812 618 5856 etc.

96 5867 186 5938 (89)
228 5862 347 5923 Non
373 5872 508 5924 dixit
529 5875 617 5940 qni
641 5872 761 5940 fuit,
793 5872 882 5924 sed
899 5911 913 5935 ,
942 5871 1030 5941 qui
1070 5878 1144 5923 est
1171 5867 1228 5920 in
1254 5864 1402 5922 caelo.
1433 5862 1557 5920 Haec

279 5966 550 6028 Paraoc.
584 5969 699 6030 Cu.
740 5968 823 6029 X1
838 5968 910 6032 ι’.

1746 5162 1859 5237 (92)
1890 5163 1982 5218 Sic
2011 5164 2233 5237 editiAet
2273 5174 2374 5217 ms.
2404 5160 2606 5237 Regius
2646 5178 2799 5237 num.
2848 5159 3241 5237 l639.__Ca_:teri

1673 5231 1803 5288 vero
1836 5248 1966 5290 mss.
1991 5243 2047 5288 et
2076 5233 2349 5300 Rabanus,
2380 5250 2399 5301 ι
2436 5232 2581 5301 quod
2608 5232 2855 5301 aliudest
2883 5231 3243 5300 possibilitate

1675 5319 1798 5360 esse
1850 5303 1903 5357 in
1935 5303 2137 5370 aliquo,
2163 5302 2306 5356 aliud
2328 5300 2565 5357 eiiicdcia
2588 5302 2669 5353 vel
2693 5300 3000 5370 eﬂicﬁieutia.
3037 5319 3076 5352 »λ

1746 5374 1858 5447 (9'5)
1900 5372 1993 5427 Sic
2151 5372 2348 5447 Regius
2380 5388 2528 5424 num.
2557 5371 2692 5447 16ᾷ9
2716 5382 2770 5425 ει
2795 5369 3075 5427 Rahanus.
3097 5373 3240 5447 Editi

1676 5441 1846 5509 vero,
1878 5460 1899 5495 ι
1940 5441 2310 5496 endelechiam
2363 5451 2418 5495 et
2468 5442 2742 5511 energiam
2779 5449 2993 5497 vocant.
3035 5461 3055 5494 ι
3106 5445 3239 5501 Mss.

1675 5514 1927 5585 quidam1
1953 5530 1988 5585 (A
2010 5512 2229 5572 didami,
2264 5512 2833 5585 ειηειιειἘίιι-νιξειιιιι.Δ
2854 5529 2874 5562 ι

1746 5582 1859 5655 (9ςί)
1895 5582 2149 5655 Rabauus
2182 5591 2238 5635 et
2263 5581 2416 5655 editi,
2448 5599 2471 5655 ι
2498 5580 2835 5655 velsiuquid
2875 5580 3021 5635 aliud
3066 5591 3170 5655 est,
3211 5600 3230 5655 ξ

1671 5650 1775 5708 etc.
1800 5650 1926 5707 Mss.
1958 5651 2225 5721 plerique,
2258 5668 2277 5703 ι
2310 5651 2463 5706 velsi
2488 5651 2619 5721 quid
2650 5650 2911 5721 illudest,
2948 5668 2968 5702 ι
2998 5661 3106 5706 etc.
3130 5652 3235 5706 Sed

1670 5724 1872 5778 rectius
1922 5716 2022 5778 uis.
2069 5716 2217 5777 unus
2253 5722 2455 5793 Regius
2501 5716 2651 5777 num.
2701 5716 2833 5775 1641
2876 5729 2935 5776 ιιι
2967 5722 3021 5776 in
3050 5730 3240 5777 nostro

1666 5801 1835 5850 textu.
2544 5811 2546 5815 '

2921 5962 2995 6020 3'1
