3766 6550
461 404 613 459 1166

1905 407 2229 465 ORIGENIS

3565 416 3680 471 ll6i

459 528 650 584 cﬂectu
683 526 864 596 operis
888 525 1017 597 agit.
1051 523 1165 580 Hoc
1190 538 1319 594 ergo
1359 525 1519 580 modo
1560 526 1724 580 etiam
1759 525 2030 593 Chrisms,
2059 531 2107 589 Α
2137 535 2280 582 stum
2323 525 2608 580 Dominum
2658 525 2964 588 confessus,
2999 524 3362 582 nulli'horum
3389 543 3449 584 se
3495 536 3683 586 servire

457 623 547 692 qui
570 629 655 676 est
685 619 922 675 Verbum
957 617 1073 682 Dei,
1102 616 1462 687 possibilitate
1485 618 1700 687 quidem
1720 617 1876 687 juxta
1906 634 2024 684 nos,

456 713 560 769 hoc
589 721 693 776 est,
717 711 872 781 juxta
901 723 1117 765 omnem
1149 710 1446 776 hominem.
1470 724 1591 766 esse
1613 710 1916 766 credendus
1943 723 2031 768 est

456 814 717 874 tanquam
759 802 904 858 ratio
937 799 1182 871 parvulis
1225 816 1239 852 :
1297 801 1537 857 ellicacia
1573 817 1703 857 vero
1737 813 1865 859 tunc
1916 804 2027 875 (95)

457 897 513 952 in
534 910 618 950 me
651 909 772 950 esse
798 893 1016 956 dicitur,
1046 907 1169 947 cum
1198 892 1252 945 in
1279 907 1378 949 ore
1412 907 1532 948 meo
1561 893 1844 950 confessus
1875 896 2028 952 fuero

453 989 742 1045 Dominum
769 986 974 1052 Jcsum,
1007 995 1061 1042 et
1102 986 1154 1041 in
1210 987 1372 1041 corde
1404 999 1525 1043 meo
1576 987 1857 1042 credidero
1883 989 2025 1057 quod

457 1080 598 1135 Deus
657 1079 807 1134 illunt
869 1079 1152 1133 suscitavit
1182 1094 1210 1130 a
1259 1078 1507 1133 mortuis.
1541 1076 1637 1131 Vis
1673 1085 1850 1131 autem
1883 1079 2026 1132 scire

457 1171 581 1240 quia
606 1173 760 1225 adest
795 1169 1017 1239 ubique,
1063 1178 1119 1223 et
1147 1169 1352 1223 medius
1381 1178 1466 1223 est
1502 1169 1666 1225 etiam
1715 1184 1901 1224 eorum
1932 1171 2052 1238 qui-

456 1264 712 1334 ignorant
757 1277 903 1328 eum,
949 1271 1005 1316 et
1036 1276 1141 1315 non
1171 1261 1536 1317 conﬁtentur?
1571 1262 1708 1316 Audi
1755 1263 2024 1332 quomodo

455 1355 687 1411 Joannes
727 1353 960 1425 Baptista
1001 1353 1069 1408 de
1102 1369 1166 1408 eo
1197 1354 1311 1408 hrec
1365 1354 1480 1422 ipsa
1509 1357 1514 1364 '
1541 1361 1770 1409 testatur
1801 1372 1814 1408 :
1853 1373 1871 1405 ί
1908 1353 2023 1406 Μιτ-

455 1451 598 1514 dius,
632 1450 807 1517 inquit
839 1446 971 1518 (96),
1007 1455 1249 1500 vestrum
1297 1454 1404 1500 stat
1448 1459 1606 1515 quem
1639 1460 1733 1500 vos
1773 1446 2021 1506 nescitis,

455 1542 546 1612 qui
574 1551 692 1611 post
713 1556 799 1596 me
829 1539 975 1596 venit
1005 1540 1071 1593 ὀ.
1102 1558 1120 1590 ι
1158 1537 1255 1592 Est
1280 1551 1412 1607 ergo
1455 1537 1660 1591 medius
1691 1537 1854 1592 etiam
1883 1538 2025 1591 inter

455 1647 548 1688 eos
576 1632 666 1702 qui
713 1646 836 1686 eum
873 1631 1140 1693 nesciunt,
1185 1627 1285 1683 sed
1321 1628 1678 1695 possibilitate
1707 1628 1786 1682 eis
1817 1629 2024 1682 medius

454 1735 557 1790 est,
594 1741 698 1778 non
740 1722 1000 1778 eﬁicacia.
1039 1723 1272 1778 Possunt
1300 1720 1446 1775 enim
1499 1735 1618 1774 eum
1653 1735 1874 1790 capere,
1929 1720 2021 1772 scd

454 1816 694 1871 nondum
722 1816 966 1883 capiunt.
997 1811 1242 1868 Eﬁicacia
1265 1827 1399 1869 vero
1429 1811 1512 1866 vel
1535 1812 1827 1867 eﬂicientia
1878 1815 2022 1869 inter

2133 619 2436 688 proﬁtetur.
2467 617 2572 672 Sed
2610 627 2664 671 et
2694 619 2924 674 credens
2964 619 3018 672 in
3048 621 3212 674 corde
3239 635 3341 674 suo
3384 623 3526 689 quod
3561 623 3682 677 Deus

2132 709 2282 764 illum
2309 711 2593 766 suscitavit
2619 725 2646 764 a
2676 711 2926 776 mortuis,
2957 718 3167 766 certum
3195 721 3280 766 est
3314 713 3445 779 quia
3474 716 3680 766 suscita-

2130 813 2240 858 tum
2272 818 2395 858 eum
2442 803 2509 856 ad
2551 803 2995 872 justiﬁcationem
3044 805 3125 859 sui
3175 804 3355 858 credit
3387 804 3522 874 (99).
3549 805 3679 856 Alio-

2129 897 2284 962 quin,
2315 897 2444 966 quid
2474 898 2716 967 proderit
2742 899 2885 953 scire
2908 914 2996 954 me
3020 908 3074 952 et
3101 899 3322 952 credere
3347 898 3493 966 quod
3515 897 3678 953 Jesum

2132 989 2269 1042 Deus
2301 987 2582 1042 suscitavit
2611 1004 2640 1040 a
2674 990 2921 1053 mortuis,
2956 991 3000 1043 si
3033 990 3086 1043 in
3118 1004 3204 1044 me
3242 989 3362 1056 ipso
3407 1003 3535 1042 eum
3592 1005 3680 1041 non

2131 1079 2355 1133 habeam
2417 1080 2773 1134 suscitalum?
2827 1081 2967 1150 Ergo
3009 1081 3053 1134 si
3086 1096 3191 1135 non
3226 1082 3276 1134 in
3333 1081 3575 1134 novitate
3617 1083 3679 1149 (ll)

2131 1173 2251 1224 vitae
2275 1170 2518 1232 ambulo,
2551 1179 2604 1223 et
2637 1179 2900 1225 vetustam
2937 1173 3191 1239 peccandi
3241 1171 3677 1225 consuetudinem

2129 1277 2233 1316 non
2261 1261 2433 1330 fugio,
2462 1264 2697 1316 nondum
2730 1261 2860 1316 mihi
2896 1262 3144 1317 Christus
3172 1263 3474 1317 resurrexit
3504 1280 3533 1314 a
3559 1279 3681 1316 mor-

2129 1354 2254 1409 tuis.
2292 1355 2372 1408 Ad
2397 1355 2540 1409 hunc
2572 1351 2751 1409 autem
2790 1369 3009 1408 sensum
3046 1356 3210 1409 etiam
3260 1370 3327 1409 ea
3364 1357 3681 1410 cenveniunt

2127 1466 2246 1520 qua}
2271 1459 2591 1520 sequuntur,
2615 1449 2827 1520 quando
2855 1449 2969 1503 ait:
3002 1468 3022 1501 ε
3053 1449 3193 1504 Dicit
3216 1450 3363 1503 enim
3393 1449 3679 1516 Scriptura,

2127 1542 2252 1608 quia
2289 1542 2468 1596 omnis
2496 1543 2588 1610 qui
2621 1542 2796 1597 credit
2824 1543 2876 1597 in
2912 1556 3061 1605 eum,
3112 1555 3220 1595 non
3266 1539 3554 1593 erubescet
3577 1542 3630 1594 υ.
3659 1560 3680 1591 ›

2127 1631 2242 1686 Hoc
2273 1644 2455 1686 autem
2486 1632 2626 1700 apud
2657 1630 2851 1688 Isaiam
2878 1634 3140 1700 scriptum
3169 1640 3273 1685 est.
3309 1631 3469 1696 Quod
3505 1631 3547 1683 si
3575 1645 3680 1681 otti-

2127 1719 2212 1772 nis
2250 1721 2341 1788 qui
2379 1721 2550 1775 credit
2599 1722 2653 1774 in
2706 1737 2850 1786 eum,
2905 1737 3015 1776 non
3061 1721 3389 1776 erubescet:
3423 1720 3682 1775 erubescit

2127 1821 2304 1867 autem
2345 1814 2524 1868 omnis
2568 1813 2661 1883 qui
2694 1822 2908 1882 peccat,
2943 1816 3082 1868 sicut
3124 1813 3294 1867 Adam
3341 1814 3607 1881 peccavit,
3638 1823 3684 1864 et

455 1908 580 1964 illos
611 1908 821 1962 medius
844 1915 928 1960 est
959 1905 1157 1975 quibus
1185 1903 1404 1958 dicebat
1430 1921 1445 1957 :
1485 1923 1504 1956 ε
1550 1903 1872 1975 Ubicunque
1903 1905 2020 1960 fue-
2054 1887 2098 1941 Β
2125 1905 2360 1969 erubuit,
2387 1913 2439 1960 et
2468 1905 2752 1960 abscondit
2790 1921 2850 1961 se
2875 1906 2916 1937 ¹³
2942 1923 2957 1958 :
2985 1907 3075 1976 qui
3121 1904 3300 1959 adhuc
3330 1908 3588 1960 ruborem
3617 1905 3683 1975 (ἐ)

454 2002 564 2056 rint
587 1999 895 2071 congregati
925 1999 1028 2052 duo
1059 1995 1144 2050 vel
1169 2003 1278 2050 tres
1304 1995 1357 2050 in
1383 1997 1603 2051 nomine
1637 2011 1777 2060 meo,
1802 1997 1871 2051 ibi
1901 2013 2017 2052 sum

455 2093 509 2147 in
532 2094 706 2146 medio
739 2106 924 2146 eorum
956 2090 1020 2142 ¹¹.
1059 2109 1077 2141 ι
1115 2088 1206 2143 Isti
1232 2090 1376 2142 enim
1413 2087 1816 2144 conﬁtebantur
1848 2090 1900 2143 in
1923 2106 2018 2147 ore

455 2199 553 2240 suo
601 2183 885 2238 Dominum
941 2181 1150 2245 Jesum,
1200 2189 1255 2234 et
1283 2179 1578 2234 credebant
1609 2180 1661 2234 in
1708 2181 1871 2236 corde
1922 2196 2019 2236 suo

453 2277 597 2347 quod
624 2276 761 2330 Deus
797 2275 944 2329 illum
987 2273 1268 2328 suscitavit
1298 2287 1329 2325 a
1362 2272 1612 2326 mortuis.
1643 2273 1896 2343 Alioquin
1924 2275 2020 2328 ah-

453 2365 676 2420 surdum
726 2363 939 2418 videtur
963 2362 1071 2432 (97)
1101 2363 1146 2415 si
1175 2371 1230 2415 et
1268 2360 1410 2414 inter
1441 2375 1536 2415 eos
1581 2362 1672 2431 qui
1704 2362 1758 2416 in
1799 2365 2020 2419 nomine

452 2457 569 2525 ejus
596 2464 1010 2527 congregantur,
1042 2454 1251 2508 medius
1284 2468 1402 2509 esse
1430 2454 1649 2518 dicitur,
1677 2463 1732 2508 et
1754 2453 1898 2509 inter
1927 2471 2020 2508 eos

453 2549 544 2620 qui
574 2564 694 2604 eum
720 2548 1007 2603 nesciunt:
1043 2545 1144 2600 nisi
1177 2545 1484 2640 huiusmodi
1514 2543 1822 2600 diﬁ‘erentia
1847 2554 2022 2600 tenea-

453 2651 566 2706 tur,
620 2637 762 2709 quod
822 2641 967 2694 inter
1017 2638 1330 2707 ignorantes
1349 2636 1418 2692 ’et
1446 2638 1682 2692 nondum
1733 2636 2016 2693 credentes

454 2731 814 2802 possibilitate
861 2731 1070 2786 medius
1103 2729 1328 2795 dicitur;
1375 2729 1518 2784 inter
1565 2728 1847 2784 credentes
1890 2743 2019 2784 vero

452 2826 710 2890 ellicacia,
746 2824 803 2879 id
836 2834 920 2878 est
958 2823 1034 2876 rei
1068 2823 1238 2892 ipsius
1259 2829 1314 2876 et
1349 2821 1530 2892 operis
1570 2819 1780 2876 eﬁ‘ectu.
1819 2819 2017 2876 Verum

451 2928 507 2972 et
557 2918 683 2972 illud
709 2916 939 2972 observa
965 2914 1107 2985 quod
1140 2915 1217 2968 ait
1249 2930 1263 2966 :
1305 2931 1324 2966 ς
1361 2912 1496 2980 Quia
1535 2914 1578 2967 si
1621 2913 1934 2969 conﬁtearis
1967 2914 2020 2967 itt

452 3024 548 3062 ore
577 3017 668 3062 tuo
692 3008 975 3061 Dominum
1001 3005 1206 3068 Jesum,
1235 3014 1292 3058 et
1326 3005 1620 3061 credideris
1649 3005 1703 3060 in
1732 3007 1894 3062 corde
1929 3014 2020 3060 ttto

455 3102 598 3169 quod
630 3101 771 3156 Deus
799 3101 945 3154 illum
974 3099 1257 3154 suscitavit
1290 3114 1319 3152 a
1353 3098 1604 3165 mortuis,
1625 3099 1806 3153 salvus
1831 3100 1960 3153 eris.
1996 3117 2014 3149 ι

2122 1999 2333 2065 peccati
2363 2000 2611 2063 incurrit,
2652 1999 2874 2054 credere
2897 2013 3002 2051 non
3037 1998 3269 2053 videtur.

2190 2091 2245 2145 5.
2271 2108 2288 2140 t
2307 2088 2421 2142 Non
2454 2090 2599 2142 enim
2633 2099 2716 2143 est
2745 2089 3021 2144 distinctio
3051 2087 3220 2142 Judaei
3242 2099 3297 2142 et
3325 2087 3531 2144 Graeci.
3555 2087 3681 2142 lder-

2121 2183 2264 2238 enim
2297 2185 2409 2253 ipse
2439 2183 2692 2237 Dominus
2711 2185 2950 2239 omnium
3002 2183 3101 2253 (5),
3129 2182 3277 2237 dives
3307 2182 3364 2235 in
3392 2197 3585 2236 omnes
3604 2185 3682 2251 qni

2123 2278 2375 2331 invocant
2403 2275 2574 2329 illunt.
2597 2273 2786 2330 Omnis
2811 2275 2954 2328 enim
2993 2274 3305 2343 quicunque
3356 2273 3683 2328 invocaverit

2123 2382 2318 2422 nomen
2376 2366 2608 2431 Domini,
2653 2367 2832 2421 salvus
2861 2366 2966 2420 erit
3005 2364 3068 2419 ⁸⁸.
3099 2384 3119 2417 ι
3156 2364 3444 2432 Quomodo
3477 2381 3581 2420 non
3625 2367 3684 2418 sit

2122 2461 2398 2516 distinctio
2428 2460 2480 2513 in
2519 2459 2624 2514 ﬁde
2649 2457 2818 2512 Judaei
2850 2466 2904 2512 et
2927 2457 3104 2512 Graeci
3141 2499 3156 2524 ,
3209 2472 3378 2528 supra
3421 2459 3542 2528 jam
3589 2457 3685 2511 ire-

2123 2563 2352 2624 qnenter
2377 2552 2730 2606 ostendimus.
2766 2549 2922 2616 Quod
2954 2559 3133 2603 autem
3162 2550 3301 2604 idem
3331 2549 3402 2604 sit
3438 2551 3686 2603 Dominus

2121 2647 2384 2708 omnium,
2422 2643 2714 2698 secundum
2751 2643 2865 2696 haec
2891 2642 3129 2711 accipies
3155 2656 3276 2710 quae
3315 2656 3498 2711 nuper
3527 2643 3688 2694 edidi-

2124 2753 2279 2803 mus;
2326 2737 2430 2791 hoc
2463 2744 2565 2800 est,
2597 2736 2641 2790 si
2677 2733 2893 2803 iustitia
2919 2734 3094 2796 nobis,
3126 2744 3181 2788 et
3209 2733 3687 2804 veritasmet

2122 2830 2500 2892 sanctiﬁcatio,
2539 2836 2594 2881 et
2625 2827 2913 2895 sapientia,
2939 2827 3080 2895 quod
3106 2833 3277 2880 totum
3311 2836 3402 2881 est
3449 2829 3688 2881 Christus

2123 2926 2403 2986 Dominus,
2425 2924 2749 2978 dominetur.
2770 2919 2896 2975 Haec
2921 2920 3063 2974 enim
3084 2929 3210 2973 sunt
3238 2919 3361 2986 ejus
3381 2919 3583 2972 divitia:
3599 2919 3683 2984 (ι),

2127 3028 2312 3088 utpote
2347 3037 2365 3068 ι
2408 3017 2460 3070 in
2494 3031 2601 3087 quo
2633 3013 2873 3069 thesauri
2902 3011 3182 3081 sapientia:
3214 3023 3270 3064 et
3294 3011 3550 3065 scientia:
3575 3025 3687 3064 sunt

2123 3109 2421 3165 absconditi
2456 3110 2519 3160 ¹⁵.
2557 3128 2576 3160 ι
2616 3107 2760 3173 Quas
2791 3114 2966 3159 tamen
2997 3103 3218 3157 divitias
3259 3118 3370 3156 non
3407 3103 3548 3157 dixit
3589 3103 3686 3154 lur-

457 3194 738 3299 Videbitur
785 3194 928 3299 (ξπ-ἰπὶ
954 3191 1292 3295 ,ιιιιῖυιξεάθιιξ
1325 3191 1592 3299 9.9".1100o
1607 3191 1759 3293 .‘lllia.
1803 3191 2016 3293 εξίδηιξί
2048 3241 2092 3299 C
2125 3205 2225 3276 giri
2249 3218 2372 3258 eum
2404 3200 2656 3256 omnibus
2678 3197 3013 3263 hominibus,
3047 3195 3141 3250 sed
3174 3196 3438 3250 omnibus
3467 3194 3688 3263 quicun-

455 3287 631 3342 desint
651 3285 810 3340 alicui
845 3283 967 3338 boni
996 3282 1174 3351 0peris
1204 3281 1484 3351 privilegia
1505 3321 1519 3345 ,
1549 3281 1760 3335 etiamsi
1797 3281 2016 3335 virtuti-

453 3379 555 3433 bus
583 3391 805 3446 operam
840 3390 944 3430 non
980 3373 1208 3435 dederit,
1239 3373 1342 3426 hoc
1374 3373 1490 3441 ipso
1527 3383 1704 3426 tamen
1729 3373 1872 3441 quod
1908 3387 2020 3427 cre-

455 3470 610 3536 didit,
634 3484 740 3523 non
776 3475 985 3537 pereat,
1013 3467 1106 3519 sed
1135 3465 1393 3529 salvetur,
1430 3473 1484 3518 et
1525 3465 1718 3520 habeat
1762 3465 2015 3523 salutem.

451 3562 668 3616 etiamsi
698 3556 1042 3613 beatitudinis
1064 3555 1286 3625 gloriam
1311 3555 1508 3609 habere
1526 3570 1629 3608 non
1660 3554 1858 3623 poterit
1883 3557 2015 3622 (98).

454 3656 560 3710 Sed
595 3653 716 3707 vide
750 3667 818 3706 ne
846 3649 1018 3718 magis
1048 3647 1176 3700 illud
1210 3646 1433 3717 intelligi
1466 3647 1694 3711 debeat,
1729 3650 1871 3716 quod
1923 3649 2013 3709 qui

453 3761 582 3801 vero
621 3754 674 3798 et
708 3761 814 3799 non
865 3743 1000 3798 falso
1029 3740 1315 3797 conﬁtetur
1345 3754 1439 3793 ore
1473 3738 1762 3794 Dominum
1808 3739 2017 3802 Jesum,

453 3850 507 3894 et
557 3840 716 3893 corde
759 3838 950 3902 credit,
1000 3835 1200 3904 pariter
1245 3833 1570 3889 conﬁteatur
1622 3847 1682 3887 se
1717 3833 2018 3888 dominanti

451 3932 748 4000 subjectum
779 3946 899 3985 esse
932 3929 1238 3998 sapientiae,
1277 3936 1330 3982 et
1369 3926 1619 3996 iustitiae,
1652 3933 1707 3981 et
1736 3927 2008 3988 veritatis,

451 4036 506 4081 et
535 4027 784 4080 omnibus
819 4040 935 4094 quae
985 4023 1233 4078 Christus
1263 4029 1349 4074 est
1382 4036 1396 4072 :
1434 4033 1531 4073 nec
1560 4019 1663 4074 sibi
1709 4018 1849 4072 ultra
1897 4033 2016 4072 esse

453 4120 724 4172 dominum
759 4132 1150 4178 mammonam,
1189 4116 1238 4170 id
1268 4123 1373 4181 est,
1404 4129 1579 4182 neque
1605 4111 1886 4166 avaritiam
1912 4111 2012 4164 sibi

453 4211 617 4271 ultra,
649 4225 822 4278 neque
849 4209 1190 4279 iniustitiam,
1228 4221 1401 4276 neque
1441 4203 1865 4273 impudicitiam,
1917 4217 2012 4255 ne-

449 4318 554 4370 que
577 4302 913 4356 mendacium
945 4300 1233 4356 dominari.
1267 4297 1443 4353 Semel
1470 4298 1617 4352 enim
1645 4295 1826 4351 Jesutn
1849 4294 2010 4347 Chri-

524 4443 565 4473 ¹⁰
587 4439 740 4495 Joan.
770 4438 913 4502 μεθ.
996 4440 1036 4470 ¹¹
1057 4438 1245 4493 Matth.
1301 4453 1459 4502 xvttt,
1483 4438 1577 4492 ‘20.

453 4513 496 4544 “‘
530 4513 805 4573 Coloss.tt,
827 4509 881 4565 ὅ.
960 4511 1003 4541 ¹⁶
1028 4509 1184 4563 Prov.
1215 4526 1252 4575 ι,
1281 4508 1372 4561 28.

520 4628 632 4695 (95)
673 4627 838 4680 Tunc.
865 4625 1023 4680 Deest
1051 4627 1105 4678 in
1130 4625 1310 4679 editis.

521 4693 634 4767 (96)
677 4697 878 4767 inquit.
914 4695 1335 4767 Desideraturin
1367 4693 1546 4767 editis.

519 4763 632 4836 (97)
683 4763 920 4819 Videtur.
949 4764 1228 4819 Omittitur
1258 4763 1310 4836 in
1338 4764 1516 4818 editis.

520 4833 630 4902 (98)
671 4837 832 4900 Editi,
875 4854 893 4886 ‹
920 4851 1026 4889 non
1064 4833 1315 4902 potuerit.
1355 4852 1373 4883 ι

521 4839 630 4971 (98)
671 4839 832 4900 Editi,
875 4854 893 4886 ‹
920 4851 1026 4889 non
1064 4839 1315 4902 potuerit.
1355 4852 1373 4883 ι
1987 4901 1989 4903 ι

521 4909 608 4975 (99
669 4907 832 4967 Editi,
866 4925 886 4958 t
931 4914 1138 4960 certum
1169 4912 1250 4975 est
1297 4903 1420 4970 quia
1463 4902 1745 4975 suscitavit
1769 4915 1909 4975 Clllll_
1939 4901 2005 4953 ad

444 4970 886 5043 justiﬁcationem
928 4976 1008 5029 sui
1057 4993 1075 5026 ι
1112 4973 1315 5027 omisso
1355 4990 1373 5022 ι
1415 4972 1606 5026 credit.
1647 4990 1664 5022 ι
1711 4970 1792 5043 ita
1840 4971 2002 5043 etiam

450 5047 728 5111 Rabanus,
783 5048 875 5116 qui
911 5045 1097 5116 habet
1128 5063 1146 5095 ‹
1187 5043 1359 5116 credit
1396 5061 1414 5094 ι
1450 5043 1502 5095 in
1552 5043 1674 5094 ﬁne.
1706 5040 1796 5116 Sic
1833 5042 1994 5116 etiam

450 5132 556 5169 ms.
591 5107 749 5178 unus,
779 5107 871 5184 qui
906 5115 1072 5169 habet
1106 5133 1125 5164 ‹
1162 5113 1342 5166 cordis
1376 5131 1394 5159 ι
1422 5126 1521 5184 pro
1555 5129 1573 5163 t
1609 5107 1800 5184 credit.
1847 5128 1864 5159 ι
1895 5111 1999 5184 Sed

451 5187 632 5240 caeteri
661 5180 869 5239 mssfut
895 5186 946 5238 in
986 5196 1176 5238 nostro
1198 5190 1369 5244 textu,
1415 5182 1514 5236 nisi
1556 5180 1700 5249 quod
1732 5194 1871 5233 unus
1908 5181 2003 5232 ha-

451 5257 575 5307 beat
613 5273 630 5305 t
662 5256 1010 5308 suscitantem
1051 5273 1072 5306 ι
1102 5268 1198 5320 pro
1227 5271 1245 5304 t
1282 5251 1623 5306 suscitatum.
1662 5268 1680 5301 ι

521 5325 598 5391 (1)
631 5325 706 5378 lta
730 5325 878 5381 editi.
917 5323 1022 5378 Sed
1045 5317 1232 5376 omnes
1270 5337 1397 5376 mss.
1434 5322 1602 5374 nostri
1635 5329 1689 5374 et
1722 5317 2000 5391 (Rabanus,

457 5389 595 5463 tlﬁgo
625 5395 670 5448 si
699 5408 799 5447 non
832 5395 883 5446 in
904 5393 1308 5450 novitatenetc.
1328 5391 1528 5463 Deinde
1553 5405 1680 5442 mss.
1700 5390 1807 5463 duo
1825 5389 2006 5463 etedi-

453 5464 511 5526 ti,
531 5457 912 5517 ietvetustatis
928 5463 1180 5530 peccandi
1195 5461 1655 5524 consuetudinem;
1673 5478 1689 5509 ι
1711 5461 1806 5512 sed
1824 5457 2005 5510 Raba-

448 5549 549 5586 nus
566 5542 619 5585 et
641 5549 742 5585 tns.
775 5548 914 5586 unus
940 5532 1138 5601 Regius
1155 5531 1455 5601 ttttttt.165_9
1469 5531 1593 5601 utin
1615 5541 1800 5601 nostro
1832 5536 2004 5601 textu.

521 5605 596 5672 (‘2!)
637 5601 738 5656 Ms.
777 5617 915 5656 unus
940 5595 1141 5670 Regius
1181 5617 1328 5654 nutn.
1365 5595 1536 5672 1659,
1561 5619 1577 5650 t
1613 5600 1703 5666 qui
1748 5601 1814 5651 ad
1865 5598 2008 5672 hunc

451 5667 726 5739 ruborem,
764 5689 782 5722 ι
831 5681 936 5726 etc.
973 5667 1245 5734 liahanus,
1275 5689 1292 5721 t
1336 5672 1429 5740 qui
1472 5670 1649 5724 adhuc
1689 5683 1816 5722 cum
1845 5667 2007 5722 rubo-

450 5758 560 5796 rem
587 5742 793 5812 peccati
824 5741 1130 5804 incurrerit,
1170 5760 1188 5791 ι
1220 5751 1325 5795 etc.

519 5806 601 5883 (ὅ)
640 5813 727 5883 Sic
753 5812 1197 5883 _mss._‘plerique
1220 5820 1274 5883 et
1317 5811 1468 5883 editi.
1504 5809 1600 5863 Ms.
1630 5823 1760 5883 vero
1802 5806 2003 5876 Regius

448 5879 596 5937 num.
634 5881 793 5948 1659,
838 5899 856 5933 t
908 5879 1041 5936 Nam
1070 5883 1210 5936 idem
1243 5881 1497 5934 Dominus
1539 5881 1802 5943 omnium,
1841 5899 1861 5931 ι
1891 5890 1998 5932 etc.

1656 4438 1698 4467 “
1723 4435 1877 4499 Rom,
1926 4449 1976 4497 x,
2031 4434 2130 4496 ll;
2182 4431 2289 4486 lsa.
2340 4445 2526 4494 xxvttt,
2585 4429 2671 4484 16.

2045 4663 2094 4720 D

2125 3311 2229 3364 que
2254 3291 2623 3348 invocaverint
2645 3303 2842 3344 nomen
2869 3287 3006 3358 ejus.
3057 3286 3162 3341 Sed
3191 3296 3245 3341 et
3273 3288 3324 3338 in
3356 3287 3465 3340 hoc
3507 3286 3690 3341 similis

2125 3385 2338 3439 videtur
2364 3383 2665 3452 quzestiout
2691 3381 2742 3435 in
2775 3379 3048 3450 prioribus
3077 3377 3304 3433 oboriri.
3331 3377 3531 3447 Neque
3557 3379 3686 3430 enim

2125 3491 2312 3530 omnes
2341 3476 2428 3544 qui
2461 3488 2676 3544 quoquo
2698 3471 2861 3526 modo
2889 3469 3262 3525 invocaverint
3292 3485 3499 3524 nomen
3528 3469 3688 3523 Domi-

2127 3569 2178 3622 ni
2205 3568 2284 3640 (5)
2308 3567 2440 3622 salvi
2469 3582 2590 3622 esse
2622 3574 2864 3634 possunt,
2902 3563 3112 3616 etiamsi
3148 3577 3255 3615 non
3275 3564 3502 3630 egerint
3538 3577 3686 3630 opera

2128 3661 2356 3715 invocati
2389 3659 2622 3712 nominis
2650 3657 2829 3726 digna,
2872 3656 3110 3710 maxime
3148 3669 3270 3706 cum
3312 3663 3370 3707 et
3423 3654 3685 3722 Sapientia

2126 3752 2217 3805 Dei
2249 3753 2301 3804 in
2335 3749 2642 3804 Proverbiis
2675 3749 2861 3802 dicat:
2901 3765 2918 3798 I
2952 3745 3071 3798 Erit
3111 3746 3256 3798 enim
3288 3760 3419 3798 cum
3476 3747 3684 3798 iuvera-

2123 3842 2314 3896 veritis
2337 3839 2413 3912 (6)
2445 3854 2530 3893 me
2557 3857 2572 3892 :
2611 3853 2710 3906 ego
2741 3847 2919 3891 autem
2964 3851 3072 3890 non
3107 3834 3397 3888 exaudiam
3447 3850 3548 3889 vos
3577 3836 3634 3887 ιδ.
3665 3853 3682 3881 ι

2122 3933 2180 3987 ln
2209 3947 2315 4002 quo
2349 3932 2558 3985 videtur
2587 3929 2714 3982 mihi
2747 3927 3020 3995 Sapientia
3047 3925 3320 3980 cohortari
3355 3924 3437 3995 (7)
3475 3934 3534 3978 et
3577 3939 3687 3993 per-

2124 4041 2317 4096 urgere
2361 4039 2455 4080 eos
2496 4025 2589 4092 qui
2630 4021 2832 4076 salvari
2873 4020 3081 4085 volunt,
3119 4027 3178 4071 ut
3229 4018 3397 4072 citius
3441 4017 3688 4071 invocent

2127 4119 2480 4187 Sapientiam,
2531 4129 2630 4170 nec
2682 4120 2981 4173 morentur,
3039 4124 3212 4179 neque
3269 4106 3584 4163 diﬂ‘erant:
3629 4122 3687 4159 ne

2124 4209 2267 4264 forte
2294 4223 2414 4263 cum
2447 4215 2706 4261 statutum
2736 4215 2944 4274 tempus
2972 4201 3304 4266 excesserit,
3346 4202 3457 4255 hoc
3482 4211 3597 4261 est,
3639 4202 3683 4251 in

2124 4317 2232 4372 quo
2257 4301 2334 4372 (8)
2366 4297 2661 4370 ptenitendi
2689 4296 2918 4350 facultas
2941 4302 3044 4360 est,
3080 4293 3234 4348 tarde
3264 4301 3392 4362 post
3452 4295 3572 4346 haec
3613 4293 3686 4342 in-

2750 4428 2794 4460 "
2815 4426 3054 4491 Gen.ttt,
3091 4425 3141 4479 8.
3223 4427 3267 4456 "
3298 4425 3464 4479 Rotn.
3507 4440 3562 4484 x.
3609 4424 3685 4477 l2.

2123 4619 2350 4679 Deinde,
2379 4637 2397 4670 t
2432 4618 2710 4680 Quomodo
2739 4632 2843 4670 non
2880 4623 2961 4669 est
2989 4614 3284 4677 distinctio,
3331 4632 3348 4664 ι
3384 4622 3502 4667 etc.

2193 4689 2268 4758 (4)
2309 4690 2406 4744 Ms.
2436 4688 2643 4756 Regius
2691 4704 2837 4758 nutu.
2879 4686 3032 4758 1659,
3068 4703 3087 4735 (
3119 4684 3209 4738 Ηίε
3236 4687 3384 4758 enim
3419 4693 3555 4758 s_ttn_t
3581 4681 3686 4748 eius

2120 4753 2340 4813 divit'ite.
2378 4779 2397 4810 ›
2433 4753 2560 4813 Mss.
2597 4757 2814 4827 quidam
2847 4757 3101 4810 omittunt
3127 4772 3144 4805 ι
3179 4757 3344 4808 enim.
3380 4773 3401 4804 ι
3439 4753 3688 4806 Rabanus

2119 4829 2320 4896 omittit
2347 4846 2365 4878 t
2391 4829 2525 4896 ejus.
2565 4847 2582 4878 ι

2185 4895 2264 4968 (5)
2300 4894 2463 4962 Editi,
2500 4917 2519 4948 ι
2559 4896 2740 4964 Neque
2772 4894 2916 4949 enim
2952 4908 3144 4950 omnes
3175 4894 3500 4964 quicunque
3545 4894 3687 4946 invo-

2119 4969 2365 5022 caverint
2395 4981 2590 5021 nomen
2617 4968 2756 5033 ejus.
2795 4983 2814 5017 ι

2189 5036 2264 5108 (6)
2307 5037 2471 5101 Editi,
2509 5054 2528 5086 ε
2565 5032 2678 5090 Erit
2703 5036 2845 5091 enim
2881 5043 3092 5108 tempus
3119 5051 3240 5089 cum
3281 5032 3638 5094 invocabitis,
3667 5050 3684 5080 ν

2116 5106 2220 5160 etc.
2244 5106 2350 5162 Sed
2367 5121 2554 5161 omnes
2577 5106 2897 5161 mss.nostri
2942 5107 3202 5159 omittunt
3234 5122 3253 5155 t
3287 5115 3549 5172 tempus;
3597 5122 3614 5153 ι
3638 5111 3688 5153 et

2114 5177 2251 5229 alius
2280 5176 2442 5230 habet
2471 5195 2490 5227 ι
2512 5177 2806 5240 invocetis;
2831 5173 2942 5228 talii
2963 5190 3089 5230 vero
3106 5174 3365 5230 omittunt
3387 5191 3408 5223 ι
3450 5184 3680 5226 attteth

2185 5245 2262 5319 (7)
2302 5247 2466 5310 Editi,
2506 5265 2524 5297 ι
2558 5246 2847 5319 coarctari,
2883 5265 2901 5296 ι
2936 5245 3091 5309 alias,
3127 5263 3145 5296 ι
3175 5255 3491 5300 coarctare.
3528 5261 3548 5293 ι
3592 5243 3688 5295 Sed

2117 5317 2304 5370 omnes
2334 5331 2465 5370 mss.
2506 5317 2634 5369 utin
2673 5325 2860 5369 nostro
2885 5323 3054 5368 textu.

2173 5387 2264 5457 (8)
2306 5386 2467 5451 Editi,
2497 5404 2514 5436 t
2545 5385 2628 5438 Ne.
2645 5385 2782 5440 forte
2808 5399 2929 5457 cum
2971 5393 3230 5439 statutum
3263 5391 3685 5457 t_en1pus_ac_ce-

2113 5452 2422 5527 ptahileque
2493 5457 2834 5527 praeterierit,
2903 5455 2954 5508 in
3018 5468 3146 5524 quo.
3181 5471 3200 5505 ι
3253 5453 3438 5506 Codex
3498 5452 3684 5527 Vallis-

2113 5523 2306 5590 Clarte,
2335 5523 2364 5578 ἶ
2403 5541 2468 5581 ne
2491 5523 2631 5581 forte
2661 5542 2782 5580 cum
2810 5523 3070 5579 statutum
3107 5537 3320 5591 tempus
3344 5523 3685 5577 excesserint

2115 5599 2240 5661 hoc,
2276 5598 2327 5651 in
2358 5597 2488 5666 quo.
2523 5615 2542 5649 ›
2586 5595 2688 5650 Sed
2724 5595 2904 5649 caeteri
2935 5610 3068 5648 mss.
3121 5603 3181 5646 ttt
3205 5595 3683 5666 in‘nostro‘textu.

2116 5659 2396 5737 nisi-quod
2429 5668 2534 5721 duo
2565 5667 2821 5721 omittant
2847 5681 2866 5714 t
2899 5674 2984 5719 est
3012 5683 3031 5716 ι
3063 5672 3185 5732 post
3213 5680 3232 5713 ι
3265 5662 3371 5716 hoc
3410 5681 3460 5714 ι.
3495 5659 3686 5737 Deinde

2114 5731 2286 5802 editi,"
2307 5758 2324 5787 ι
2361 5737 2510 5791 tarde
2535 5738 2589 5790 lti
2621 5745 2741 5804 post
2773 5737 2924 5799 hate;
2957 5751 2976 5785 ι
3003 5731 3267 5804 θῐροειοςι
3288 5746 3435 5804 mss.
3469 5731 3681 5804 quidam

2113 5818 2167 5860 et
2196 5799 2344 5870 editi,
2395 5824 2412 5855 ι
2453 5817 2508 5858 et
2542 5799 2666 5860 tunc
2696 5805 2824 5859 dicit
2853 5805 2978 5874 quia
3007 5799 3350 5874 inv'ocahitis,
3396 5820 3417 5852 ι
3444 5813 3561 5874 etc.
3591 5799 3683 5851 Sed

2114 5891 2215 5932 ms.
2248 5876 2446 5944 Regius
2477 5892 2626 5931 num.
2655 5874 2814 5943 1659,
2853 5871 3071 5940 rectius,
3107 5892 3125 5925 ς
3165 5883 3217 5928 et
3241 5871 3367 5925 hinc
3395 5872 3558 5925 dicit.
3597 5886 3618 5920 ι
