3768 6542
69 440 178 495 H65

932 434 1291 493 COMMENT.
1334 434 1401 489 IN
1442 434 1667 492 EPIST.
1705 434 1796 489 AD
1832 432 2003 491 ROH.
2046 434 2175 492 LIB.
2216 433 2349 490 VIII.

3108 440 3249 503 1166

67 566 221 614 vocent
245 556 330 612 ubi
359 556 692 625 paenitentia:
722 555 872 609 locus
895 570 1001 611 non
1056 568 1162 612 est.
1196 558 1265 612 Et
1292 557 1420 612 hinc
1449 556 1584 612 dicit
1610 564 1659 618 Α
1683 571 1780 612 eos
1808 559 1876 622 ",
1907 577 1926 609 ι
1961 558 2082 613 sine
2109 558 2276 612 duhin
2325 557 2599 613 Christum
2627 557 2818 612 Jesum
2851 559 3146 614 Dominum
3171 562 3260 615 in-

66 650 159 717 quia
188 664 206 698 t
237 644 559 700 invocabitis
597 660 702 711 tne,
733 655 787 697 ct
824 658 924 713 ego
954 660 1061 699 non
1090 646 1373 700 exaudiam
1409 659 1528 701 vos.
1562 664 1583 698 ι

68 742 220 795 Sermo
263 748 438 791 tamen
503 736 595 792 hic
635 750 798 805 quem
832 736 984 805 pottit
1026 734 1335 805 Apostolus,
1370 734 1423 790 id
1447 744 1534 792 est
1570 752 1587 791 :

72 832 396 899 «Quicunque
455 830 794 884 invocaverit
838 842 1033 882 nomen
1091 828 1302 883 Domini
1333 868 1350 892 ,
1405 827 1588 884 salvus

66 926 191 986 θήῃ,
216 923 348 990 apud
377 919 493 975 Joel
527 922 845 990 prophetam
882 920 984 973 hoc
1016 921 1176 975 modo
1214 920 1450 985 scriptus
1466 930 1587 975 est:

69 1016 157 1070 σει
185 1015 312 1068 dabo
361 1014 606 1084 prodigia
653 1013 704 1066 in
751 1012 892 1068 ctelo
937 1027 1188 1076 sursum,
1244 1022 1298 1067 et
1340 1014 1392 1067 in
1442 1021 1587 1067 terra

70 1108 299 1167 deorsum,
324 1102 678 1175 sanguinem,
713 1115 768 1157 et
797 1103 1010 1171 ignem,
1048 1113 1105 1157 et
1132 1117 1388 1172 vaporem
1430 1103 1584 1159 fumi.

71 1195 139 1247 Sol
157 1202 485 1248 convertetur
527 1192 582 1247 in
640 1194 910 1256 tenebras,
938 1192 1131 1248 etluna
1168 1192 1221 1246 in
1247 1194 1587 1259 sanguinem,

69 1286 183 1354 prius
204 1300 357 1354 quam
375 1284 562 1337 veniat
578 1284 695 1338 dies
717 1284 928 1337 Domini
958 1299 1183 1354 magnus
1204 1295 1255 1338 et
1272 1284 1581 1351 nobilis(9).

71 1375 255 1429 ilterit:
278 1373 601 1442 Quicunque
631 1374 966 1428 invocaverit
1005 1389 1199 1428 nomen
1230 1375 1462 1439 Domini,
1480 1375 1588 1428 sal-

68 1485 138 1523 vus
161 1470 256 1521 erit
282 1468 345 1522 ”.
376 1486 399 1518 ι
435 1467 665 1521 Videtur
693 1476 872 1521 tamen
913 1465 1044 1520 mihi
1067 1465 1277 1535 grande
1298 1466 1502 1535 aliquid
1528 1466 1583 1520 in

69 1558 318 1628 Scripturis
343 1558 550 1612 divinis
581 1559 683 1612 sub
713 1558 817 1612 hoc
842 1557 1204 1613 invocationis
1244 1558 1463 1612 nomine
1493 1560 1586 1610 de-

65 1651 245 1719 signari.
266 1648 380 1705 Non
405 1652 552 1706 enim
584 1649 697 1721 (t0)
723 1652 790 1705 de
813 1648 1278 1720 qualibuscunque
1303 1650 1457 1713 viris,
1484 1650 1584 1704 sed

64 1744 113 1796 de
129 1742 414 1809 ingentibus
440 1753 494 1797 et
524 1742 817 1811 praecipuis
839 1741 1096 1797 scribitur
1115 1741 1243 1811 quia
1264 1759 1283 1792 ο
1312 1740 1455 1794 Enos
1476 1741 1586 1809 pri-

68 1847 155 1885 tuus
181 1832 413 1897 speravit
461 1830 575 1901 (tt)
606 1830 862 1885 invocare
886 1845 1087 1885 nomen
1121 1830 1331 1885 Domini
1363 1829 1442 1895 “‘;
1475 1849 1496 1883 ι
1529 1839 1585 1885 et

64 1924 105 1974 in
126 1923 331 1978 Psalmis
358 1939 372 1975 :
397 1941 418 1975 ι
450 1923 659 1994 Moyses
682 1930 738 1978 et
756 1925 938 1977 Aaron
968 1922 1023 1976 in
1060 1923 1427 1978 sacerdotibus
1447 1923 1585 1992 ejus,
1614 1906 1659 1961 Β

63 2025 104 2067 et
124 2013 318 2070 Samuel
351 2016 408 2069 in
442 2016 530 2069 his
560 2016 650 2084 qui
682 2016 935 2069 invocant
970 2030 1167 2069 nomen
1195 2016 1332 2085 ejus.
1361 2015 1585 2071 invoca-

67 2105 163 2158 bant
187 2106 493 2170 Dominum,
520 2119 576 2161 et
608 2109 721 2177 ipse
752 2106 1077 2162 exaudiebat
1102 2123 1229 2163 eos:
1260 2110 1311 2161 in
1335 2109 1586 2165 columna

64 2196 186 2251 nubis
208 2195 537 2265 loquebatur
562 2197 629 2249 ad
658 2210 752 2249 eos
782 2193 845 2245 ¹⁹.
885 2212 907 2244 ι

114 2284 157 2338 5.
188 2303 207 2337 ι
228 2284 512 2350 Quomodo
539 2300 669 2354 ergo
692 2286 1044 2348 invocabunt,
1082 2286 1133 2338 in
1157 2302 1316 2355 quem
1342 2303 1444 2342 non
1469 2304 1589 2343 cre-v

65 2375 305 2430 diderunt‘.’
340 2377 457 2431 Aut
504 2376 779 2445 quomodo
808 2379 1029 2430 credent
1050 2378 1131 2439 ei,
1172 2392 1331 2445 quem
1361 2394 1465 2433 non
1490 2396 1587 2433 au-

70 2468 278 2521 dierunt?
299 2467 587 2534 Quomodo
616 2476 793 2520 autem
825 2467 1044 2521 audient
1075 2470 1195 2521 sine
1226 2469 1589 2537 praedicante?

69 2558 298 2621 Quomodo
340 2571 478 2612 vero
524 2556 899 2627 prmdicabuut
944 2557 1048 2611 nisi
1085 2559 1402 2613 mittantur?
1437 2558 1591 2615 Sicut

68 2651 282 2715 scriptum
313 2660 402 2705 est
426 2665 446 2707 ι
477 2650 648 2717 Quam
665 2651 892 2721 speciosi
914 2650 1078 2721 pedes
1100 2650 1585 2721 evangelizantium

62 2732 166 2786 bona
187 2737 227 2766 ὀ
254 2738 400 2806 (12)!
442 2759 460 2789 ι
496 2740 775 2803 manifeste
797 2743 850 2797 in
877 2744 961 2805 his
989 2760 1089 2815 per
1119 2746 1222 2803 hoc
1245 2747 1389 2816 quod
1419 2747 1587 2802 dicit:

66 2846 77 2873 ι
102 2825 353 2889 Quomodo
379 2846 516 2900 ergo
543 2832 894 2896 invocabunt,
926 2835 984 2890 in
1014 2852 1174 2904 quem
1201 2853 1311 2891 non
1344 2839 1590 2895 credide-

63 2917 181 2969 runt?
212 2938 228 2968 ι
260 2919 392 2977 illud
426 2922 573 2992 quod
602 2924 849 2993 superius
886 2927 1067 2994 posuit
1105 2927 1171 2982 de
1205 2930 1467 2998 propheta
1501 2930 1589 2984 di-

58 3018 197 3072 ctum,
223 3013 345 3080 quia
387 3033 407 3064 ι
449 3014 628 3067 omnis
672 3015 981 3086 quicunque
1029 3018 1361 3074 invocaverit
1389 3036 1589 3075 nomen

60 3095 253 3166 Domini,
283 3105 473 3159 salvus
514 3106 647 3169 erit,
686 3126 703 3158 ι
738 3109 805 3162 ad
846 3108 1122 3165 Christum
1161 3112 1451 3171 Dominum
1490 3113 1591 3172 do.-

64 3192 147 3243 cuit
190 3192 558 3252 referendum.
612 3196 903 3267 Postquam
944 3197 1087 3251 enim
1128 3197 1307 3251 dixit:
1344 3217 1362 3249 ι
1396 3200 1582 3255 Omnis

64 3283 323 3355 quicunque
388 3289 732 3343 invocaverit
798 3304 991 3344 nomen
1067 3289 1322 3354 Domini,
1406 3293 1585 3348 salvus

60 3372 138 3426 erit
160 3373 282 3444 (15),
306 3395 326 3429 ι
349 3376 677 3446 subiungit:
712 3397 732 3430 ι
768 3380 1048 3445 Quomodo
1082 3395 1213 3449 ergo
1239 3380 1586 3446 invocabuut,

63 3463 100 3513 iu
121 3479 260 3531 quem
284 3484 396 3523 non
429 3470 818 3525 crediderunt?
845 3489 864 3523 ι
887 3471 1103 3529 Christo
1119 3472 1260 3526 enim
1288 3471 1454 3528 Judaei
1481 3488 1585 3526 non

62 3556 386 3624 crediderunt,
421 3570 480 3614 et
510 3560 629 3614 ideo
660 3577 759 3615 nec
781 3561 1037 3621 invocant
1062 3578 1182 3616 eum
1214 3563 1299 3619 cui
1332 3578 1434 3616 non
1462 3578 1584 3621 cere,-

61 3644 292 3702 ditlerunt.
324 3649 443 3705 Sed
472 3661 528 3705 et
558 3649 612 3703 itt
647 3652 912 3721 principio
939 3652 1186 3719 Epistolte
1212 3668 1371 3720 quam
1395 3653 1457 3705 ad
1483 3651 1580 3706 Co-

64 3739 252 3797 rinthios
283 3743 512 3807 scribit,
545 3744 631 3798 ubi
674 3746 808 3800 dicit
841 3766 853 3800 :
889 3765 907 3796 ι
936 3746 1071 3799 Cum
1094 3745 1348 3798 omnibus
1378 3745 1469 3813 qui
1504 3745 1585 3797 in-

60 3840 214 3884 tocaut
229 3848 433 3892 nomen
452 3832 661 3893 Domini
684 3836 852 3891 nostri
878 3835 988 3906 (11)
1007 3835 1132 3893 Jesu
1150 3836 1346 3891 Christi
1369 3836 1419 3886 in
1435 3834 1583 3887 omni

61 3920 149 3978 loco
181 3929 423 3998 ipsorum
454 3938 509 3985 et
535 3940 719 3985 nostro
742 3931 811 3993 “,
854 3950 873 3982 ι
906 3946 1028 3984 eum
1057 3929 1212 3996 cujus
1262 3942 1456 3982 nomen
1490 3927 1570 3983 iu-

61 4029 264 4084 Vocatur,
317 4022 611 4077 Dominum
639 4021 819 4079 Jesum
854 4024 1126 4077 Christum
1158 4022 1266 4091 (15)
1295 4035 1415 4075 esse
1457 4034 1580 4089 pro-

64 4112 249 4168 mmtiat.
294 4113 354 4169 Si
390 4129 526 4182 ergo
551 4124 606 4171 et
627 4116 793 4180 Eoos,
826 4124 881 4171 et
927 4114 1158 4185 Moyses,
1190 4125 1244 4171 et
1279 4114 1482 4178 Aaron.
1529 4121 1585 4169 cl

61 4199 237 4255 Samuel
268 4222 289 4255 ι
321 4205 657 4261 invocabant
692 4206 996 4271 Dominum,
1041 4218 1095 4260 et
1118 4209 1229 4273 ipse
1262 4203 1587 4258 exaudiebat

111 4334 287 4392 "Joel.
316 4355 379 4403 ll,
407 4339 507 4395 30-
530 4340 618 4395 δί.
695 4342 737 4373 ³⁸
763 4341 896 4399 Gen.
924 4356 1000 4402 tv,
1028 4340 1117 4396 2:6.
1178 4341 1222 4374 δ’
1246 4339 1387 4395 Psal.
1429 4349 1609 4400 xcvtu,
1636 4334 1689 4385 6.

903 4412 988 4465 “l
1020 4411 1144 4466 Cor.
1170 4427 1208 4475 l,
1240 4410 1295 4464 2.
1369 4410 1413 4441 ⁸³
1433 4408 1565 4463 ibid.

1694 4410 1711 4429 ⁶
1739 4406 1897 4460 Rom.
1928 4423 1982 4469 ι,
2016 4407 2104 4460 14.
2180 4409 2226 4439 ³⁸
2256 4402 2419 4461 Hebr.
2448 4423 2545 4471 λιι,
2570 4408 2660 4460 25.
2737 4410 2779 4439 ²⁷
2807 4409 3006 4478 Ephes.
3039 4424 3129 4474 xv,
3150 4409 3242 4469 Ξῖ,

59 4415 206 4470 ιενιιι,
230 4410 283 4462 6.
365 4412 415 4444 ³³
436 4410 593 4471 Joan.
627 4427 681 4475 v,
707 4411 797 4466 25.

1690 652 1989 705 vocabant:
2020 660 2075 705 et
2106 650 2153 704 si
2198 650 2459 704 invocare
2486 664 2680 703 nomen
2720 650 2958 713 Domini,
3001 659 3055 704 et
3097 666 3258 706 orare

1694 742 2003 807 Dominum,
2032 758 2199 796 unum
2232 750 2397 809 atque
2429 741 2571 797 idem
2602 752 2724 807 est;
2779 742 2922 798 sicut
2975 743 3258 798 invocatur

1692 832 1852 898 Deus,
1870 831 2210 885 invocandus
2231 841 2316 885 est
2337 829 2621 895 Christus;
2644 840 2702 887 et
2715 831 2855 886 sicut
2881 843 3072 890 oratur
3096 834 3258 899 Deus,

1691 924 1761 976 ita
1786 932 1842 975 et
1869 923 2109 977 orandus
2141 934 2226 976 est
2262 922 2554 985 Christus;
2586 932 2640 976 et
2662 921 3119 981 sicut‘otl‘erimus
3144 924 3256 995 (i6)

1691 1013 1801 1066 Deo
1829 1011 1979 1067 Patri
2026 1012 2202 1082 primo
2236 1012 2480 1066 omnium
2507 1014 2802 1078 orationes,
2844 1016 2918 1069 ita
2947 1026 3002 1071 et
3030 1016 3258 1073 Domino

1686 1100 1815 1157 Iesu
1846 1102 2093 1166 Christo;
2131 1110 2187 1156 et
2216 1103 2360 1157 sicut
2404 1100 2681 1157 oﬂerimus
2716 1105 3108 1173 postulationes
3155 1105 3256 1160 Pa-

1692 1193 1784 1249 tri.
1812 1194 1886 1249 ita
1917 1192 2202 1248 offerimus
2247 1194 2648 1264 postulationes
2698 1205 2753 1248 et
2786 1194 2959 1260 Filio;
3014 1204 3070 1251 et
3112 1197 3258 1259 sicut

1688 1283 1966 1340 oﬂ‘erimus
1992 1285 2296 1353 gratiarum
2344 1285 2587 1340 actiones
2629 1286 2771 1348 Deo,
2825 1286 2897 1340 ita
2946 1296 3004 1341 et
3050 1288 3257 1355 gratias

1687 1374 1968 1428 oﬂ'erimus
2007 1375 2299 1430 Salvatori.
2343 1375 2518 1434 Unum
2553 1392 2783 1453 namque
2825 1380 3042 1446 utrique
3079 1378 3253 1434 hono-

1690 1481 1803 1520 rem
1835 1466 2208 1530 deferendum,
2258 1467 2311 1519 id
2360 1477 2445 1522 est
2506 1467 2675 1530 Patri,
2723 1478 2778 1522 et
2834 1468 2987 1532 Filio,
3040 1471 3254 1529 divinus

1687 1556 1877 1613 edocet
1910 1570 2087 1611 sermo
2121 1572 2245 1610 cum
2271 1558 2397 1612 dicit
2434 1576 2445 1611 :
2476 1577 2503 1609 ιι
2543 1558 2822 1617 Utomues
2853 1559 2963 1628 (17)
2994 1561 3254 1617 ΙΙΟΙΙΟΓῘίῘτ

1686 1657 1811 1701 cent
1849 1646 2074 1710 Filium,
2127 1649 2269 1704 sicut
2298 1649 2663 1707 bonorilicant
2706 1650 2922 1707 Patrem
2948 1652 3014 1705 ".
3051 1671 3070 1703 ι
3099 1652 3252 1718 Quod

1687 1738 1848 1792 modo
1877 1738 1989 1808 (t8)
2023 1750 2206 1792 autem
2232 1738 2300 1793 de
2332 1738 2570 1805 Epistola
2612 1740 2679 1792 ad
2712 1739 3026 1805 Corinthios
3057 1756 3251 1812 propo-

1689 1828 1920 1891 suimus,
1942 1829 2030 1882 ubi
2049 1828 2339 1896 Apostolus
2373 1829 2548 1898 primo
2577 1829 2792 1898 quidem
2828 1829 2987 1884 dicit:
3017 1848 3036 1881 r
3066 1830 3252 1885 Ecclr.

1688 1919 1781 1974 siae
1824 1918 1941 1982 Dei,
1973 1935 2091 1986 qua'
2135 1927 2219 1977 est
2246 1920 2513 1984 Corinthi,
2556 1922 2909 1977 sanctiﬁcatis
2945 1922 2995 1976 in
3032 1922 3253 1980 Christo

1686 2009 1837 2074 Jesu,
1864 2014 2071 2067 vocatis
2103 2014 2385 2078 sanctis“,
2426 2032 2445 2067 ι
2473 2021 2530 2068 et
2562 2023 2680 2082 post
2703 2013 3007 2083 litec,quasi
3028 2015 3252 2072 alterius

1688 2100 1889 2170 gradus
1937 2111 1994 2155 et
2033 2103 2258 2156 alterius
2300 2104 2508 2159 ordinis
2538 2104 2646 2159 sint
2671 2104 2811 2175 (t9),
2867 2105 3254 2177 itasnbjungit

1687 2193 1976 2262 quosdam,
2023 2192 2089 2247 de
2139 2195 2334 2263 quibus
2369 2196 2539 2250 dicit:
2590 2214 2609 2247 t
2642 2196 2775 2251 Cum
2832 2198 3105 2253 universis
3158 2201 3252 2268 qui

1688 2282 1942 2337 invocant
1985 2298 2182 2337 nomen
2242 2284 2456 2339 Domini
2492 2286 2671 2341 nostri
2724 2286 2835 2356 (ἓο)
2871 2282 2998 2347 Jesu
3048 2288 3252 2345 Christi

1689 2373 1744 2426 in
1804 2374 1948 2429 omni
1994 2373 2112 2429 loco
2156 2374 2397 2443 ipsormn
2452 2386 2507 2431 et
2543 2387 2727 2435 nostro
2757 2380 2804 2411 "
2848 2397 2860 2432 :
2914 2399 2932 2431 ι
2980 2380 3252 2437 videbitur

1688 2464 1939 2520 fortassis
1987 2466 2188 2521 habere
2242 2467 2443 2536 aliquid
2504 2468 2869 2539 diti'ereutite,
2925 2474 3071 2543 quod
3129 2473 3250 2531 illos

1688 2556 1905 2624 quidem
1954 2556 2249 2611 Ecclesium
2306 2558 2398 2612 Dei
2455 2561 2720 2626 nominat,
2764 2572 2819 2615 et
2860 2562 3229 2619 sanctiﬁcatos

1688 2654 1742 2697 et
1796 2656 2015 2699 vocatos
2064 2658 2278 2701 sanctos
2316 2664 2330 2701 :
2365 2649 2495 2701 istos
2554 2659 2732 2704 autem
2785 2660 3040 2723 tantum,
3100 2670 3119 2704 ι
3154 2656 3246 2722 q-ti

1686 2734 1847 2813 625
1881 2737 2132 2791 invocant
2163 2753 2357 2792 nomen
2391 2740 2601 2803 Domini
2630 2743 2798 2794 nostri
2829 2742 2953 2797 Jesu
2984 2744 3245 2815 Christi...

1687 2826 1754 2882 Et
1787 2827 1911 2881 vide
1937 2842 2005 2882 ne
2035 2827 2175 2882 forte
2218 2830 2318 2882 ista
2363 2829 2653 2885 diversitas
2687 2832 2792 2885 tale
2820 2833 3022 2901 aliquid
3061 2845 3251 2894 osten-

1690 2920 1799 2981 dat,
1831 2918 1991 2989 quale
2018 2930 2074 2974 et
2109 2935 2346 2988 przesens
2376 2923 2587 2975 videtur
2612 2922 2809 2980 habere
2841 2926 3158 2995 capitulum,
3194 2930 3248 2983 in

1689 3027 1794 3079 quo
1821 3012 1978 3075 docet
2023 3028 2131 3067 non
2178 3029 2336 3085 posse
2369 3013 2607 3068 invocari
2633 3014 2744 3086 (2i)
2777 3031 2971 3069 nomen
3015 3016 3247 3076 Domini,

1689 3102 1789 3153 nisi
1816 3102 1966 3170 prius
1992 3103 2239 3157 credatur
2265 3104 2314 3157 in
2350 3103 2620 3160 Christum
2646 3104 2734 3160 η’.
2755 3106 2889 3162 Cum
2918 3115 3093 3162 autem
3114 3125 3237 3178 (ει-εν

1690 3189 1887 3247 diderit
1915 3192 2035 3260 quis
2064 3189 2282 3247 Christo
2308 3231 2323 3256 ,
2353 3195 2564 3249 etiamsi
2617 3197 2850 3250 nondum
2879 3198 3247 3264 sanctiﬁcatus

1689 3282 1781 3345 sit,
1814 3291 1868 3335 et
1894 3283 2148 3337 Ecclesia:
2178 3284 2386 3352 corpori
2416 3285 2669 3350 sociatus,
2706 3299 2882 3343 tamen
2919 3303 3140 3345 necesse
3163 3303 3247 3361 est

1685 3374 1868 3450 ut‘jam
1904 3376 2115 3429 invocet
2144 3391 2267 3433 .cutn
2297 3376 2383 3429 cui
2414 3377 2664 3434 credidit.
2707 3376 2952 3437 Christus
2980 3383 3124 3436 enim
3156 3399 3247 3436 re.

1684 3468 1764 3519 nit
1795 3466 2051 3521 mundum
2082 3467 2434 3523 reconciliare
2475 3469 2605 3532 Deo,
2639 3480 2693 3523 et
2722 3473 3003 3527 credentes
3033 3473 3134 3528 sibi
3160 3475 3245 3527 of-

1681 3556 1828 3613 ferre
1860 3560 2029 3617 Patri.
2070 3560 2215 3635 Quos
2250 3574 2427 3616 autem
2461 3562 2614 3627 oil'ert
2648 3564 2836 3639 Patri,
2867 3568 3098 3637 Spiritus
3122 3585 3249 3625 sau-

1681 3662 1802 3705 ctus
1844 3653 2089 3722 suscipit,
2139 3664 2196 3707 ut
2239 3655 2539 3709 sanctificat
2565 3670 2680 3720 eos,
2714 3669 2769 3715 et
2799 3669 3051 3730 tanquam
3083 3661 3248 3717 οωιυ.

1690 3743 1787 3797 stis
1810 3742 1923 3814 (9.2)
1952 3744 2199 3799 Ecclesia:
2227 3748 2615 3815 primitivorum
2644 3749 2689 3779 “
2721 3752 2959 3814 membra
2983 3753 3244 3819 viviiicet,

1688 3845 1849 3903 atque
1891 3835 1943 3887 in
1976 3835 2299 3889 soliditatem
2335 3838 2496 3891 totius
2540 3840 2788 3905 corporis
2829 3841 3243 3908 perfectionem-

1692 3942 1796 3997 que
1848 3927 2133 3989 restituat,
2165 3935 2219 3991 et
2246 3927 2314 3979 ita
2343 3929 2554 3982 demum
2601 3929 2845 3991 Ecclesia
2881 3931 2973 3985 Dei
3010 3948 3115 3986 non
3144 3932 3243 3987 ha-

1691 4019 1823 4073 bens
1872 4019 2131 4072 maculam
2168 4032 2341 4087 neque
2386 4034 2568 4088 rugam
2597 4020 2639 4049 ’⁷
2670 4017 2783 4091 (:23)
2831 4022 3085 4091 appellati
3133 4038 3246 4077 nte-

1692 4121 1931 4165 reantur.
1969 4110 2123 4165 Prius
2155 4127 2287 4183 ergo
2320 4128 2480 4181 quam
2512 4114 2580 4166 ad
2609 4116 2829 4181 gradum
2863 4115 3018 4170 istius
3065 4117 3243 4185 perfe-

1692 4200 1885 4257 ctionis
1931 4208 2186 4257 accedunt
2225 4204 2335 4275 (2.1)
2359 4243 2374 4268 ,
2412 4216 2659 4274 tauquam
2699 4207 3007 4260 mediatoris
3046 4205 3141 4261 Dei
3188 4219 3246 4264 et

1858 4336 1903 4379 βο
1931 4337 2086 4390 Rom.
2115 4354 2168 4401 κ,
2205 4336 2404 4403 11,15.
2517 4338 2559 4375 ἰ
2594 4338 2825 4399 Illum.
2860 4339 2918 4393 2.
3030 4340 3074 4369 "
3097 4339 3244 4403 Psal,

107 4524 166 4593 (9)
206 4524 295 4597 Sic
325 4541 460 4581 mss.
500 4525 742 4597 plerique
794 4538 849 4582 et
899 4528 1051 4581 editi.
1092 4525 1206 4597 Ms.
1240 4536 1417 4597 tamep
1452 4526 1575 4595 qui-
1605 4528 1656 4587 Ι)
1683 4541 1830 4597 num.
1863 4524 1999 4589 1639
2022 4534 2075 4579 et
2107 4525 2379 4597 Babanus,
2412 4543 2433 4579 ί
2456 4536 2519 4597 et
2562 4541 2723 4580 orare
2749 4527 3034 4583 Dominum
3068 4566 3085 4581 .
3120 4566 3136 4585 .
3171 4571 3186 4585 .

57 4590 147 4645 dm
169 4604 221 4666 et
247 4590 533 4661 Babattus,
568 4616 588 4649 ι
621 4590 922 4653 horribilis.
953 4616 972 4647 ι
1012 4596 1213 4649 Deinde
1243 4612 1345 4650 ms.
1374 4590 1578 4666 Regius

59 4676 172 4735 Itum.
202 4665 339 4719 i639
362 4678 421 4721 et
442 4668 601 4731 editi,
646 4684 665 4718 t
695 4677 750 4720 et
778 4667 956 4720 omnis
980 4666 1308 4735 quicunque,
1342 4685 1361 4717 ι
1400 4675 1507 4735 etc_.

105 4733 203 4800 (10)
256 4736 406 4795 Editi
450 4745 505 4790 et
538 4752 673 4791 mss.
703 4737 918 4800 quidam
945 4732 1211 4789 omittunt,
1239 4732 1579 4790 tcltim.iMs.

57 4813 161 4856 unus
206 4803 410 4875 Regius
460 4822 608 4860 num.
638 4804 796 4868 i659,
833 4824 852 4855 ι
891 4802 1008 4859 Νοη
1040 4805 1180 4859 enim
1208 4806 1273 4858 de
1303 4805 1582 4875 qualibus-

59 4883 229 4945 cunque
272 4870 488 4945 verbis,
522 4877 616 4930 sed
667 4875 972 4945 ingentibus
994 4883 1056 4945 et
1103 4870 1392 4943 praecipuis
1425 4870 1578 4931 Scri-

56 4944 212 5012 Plllris,
247 4944 394 4998 Eoos
437 4945 661 5012 primus,
699 4943 859 4999 tietc.
904 4943 1058 4998 Male.

106 5010 202 5083 (ii)
237 5014 408 5077 Editi,
438 5010 460 5065 ὶ
498 5015 648 5083 prius
670 5014 925 5083 speravit,
965 5033 985 5067 ι
1014 5022 1118 5068 etc.

102 5080 199 5151 (12)
237 5083 332 5155 Sic
380 5080 571 5155 omnes
604 5080 733 5137 mss.
763 5083 955 5142 nostri,
1009 5082 1150 5155 Editi
1183 5096 1313 5155 vero
1353 5082 1575 5155 habent.

56 5162 71 5193 ι
103 5153 579 5221 evangelizantium
613 5168 835 5221 pacem,
876 5152 1357 5221 evaugelizantium
1392 5155 1527 5205 bona
1548 5152 1570 5209 'l

54 5212 298 5290 Manifesta
347 5232 573 5289 apparet
602 5224 653 5276 iu
690 5224 771 5280 bis
791 5238 888 5289 per
913 5223 1015 5277 hoc
1048 5223 1191 5290 quod
1221 5222 1372 5283 dicit,
1406 5238 1425 5271 ι
1467 5232 1570 5276 etc.

103 5288 199 5358 (15)
236 5291 319 5343 Ad
356 5288 621 5345 Christum
675 5288 952 5352 Dominum
1002 5288 1179 5349 docuit
1224 5291 1571 5358 referendum.

54 5352 309 5431 Postquam
348 5358 650 5417 enim'dixt't
684 5379 703 5417 :
732 5360 915 5431 Omnis
937 5361 1228 5431 quicunque
1264 5352 1574 5417 invocarem

54 5439 205 5509 nomen
232 5429 451 5487 Domini
482 5432 657 5485 salvus
698 5432 823 5484 erit.
861 5429 985 5486 Haec
1016 5433 1069 5485 in
1094 5429 1258 5488 editis
1304 5444 1571 5498 nusquam

51 5507 383 5559 reperiuntur.

104 5564 200 5632 (11)
239 5568 406 5623 Deest
445 5588 464 5620 ι
494 5568 662 5623 nostri
703 5588 722 5621 ι
758 5569 810 5623 itt
842 5579 1001 5623 antea
1029 5569 1209 5624 editis.

105 5635 201 5704 (15)
238 5637 408 5703 Editi,
446 5656 466 5689 ι
507 5638 667 5693 Deum
694 5637 875 5694 Jesum
906 5639 1201 5694 Christum.
1237 5658 1255 5691 ι

103 5705 200 5772 (lii)
226 5706 458 5778 _Editi,t
494 5718 550 5764 et
580 5712 805 5763 adorare
833 5709 999 5762 Deum
1025 5725 1187 5773 unum
1236 5718 1394 5778 atque
1423 5709 1566 5762 idem

1685 4577 1825 4648 sicut
1848 4577 2421 4655 invocati:(Christus,
2455 4577 2529 4648 ita
2554 4577 2608 4649 et
3213 4577 3242 4652 ἶ

1668 4664 1941 4718 'Rabauus
1973 4676 2154 4718 tamen
2179 4665 2379 4717 ontittit
2414 4684 2433 4715 ‹
2464 4666 2559 4719 ita.
2597 4685 2615 4719 ι
2653 4668 2757 4719 Sed
2805 4669 2986 4721 caeteri
3019 4684 3149 4727 mss.
3183 4678 3242 4724 ut

1685 4735 1769 4806 in-
1791 4742 1979 4787 nostro
2013 4745 2184 4806 textu,
2224 4735 2325 4788 nisi
2352 4737 2492 4805 quod
2546 4735 2700 4789 initio
2733 4752 2921 4791 omnes
2953 4753 3236 4806 perperam

1685 4802 1917 4860 habeant
1960 4822 1979 4855 r
2017 4805 2320 4875 Dominum,
2364 4802 2383 4857 ὁ
2429 4821 2549 4859 cum
2603 4808 2909 4869 necessario
2954 4802 3236 4875 legendum

1681 4875 1902 4931 sitcum
1935 4875 2091 4927 editis
2129 4890 2147 4921 ι
2171 4873 2369 4928 Deum.
2411 4893 2429 4926 ι
3010 4873 3027 4875 ⁷
3120 4902 3134 4913 ·

1753 4942 1863 5011 (17)
1905 4942 2118 4997 Omnes.
2146 4944 2303 4997 Deest
2327 4947 2377 4997 in
2408 4945 2559 4999 libris
2585 4955 2741 4999 antea
2772 4944 2952 4998 editis.

1746 5012 1861 5083 (18)
1904 5012 2087 5067 Modo.
2121 5011 2443 5083 Restituitnr
2464 5029 2529 5069 ex
2556 5030 2656 5067 ms.
2690 5011 2858 5082 Regio
2890 5029 3037 5067 num.
3072 5015 3230 5083 1659.

1751 5081 1859 5152 (i9)
1897 5083 2059 5152 Deest
2087 5099 2105 5133 ι
2143 5082 2252 5152 sint
2287 5102 2305 5133 ι
2339 5084 2401 5136 in'
2419 5084 2597 5137 editis.

1748 5149 1862 5222 (20)
1905 5149 2107 5205 Nostri.
2127 5151 2405 5222 Qmittitur
2427 5153 2480 5208 in
2513 5153 2698 5208 editis.

1753 5220 1865 5297 (gi)
1905 5222 2047 5297 l_§d_it_i
2078 5230 2131 5275 et
2148 5220 2427 5297 Datianus,
2458 5240 2481 5273 ι
2517 5224 2785 5297 invocare,
2823 5240 2841 5273 ι
2880 5222 3039 5297 male,

1747 5291 1862 5364 (22)
1905 5291 2067 5373 Editi:
2099 5291 2385 5373 «JSpiritus
2410 5293 2657 5361 suscipit,
2700 5300 2757 5344 ut
2786 5291 3091 5361 sanctilicet
3114 5310 3230 5373 eos,

1678 5360 1931 5429 tanquam
1954 5360 2210 5421 caelestis,
2250 5380 2269 5418 ο
2306 5368 2409 5415 etc.

1745 5431 1856 5502 (23)
1898 5430 2074 5503 Editi,
2110 5446 2129 5480 ι
2170 5438 2226 5487 ut
2248 5431 2324 5488 ita
2357 5431 2569 5483 demum
2596 5428 2833 5490 Ecclesia
2870 5431 2965 5493 Dei
2994 5450 3100 5492 non
3130 5437 3235 5503 ha:

1672 5500 1806 5556 beris
1831 5500 2091 5553 maculant
2126 5510 2219 5550 aut
2246 5515 2452 5567 rugam,
2488 5518 2507 5550 ι
2534 5514 2641 5554 etc.

1742 5570 1855 5643 (21)
1896 5569 1970 5621 Ita
2002 5568 2277 5625 Iiabanus.
2308 5569 2405 5643 his.
2438 5568 2635 5638 Regius
2666 5584 2814 5643 num.
2843 5572 3005 5639 1659,
3037 5576 3233 5643 «Prius

1671 5640 1817 5695 enim
1840 5653 2092 5717 quarm...
2125 5642 2444 5717 ascendant,
2475 5659 2494 5691 ι
2533 5640 2810 5717 etc.,ut_in
2837 5651 3005 5717 textu.
3039 5640 3233 5717 Cmtcti

1670 5725 1803 5782 mss.
1824 5705 1885 5782 et
1908 5707 2073 5782 editi,
2112 5725 2132 5759 ι
2161 5705 2315 5763 Prius
2338 5724 2469 5782 ergo
2515 5708 2581 5761 ad
2616 5705 2838 5779 gradum
2872 5712 3027 5769 istius
3053 5705 3233 5782 pericu,

51 5775 373 5860 §I:__sicut_
422 5777 717 5860 i.ttvoca‘t_ur_
737 5778 1003 5860 Christus,
1034 5775 1435 5860 etuadoraudus
1480 5787 1565 5859 est
1661 5780 1866 5860 ctionis
1910 5777 2206 5856 accedant.
2232 5815 2249 5849 .
2277 5819 2292 5834 .
2320 5820 2335 5836 .
2364 5775 2641 5837 invocent'
2665 5796 2860 5837 nomen
2912 5775 3154 5860 Domini,
3202 5804 3228 5854 ι

51 5836 287 5917 Cluistus,
323 5855 381 5904 et
404 5848 545 5906 sicut
571 5846 865 5917 oﬂ‘crimus,
897 5867 916 5902 ι
946 5836 1054 5907 etc.
1081 5847 1180 5907 Ms.
1205 5863 1340 5906 unus
1362 5847 1564 5919 Regius
1604 5917 1617 5924 ο
1665 5836 1774 5911 σω.
