3768 6548
462 425 602 482 1167

1934 429 2186 478 illuth
2196 431 2257 479 Ιδ

3578 443 3600 495 l
3616 444 3706 499 168

459 547 743 601 hominum
778 544 1031 599 invocant
1064 558 1262 599 nomen
1287 542 1499 597 Domini
1534 543 1704 595 nostri
1733 542 1856 597 Jesu
1888 541 2041 597 Chri-
2068 547 2115 603 Α
2142 540 2357 610 piamus
2405 542 2562 609 quasi
2612 544 2761 599 dicat
2807 544 3097 616 Apostolus
3141 566 3158 604 :
3196 550 3305 608 Nos
3348 569 3625 623 ρηεθοηθε
3659 573 3706 611 ,.ι

455 638 527 694 ali
554 658 567 692 :
604 649 788 707 postea
820 653 948 694 vero
977 651 1140 707 quam
1187 636 1425 706 Spiritus
1473 637 1566 691 Dei
1601 636 1762 693 fuerit
1793 638 1846 691 in
1875 638 2042 693 corde

454 745 645 786 eorum
679 732 942 796 clamans,
976 748 997 781 ‹
1029 730 1177 785 Abba
1206 741 1362 799 pater
1388 731 1455 796 ”,
1489 751 1509 784 ι
1542 731 1657 801 ipse
1684 730 1917 801 Spiritus
1943 745 2038 785 eos

457 824 624 880 etiam
672 839 866 880 nomen
919 822 1099 877 Patris
1151 823 1344 877 edocet
1388 824 1662 878 invocare.
1737 824 1861 880 Ideo
1906 839 2038 891 ergo

463 932 484 967 ι
518 915 827 985 quomodo,
867 934 886 967 ι
922 914 1117 983 inquit,
1159 932 1178 964 ι
1215 914 1544 971 invocabunt
1589 914 1704 987 (25)
1728 956 1747 984 ,
1784 917 1837 971 in
1873 932 2035 987 quem

458 1022 567 1061 non
614 1006 1001 1064 crediderunt?
1032 1024 1053 1057 ι
1110 1014 1165 1060 et
1206 1010 1259 1060 in
1305 1008 1408 1062 hoc
1436 1008 1743 1063 arctissima
1775 1024 1868 1064 eos
1899 1026 2035 1063 con.

455 1099 695 1151 elusione
720 1096 1062 1166 constringit.
1107 1094 1265 1150 Salus
1288 1136 1301 1157 ,
1333 1097 1538 1165 inquit,
1573 1111 1679 1150 non
1706 1106 1790 1151 est
1821 1096 1923 1151 nisi
1954 1099 2036 1150 iu-

454 1188 694 1245 ‘JOCnnli.
734 1186 906 1241 Nemo
952 1202 1081 1240 vero
1128 1188 1346 1241 invocat
1396 1188 1483 1256 qui
1516 1203 1623 1241 non
1657 1189 1851 1243 credit.
1888 1188 2033 1255 Ergo

454 1279 580 1349 quia
608 1294 711 1332 non
746 1278 993 1343 creditis,
1026 1292 1132 1331 non
1162 1278 1457 1345 invocatis;
1490 1290 1545 1333 et
1571 1281 1694 1349 quia
1732 1296 1836 1334 non
1882 1282 2033 1334 invo-

453 1371 610 1434 catis,
638 1371 1083 1427 non'salvamini.
1129 1372 1236 1428 Sed
1274 1390 1294 1423 ι
1320 1372 1643 1441 quomodo,»
1684 1373 1861 1442 inquit
1891 1374 2025 1443 (26),

457 1483 476 1515 ι
513 1464 737 1518 credent
762 1465 837 1526 ei,
865 1478 1023 1534 quem
1059 1480 1163 1518 non
1202 1465 1531 1519 audierunt?
1559 1484 1578 1516 ι
1616 1467 1768 1531 Quod
1795 1481 1900 1520 non
1933 1480 2027 1519 au-

455 1556 673 1611 dierunt
702 1571 992 1626 possumus
1024 1559 1103 1613 sic
1132 1558 1453 1629 intelligere.
1491 1560 1615 1624 quia
1646 1558 1731 1614 vel
1763 1560 1936 1628 ipsum
1975 1560 2026 1614 in

450 1663 619 1704 carne
648 1650 907 1719 positum,
954 1650 1035 1704 vel
1066 1649 1341 1720 apostolos
1376 1650 1492 1719 ejus
1521 1648 1634 1721 (‘27)
1669 1652 2027 1719 przedicantes

449 1742 517 1795 de
543 1756 608 1797 eo
634 1742 825 1797 audire
870 1743 1161 1798 noluerint.
1205 1741 1298 1796 Sic
1342 1743 1485 1797 enim
1534 1752 1588 1797 et
1628 1745 1741 1813 ipse
1770 1743 2027 1797 Dominus

449 1837 582 1891 dicit
607 1837 652 1869 ¹⁹
680 1856 693 1890 :
724 1836 852 1902 «Qui
881 1852 976 1890 vos
1007 1836 1175 1899 audit,
1199 1851 1283 1888 me
1317 1836 1464 1889 audit
1494 1855 1506 1890 ε
1537 1848 1589 1889 et
1619 1837 1709 1904 qtti
1743 1852 1841 1891 vos
1873 1851 2024 1907 Sper-

2141 630 2527 699 praedicatores
2547 632 2756 691 Christi
2787 652 2894 692 non
2926 655 3210 709 possemus
3242 647 3577 714 praedicare,
3617 667 3706 704 nec

2142 722 2496 779 annuntiandi
2533 726 2693 782 nobis
2718 727 2893 787 virtus
2914 732 3020 787 ulla
3050 735 3393 801 subsisteret,
3429 740 3532 794 nisi
3563 742 3707 795 ades-

2140 826 2223 871 set
2253 819 2408 873 nobis
2434 819 2549 890 ipse
2578 823 2671 891 qui
2708 826 2851 880 misit
2886 826 3018 897 (32).
3074 829 3228 898 Quod
3276 832 3324 887 si
3372 834 3705 901 praedicanti-

2140 911 2240 964 lms
2272 911 2427 966 nobis
2458 915 2648 969 audire
2679 930 2786 971 non
2820 921 2984 975 vultis
3009 963 3024 984 ,
3058 932 3233 976 vestra
3274 923 3385 991 jam
3414 924 3570 994 culpa
3604 938 3701 991 est,

2138 1009 2193 1053 et
2221 1002 2267 1054 si
2292 1004 2577 1060 audientes
2623 1022 2734 1062 non
2782 1010 3024 1073 creditis,
3057 1023 3111 1066 et
3146 1029 3253 1068 non
3286 1016 3575 1071 credentes
3602 1034 3702 1072 non

2137 1094 2441 1159 invocatis,
2479 1107 2533 1150 et
2577 1114 2687 1153 non
2739 1100 3056 1158 invocantes
3099 1106 3235 1159 salvi
3288 1122 3412 1163 esse
3456 1112 3700 1178 nequitis.

2134 1187 2270 1251 Quia
2306 1202 2438 1259 ergo
2462 1190 2612 1245 missi
2647 1201 2775 1245 sunt
2817 1194 2884 1245 ad
2911 1196 3371 1265 przedicationem,
3406 1200 3616 1254 idcirco
3641 1203 3700 1255 de

2136 1278 2220 1330 his
2268 1279 2361 1347 qui
2405 1280 2474 1334 ab
2502 1280 2618 1349 ipso
2647 1282 2801 1336 missi
2836 1294 2962 1337 sunt
2990 1287 3255 1355 scriptum
3300 1298 3385 1342 est
3425 1306 3442 1342 :
3481 1309 3503 1341 ι
3537 1291 3700 1357 Quam

2134 1373 2367 1440 speciosi
2416 1375 2579 1442 pedes
2628 1378 3116 1448 evangelizantium
3170 1380 3304 1435 bona
3347 1383 3439 1437 “l
3482 1403 3501 1436 ο
3557 1386 3700 1451 Quod

2132 1464 2297 1531 pedes
2335 1464 2425 1520 hic
2468 1467 2745 1535 speciosos
2791 1484 2895 1523 non
2928 1472 3240 1540 corporales
3262 1512 3277 1537 ,
3310 1475 3404 1526 sed
3438 1476 3701 1543 spiritales

2130 1553 2302 1619 dicat,
2339 1566 2469 1625 puto
2512 1558 2655 1626 quod
2701 1561 2950 1626 quamvis
2990 1562 3196 1617 amicus
3240 1563 3311 1616 sit
3340 1567 3465 1631 quis
3494 1565 3699 1630 litterae,

2130 1662 2330 1716 negare
2368 1663 2476 1703 non
2508 1654 2701 1718 possit.
2733 1651 2916 1720 Neque
2939 1652 3082 1706 enim
3113 1654 3165 1708 in
3200 1655 3259 1712 id.
3287 1655 3504 1711 ridiculi
3540 1659 3703 1712 dedu-

2127 1746 2214 1789 cet
2246 1737 2602 1805 apostolicum
2653 1754 2894 1803 sensum,
2930 1752 2989 1794 ut
3032 1745 3494 1814 evangelistarum
3541 1751 3699 1818 pedes

2128 1828 2219 1897 qui
2244 1829 2525 1897 corporeis
2547 1831 2719 1884 oculis
2749 1832 2920 1884 videri
2950 1844 3194 1901 possunt,
3221 1846 3374 1904 putet
3403 1838 3518 1909 (55)
3540 1841 3609 1894 ab
3638 1858 3699 1893 eo

447 1929 566 1992 nit,
613 1943 699 1983 me
741 1930 970 1996 spernit.
1012 1947 1031 1980 ι
1069 1929 1253 1983 Potest
1288 1939 1467 1984 autem
1519 1942 1572 1983 et
1619 1931 1721 1984 hoc
1771 1929 2020 1999 intelligi,
2055 1903 2097 1961 Β
2128 1920 2354 1974 decoros
2400 1921 2504 1973 dici
2558 1929 2614 1975 el
2661 1923 2971 1991 speciosos;
3006 1926 3098 1978 sed
3149 1926 3224 1980 illi
3265 1939 3396 1982 sum
3438 1932 3622 1985 decori
3649 1944 3697 1985 ει

446 2019 589 2084 quod
634 2018 796 2071 etiam
848 2028 901 2073 et
950 2034 1095 2073 nunc
1139 2028 1193 2073 et
1238 2035 1453 2089 semper
1486 2019 1737 2074 Christus
1762 2030 2019 2089 tanquam

448 2110 681 2165 Verbum
712 2119 766 2165 ei
797 2110 956 2165 Ratio
986 2113 1275 2181 unicuique
1302 2113 1553 2180 loquatur
1581 2115 1632 2167 in
1666 2115 1850 2176 corde,
1872 2125 1925 2167 et
1954 2113 2022 2168 de

446 2202 646 2268 pietate
676 2201 894 2265 doceat,
927 2204 993 2257 de
1014 2203 1223 2272 justitia
1262 2205 1507 2265 suadeat,
1540 2204 1604 2256 de
1630 2205 1905 2267 castitate,
1952 2203 2021 2259 de

446 2293 702 2363 pudicitia
751 2303 804 2348 et
832 2294 897 2348 de
937 2295 1187 2349 omnibus
1231 2294 1397 2347 simul
1425 2294 1717 2348 virtutibus
1748 2303 2019 2363 proteste-

448 2399 556 2448 tur,
589 2386 733 2441 sicut
756 2395 810 2440 et
839 2387 953 2455 ipse
975 2388 1105 2442 dicit
1127 2389 1171 2421 ³ο
1209 2408 1220 2442 :
1263 2387 1434 2444 «Oves
1471 2402 1602 2441 mere
1628 2402 1815 2442 vocem
1844 2404 2016 2442 meam

442 2478 692 2532 audiunt.
726 2496 745 2529 ›
786 2477 881 2533 Sic
916 2481 1149 2551 denique
1182 2493 1235 2535 et
1268 2482 1320 2535 in
1347 2484 1511 2535 corde
1556 2480 1703 2534 Pauli
1755 2480 2016 2550 loqueba-

445 2578 564 2635 tur,
614 2570 687 2624 ita
736 2580 795 2625 ut
841 2571 932 2627 ille
962 2573 1213 2627 diceret:
1255 2594 1274 2625 ι
1309 2573 1392 2627 An
1424 2574 1853 2639 experimentum
1901 2575 2017 2643 ejus

443 2665 684 2719 ruzeritis
725 2662 816 2734 qni
860 2664 911 2718 in
956 2678 1042 2719 me
1088 2663 1331 2735 loquitur
1372 2662 1624 2719 Christus
1658 2663 1737 2717 “?
1769 2683 1787 2716 ι
1819 2662 2011 2733 Sequi-

444 2766 529 2809 tur
562 2774 575 2809 :
613 2774 631 2807 ι
668 2755 953 2823 Quomodo
984 2763 1162 2810 autem
1195 2738 1429 2809 audient.
1448 2756 1564 2811 sine
1596 2756 1961 2826 praedicante?
1988 2775 2008 2810 ι

440 2844 497 2900 In
523 2847 628 2902 hoc
649 2848 825 2917 magis
852 2862 950 2917 per
970 2846 1376 2915 priedicantinm
1406 2861 1711 2901 sermonem
1739 2847 2011 2902 Christum

439 2940 679 2995 ostendit
730 2940 906 2994 audiri
951 2938 1086 3011 (28),
1124 2940 1174 2992 in
1208 2940 1435 3008 quibus,
1472 2942 1768 2995 secundum
1793 2956 1858 2996 ea
1892 2957 2013 3011 qme

438 3047 597 3101 supra
646 3032 919 3094 diximus,
952 3029 1205 3085 Christus
1241 3029 1384 3097 loqui
1414 3040 1469 3084 et
1511 3031 1711 3087 docere
1742 3042 2014 3086 monstra-

442 3133 546 3177 tur.
598 3140 617 3173 ι
648 3121 928 3187 Quomodo
975 3130 1156 3173 autem
1208 3121 1600 3190 praedicabunt,
1648 3123 1751 3177 nisi
1789 3124 2010 3177 mittan-

2124 2012 2353 2078 speciosi
2379 2015 2561 2080 pedes.
2586 2013 2681 2082 qui
2716 2013 2993 2067 ambulant
3020 2031 3118 2085 per
3140 2019 3281 2072 viam
3312 2021 3462 2078 vita»
3504 2021 3699 2077 Secun-

2123 2101 2250 2155 dum
2280 2102 2434 2156 illum
2469 2105 2613 2158 enim
2649 2104 2764 2175 (54)
2796 2107 2886 2174 qui
2915 2104 3072 2171 dixit,
3110 2127 3128 2161 ι
3160 2110 3271 2178 Ego
3298 2126 3421 2165 sum
3456 2115 3537 2166 via
3577 2115 3645 2178 ³³,
3672 2135 3691 2167 ι

2125 2194 2361 2266 intellige
2396 2197 2623 2251 decoros
2652 2207 2708 2250 et
2739 2200 3017 2267 speciosus
3064 2202 3556 2273 evangelizantium
3604 2221 3697 2276 pe-

2120 2288 2217 2342 des
2245 2328 2257 2352 ,
2306 2290 2399 2359 qui
2454 2306 2552 2360 per
2589 2290 2746 2346 talem
2776 2294 2916 2345 viam
2951 2294 3062 2363 (55)
3099 2306 3381 2351 merentur
3422 2298 3690 2355 incedere.

2127 2380 2215 2434 Isti
2253 2391 2377 2434 sunt
2420 2382 2582 2450 pedes
2606 2383 2800 2452 quibus
2822 2394 2876 2437 et
2907 2385 3105 2441 Paulus
3129 2390 3444 2445 cucurrisse
3477 2406 3690 2447 cursum

2119 2487 2178 2526 se
2207 2473 2382 2536 dixit,
2416 2483 2471 2526 et
2493 2474 2572 2527 sic
2601 2489 2826 2530 currere
2860 2488 2918 2530 ut
2952 2481 3383 2547 comprehendat
3408 2481 3486 2547 ³⁸,
3530 2483 3582 2536 id
3612 2493 3695 2536 est

2120 2565 2276 2632 vigor
2307 2565 2501 2619 animae
2528 2580 2634 2633 quo
2664 2568 2903 2622 tenditur
2941 2580 2993 2623 et
3022 2582 3344 2640 properatur
3374 2574 3443 2627 ad
3470 2574 3692 2630 caelum.

2117 2654 2375 2710 Gratitice
2402 2667 2583 2709 autem
2612 2659 2778 2724 pedes
2803 2660 2935 2716 istos
2960 2675 3078 2715 esse
3110 2661 3358 2716 firmabis
3386 2663 3519 2734 (56),
3551 2681 3695 2735 quos

2115 2746 2273 2801 Jesus
2298 2748 2580 2816 discipulis
2610 2748 2775 2815 lavat,
2824 2763 2880 2805 et
2905 2752 3071 2807 linteo
3093 2768 3204 2823 quo
3246 2759 3581 2824 prtecinctns
3612 2771 3694 2813 est

2119 2840 2282 2909 tergit
2308 2839 2374 2892 ³⁵.
2418 2838 2484 2893 Et
2525 2842 2774 2909 quamvis
2818 2844 3083 2911 corporali
3137 2856 3265 2900 tunc
3311 2850 3495 2916 specie
3528 2850 3697 2904 fuerit

2118 2932 2394 3002 impletum
2420 2972 2435 2997 ,
2467 2943 2643 2988 tamen
2673 2934 2840 3006 626
2863 2933 3024 2990 Petro
3056 2937 3155 2990 hoc
3181 2939 3355 2992 solum
3389 2942 3529 3009 quod
3572 2941 3691 2995 fieri

2114 3025 2330 3080 videbat
2377 3026 2687 3094 intelligenti
2728 3026 2861 3098 (57),
2900 3037 2953 3082 et
2988 3029 3141 3097 quasi
3172 3029 3399 3087 honoris
3426 3048 3590 3088 causa
3626 3050 3693 3089 ne

2113 3118 2214 3173 sibi
2246 3133 2411 3173 servo
2434 3121 2603 3188 pedes
2645 3120 2853 3173 lavaret
2897 3120 3153 3176 Dominus
3180 3128 3504 3193 excusanti,
3557 3129 3690 3182 audi

441 3216 566 3271 tur?
598 3235 616 3268 ι
655 3214 948 3270 DilIicultas
981 3214 1109 3267 mihi
1155 3215 1399 3280 qumdam
1438 3216 1489 3269 in
1522 3218 1625 3272 hoc
1651 3232 1900 3274 sermone
1932 3220 2010 3272 vi-
2038 3248 2080 3304 ο
2113 3226 2276 3280 quam
2310 3211 2559 3304 profundi
2593 3212 2831 3283 mysterii
2882 3215 3129 3282 proditur
3160 3230 3363 3271 sermo.
3409 3237 3429 3270 ε
3468 3220 3522 3273 Si
3550 3228 3632 3284 ιε,
3669 3242 3688 3273 ι

437 3314 596 3363 detur
643 3322 961 3377 exsurgere.
1028 3305 1084 3359 Si
1130 3306 1273 3360 enim
1323 3307 1395 3361 ita
1446 3309 1809 3379 intelligamus
1861 3314 2004 3380 quod

436 3410 719 3471 propterea
753 3415 858 3454 non
890 3399 1203 3469 praedicent,
1249 3401 1373 3469 quia
1409 3416 1512 3454 non
1540 3402 1825 3457 mittuntur
1853 3404 2004 3476 (29);

440 3491 584 3546 nullo
610 3503 790 3546 autem
819 3490 1148 3559 praedicante
1198 3506 1304 3544 non
1357 3491 1607 3556 audient;
1640 3508 1745 3547 non
1778 3495 2005 3550 audien-

438 3591 519 3636 tes
566 3596 695 3635 vero
740 3597 846 3635 non
893 3582 1118 3637 credent
1161 3581 1304 3654 (30);
1357 3599 1460 3637 non
1496 3582 1778 3640 credentes
1826 3596 2003 3642 autem

436 3688 543 3727 non
576 3673 934 3739 invocabunt;
969 3689 1075 3728 non
1106 3674 1418 3729 invocantes
1462 3691 1568 3730 non
1600 3678 1956 3732 salvabuntur
1989 3696 2003 3731 :

436 3762 705 3833 colligitur
726 3778 791 3816 ex
824 3762 931 3827 his,
964 3772 1024 3816 ut
1055 3777 1219 3816 causa
1247 3778 1351 3832 qua
1388 3781 1493 3819 non
1528 3777 1653 3819 sunt
1684 3766 1901 3832 salvati,
1933 3767 2001 3819 ad

436 3855 626 3910 vitium
652 3852 762 3927 (51)
798 3857 983 3909 redeat
1008 3855 1272 3918 auctoris,
1308 3858 1401 3925 qui
1436 3872 1539 3911 non
1569 3857 1778 3911 miserit
1807 3858 2004 3925 praedi-

434 3956 640 4001 cantes.
702 3946 808 4001 Sed
843 3947 1012 4016 magis
1055 3948 1122 4001 ad
1170 3947 1319 4002 illum
1353 3961 1472 4013 nos,
1521 3949 1612 4017 qui
1667 3949 1865 4002 rectior
1895 3959 1999 4011 est,

434 4038 800 4109 intelligentia:
829 4039 1099 4093 tramitem
1151 4036 1501 4093 deﬂectamus
1537 4058 1549 4091 :
1586 4048 1641 4092 et
1668 4037 1809 4107 quod
1842 4037 1997 4102 dixit,

438 4148 455 4180 ι
490 4129 767 4198 Quomodo
800 4131 1186 4200 praedicabunt,
1216 4130 1318 4183 nisi
1346 4130 1647 4196 mittantur,
1688 4148 1707 4181 ι
1748 4130 1825 4183 sic
1855 4128 2000 4184 aet-i-

503 4268 546 4299 ’³
576 4267 735 4322 Rom.
760 4283 882 4333 vni,
913 4268 1000 4323 l5.

433 4338 477 4371 “
500 4340 522 4393 Ι
545 4338 667 4397 Cor,
700 4352 773 4399 tx,
800 4338 891 4404 24,
917 4339 1008 4394 26.

502 4456 617 4539 (25)
659 4458 797 4539 Mss._
837 4457 1058 4539 quidam
1087 4498 1102 4521 ,
1152 4475 1184 4539 rt.
1218 4457 1339 4539 Ideo
1366 4495 1382 4521 ,
1424 4454 1611 4539 inquit
1656 4472 1670 4508 :
1723 4452 2004 4539 Quomodo
2035 4458 2079 4513 D

434 4544 563 4595 ergo
593 4522 970 4590 invocabuht,»
1007 4537 1112 4582 etc.
1152 4526 1259 4582 Sed
1282 4542 1383 4581 ms.
1424 4522 1625 4596 Regius
1652 4540 1801 4579 num.
1834 4522 1993 4591 1659,

433 4597 691 4652 Rabanus
718 4607 772 4652 et
801 4596 930 4652 editi
956 4605 1016 4650 ut
1041 4597 1093 4650 in
1121 4606 1307 4651 nostro
1334 4605 1503 4650 textu.

503 4666 612 4737 (26)
652 4666 858 4737 lnquii.
896 4667 1050 4737 Deest
1083 4666 1136 4721 in
1160 4667 1340 4737 editis.

524 4734 615 4802 27)
660 4734 879 4802 Ejuan
903 4736 1064 4790 editis
1089 4736 1379 4789 omittitur.

524 4739 615 4809 27)
660 4739 879 4802 Ejus.ln
903 4739 1064 4790 editis
1089 4739 1379 4789 omittitur.

502 4739 827 4879 (28)_Editi,
868 4822 888 4856 ι
927 4806 984 4859 In
1012 4805 1117 4879 hoc
1145 4805 1320 4879 magis
1360 4803 1766 4879 praedicandum
1791 4818 1995 4859 sermo-

432 4873 554 4930 nem
585 4876 862 4932 Christum
895 4875 1135 4931 ostendit
1178 4873 1386 4930 audire.
1417 4892 1437 4927 ι
1484 4873 1592 4928 Sed
1624 4889 1813 4929 omnes
1862 4890 1994 4930 mss.

431 4958 485 5001 et
508 4947 760 5002 Rabanus
795 4954 853 5001 ut
877 4945 931 4999 in
958 4954 1126 5000 textu.

502 5016 613 5089 (29)
653 5015 794 5072 Editi
813 5056 830 5083 ,
872 5034 892 5068 ι
921 5015 1272 5086 intelligimus
1292 5052 1307 5068 .
1335 5052 1351 5068 .
1378 5053 1392 5068 .
1417 5051 1433 5067 .
1460 5012 1588 5082 quia
1632 5028 1739 5069 non
1780 5014 1998 5068 mittan-

435 5097 538 5141 lttt‘.
578 5105 596 5136 ι

504 5155 614 5224 ('50)
656 5154 779 5210 Non
820 5154 1094 5209 audientes
1141 5169 1260 5207 vero
1291 5152 1660 5224 uoueredent.

432 5222 727 5279 Stitunntur
751 5240 819 5279 ex
851 5241 954 5280 ms.
984 5224 1152 5292 Regio
1179 5239 1328 5278 num.
1363 5222 1524 5279 1659.

505 5293 618 5365 (51)
658 5293 751 5350 Sic
800 5305 951 5349 recte
999 5294 1153 5348 editi.
1209 5292 1343 5365 Mss.
1369 5307 1496 5347 vero
1522 5292 1693 5365 nostri
1726 5306 1915 5347 omnes
1942 5302 1999 5349 et

435 5363 724 5428 Rabanus,
766 5379 1048 5434 perperam
1071 5404 1087 5429 ,
1125 5382 1144 5415 ι
1175 5365 1241 5417 ad
1273 5363 1507 5434 initium.
1544 5381 1563 5414 ι
1604 5363 1806 5434 Deinde
1839 5366 1993 5429 editi,

436 5454 454 5483 ι
490 5434 595 5505 Sed
624 5432 793 5505 magis
814 5432 881 5505 ad
906 5434 1063 5505 illum!
1082 5448 1180 5505 nos
1204 5434 1295 5501 qui
1324 5432 1608 5488 rectiorem
1633 5433 1997 5504 intelligentia:

435 5503 702 5557 tramitem
721 5503 994 5567 continet,
1033 5503 1398 5558 dellectamus.
1412 5524 1432 5556 ι

505 5572 614 5643 (52)
649 5571 748 5628 Ms.
774 5571 976 5645 Regius
998 5587 1146 5647 num.
1181 5572 1340 5647 1659,
1377 5591 1398 5625 ι
1427 5589 1533 5647 non
1559 5588 1839 5647 possemus
1865 5591 1999 5646 prte-

432 5641 649 5719 dic'are,
702 5657 804 5696 nec
848 5641 1169 5696 annuntiare
1214 5644 1401 5710 vobis,
1436 5641 1714 5717 nisi'ipse
1759 5641 1997 5702 nos'tni-

432 5720 609 5764 tstsset.
640 5729 661 5762 ι

503 5780 612 5855 (55)
655 5779 820 5855 [fidi-ti,
854 5778 1081 5855 (“videri
1099 5781 1327 5855 possint,
1355 5794 1563 5855 putem,
1596 5805 1615 5840 ι
1642 5794 1749 5843 etc.

504 5850 613 5920 (5i)
654 5849 834 5906 Enim.
878 5848 1037 5903 Deest
1070 5850 1119 5903 in
1155 5852 1334 5905 editis.

1749 5153 1875 5209 Haec
1915 5170 1996 5209 re-

1086 4270 1130 4301 “
1160 4268 1291 4322 Luc.
1330 4283 1381 4333 x,
1416 4266 1503 4321 16.
1579 4264 1804 4337 “dealt.
1846 4281 1899 4333 x,
1926 4264 1994 4318 27

2166 4266 2204 4319 ll
2237 4266 2363 4322 Cor.
2397 4283 2516 4332 xm,
2556 4266 2609 4320 5.
2687 4269 2731 4301 ³²
2776 4270 2875 4324 lsa.
2922 4286 3017 4337 ιιι,
3048 4270 3097 4324 7.

1104 4338 1148 4370 ³⁵
1173 4337 1329 4394 Joan.
1353 4353 1473 4403 xm,
1495 4337 1552 4392 5.
1625 4335 1671 4367 ³⁸
1697 4335 1978 4401 Joan.xiu,
2009 4334 2063 4390 8.

2117 3304 2312 3372 inquit,
2334 3319 2472 3357 «non
2507 3303 2713 3371 lavero,
2737 3319 2839 3359 non
2870 3307 3092 3362 habebis
3112 3318 3325 3379 partem
3358 3328 3567 3367 mecum
3586 3316 3650 3365 ³⁸.
3667 3334 3687 3367 ι

2114 3397 2179 3450 Ει
2209 3396 2603 3449 iterumaliam
2644 3398 2872 3453 similem
2924 3401 3052 3455 huic
3099 3416 3286 3456 vocem
3329 3413 3592 3475 tanquam
3626 3409 3694 3462 de

2114 3486 2341 3539 secretis
2382 3487 2625 3543 scientia:
2670 3491 2876 3558 profert
2928 3493 3202 3548 thesauris
3251 3495 3336 3560 ³⁷,
3394 3507 3447 3551 et
3487 3498 3627 3552 dicit
3672 3516 3689 3552 :

2117 3597 2138 3631 ι
2159 3578 2311 3646 Quod
2335 3597 2433 3653 ego
2448 3581 2549 3637 feci
2569 3601 2662 3639 vos
2682 3586 2902 3640 nescitis
2917 3586 3077 3640 modo
3098 3605 3110 3639 :
3136 3588 3322 3642 scietis
3342 3598 3516 3642 autem
3540 3601 3698 3658 post-

2109 3672 2361 3739 modum;
2402 3692 2419 3723 ι
2455 3684 2509 3729 et
2537 3676 2712 3739 addit,
2746 3678 2869 3747 quia
2903 3697 2922 3729 ι
2959 3679 3097 3733 sicut
3130 3696 3231 3751 ego
3275 3665 3531 3737 Dominus
3573 3687 3690 3757 (58)

2109 3771 2164 3816 et
2191 3765 2445 3836 magister
2472 3767 2573 3822 lavi
2609 3771 2771 3836 pedes
2803 3781 3011 3826 vestros
3047 3790 3059 3823 :
3092 3783 3143 3826 et
3177 3790 3281 3827 vos.
3306 3776 3533 3831 invicem
3574 3779 3694 3850 (59)

2106 3855 2281 3906 lavate
2310 3852 2479 3922 pedes
2511 3852 2855 3908 alterutrum.
2913 3853 3224 3923 Exemplum
3252 3860 3398 3912 enim
3431 3861 3550 3914 dedi
3593 3875 3693 3913 vo-

2105 3949 2187 3999 his
2219 3948 2286 4001 ³⁸.
2324 3967 2343 4001 ι
2384 3948 2675 4005 Videamus
2725 3967 2851 4022 ergo
2896 3953 3037 4021 quod
3069 3954 3139 4007 sit
3172 3955 3315 4007 istud
3347 3957 3690 4025 exemplum,

2104 4054 2212 4107 quo
2242 4041 2487 4109 magistri
2540 4042 2926 4111 discipulorum
2977 4045 3158 4097 lavare
3210 4045 3444 4099 debeant
3492 4048 3692 4117 pedes,

2103 4139 2199 4184 aut
2231 4130 2298 4185 de
2330 4146 2434 4200 qua
2465 4147 2603 4202 aqua
2637 4133 2713 4186 lai
2729 4148 2841 4188 are.
2885 4132 2941 4189 Si
2969 4134 3089 4201 quis
3110 4133 3355 4190 inveniat
3381 4151 3581 4207 aquam
3605 4138 3694 4192 vi-

3198 4271 3245 4303 ³³
3276 4270 3432 4327 Joan.
3476 4288 3594 4338 xlv,
3629 4272 3690 4329 6.

2159 4337 2201 4367 "
2234 4338 2364 4392 ibid.
2399 4338 2453 4391 7.
2541 4337 2587 4370 ³⁸
2620 4339 2751 4394 ibid.
2779 4341 2867 4406 14,
2907 4340 2991 4397 lii.

2181 4456 2295 4527 (55)
2338 4453 2439 4527 Sic
2480 4471 2612 4512 mss.
2658 4462 2827 4512 nostri
2879 4474 3065 4514 omnes
3114 4466 3170 4514 et
3217 4459 3371 4514 editi.
3420 4459 3698 4516 Rabanus

2104 4525 2283 4609 vero:
2305 4543 2323 4576 ι
2348 4525 2442 4608 qui
2471 4529 2898 4609 peaspiritalein
2921 4531 3085 4594 viam,
3114 4547 3130 4580 ι
3168 4539 3291 4609 etc._
3319 4531 3513 4609 Deinde
3542 4550 3693 4589 mss.

2104 4596 2210 4669 duo
2233 4595 2404 4669 Regii,
2434 4602 2490 4650 et
2511 4595 2661 4663 editi,
2704 4616 2724 4649 ι
2762 4597 2853 4651 lsti
2885 4607 3012 4653 sunt
3032 4613 3162 4668 ergo
3192 4600 3357 4667 pedes
3383 4601 3692 4669 quibus....

2103 4666 2197 4742 sed
2224 4675 2278 4742 et
2306 4666 2635 4742 siccurrere
2661 4685 2687 4742 Δι
2723 4668 2900 4742 (editi,
2939 4685 2957 4718 ι
2980 4666 3308 4742 cucurrisse)
3346 4666 3697 4742 nticompre-

2104 4736 2329 4811 hendat,
2365 4735 2417 4788 id
2443 4746 2561 4802 est,
2586 4738 2779 4811 animae
2812 4738 2964 4811 vigor
2996 4757 3030 4811 t_
3055 4737 3243 4810 (editi,
3278 4735 3298 4790 ἆ
3333 4735 3697 4811 αιιίιιιογιιιιυ

2105 4758 2329 4800 neltuat,
2365 4758 2417 4788 tu
2443 4758 2561 4802 εει,
2586 4758 2779 4792 anima:
2812 4758 2964 4806 Vigor
2996 4758 3015 4789 ι
3055 4758 3243 4810 (eum,
3278 4760 3297 4790 ι
3333 4758 3545 4811 anima)
3621 4758 3695 4798 no

2104 4805 2364 4878 tenditur,
2395 4822 2420 4878 ρ
2474 4814 2579 4860 etc.
2619 4807 2724 4861 Sed
2753 4821 2855 4862 ms.
2901 4806 3103 4878 Regius
3128 4824 3281 4864 num.
3306 4810 3446 4865 1659
3474 4819 3537 4865 ct
3568 4758 3695 4868 aa-

2102 4874 2275 4930 banus
2304 4884 2362 4928 ut
2395 4873 2447 4928 in
2473 4885 2662 4931 nostro
2687 4885 2860 4931 textu.

2174 4944 2289 5015 (56)
2328 4944 2490 5010 Editi,
2531 4963 2550 4997 ι
2583 4946 2839 5001 Gratilice
2866 4940 3046 5000 autem
3077 4946 3244 5015 pedes
3271 4946 3403 5002 istos
3424 4962 3561 5004 esse
3597 4952 3703 5007 lir-

2102 5016 2293 5068 mavit.
2330 5034 2350 5066 ι
2405 5015 2661 5070 Rabanus
2698 5031 2857 5076 vero,
2897 5032 2917 5067 ι
2956 5017 3245 5084 Speciosos
3287 5029 3463 5072 autem
3503 5025 3702 5085 pectes

2103 5086 2237 5139 istos
2281 5100 2403 5156 esse
2448 5087 2811 5143 tirmabitur.»
2851 5085 3053 5141 Deinde
3080 5087 3240 5151 editi,
3278 5105 3297 5137 t
3339 5098 3393 5142 et
3420 5097 3701 5156 quamvis

2103 5155 2704 5230 corporaliter_spe_cie__,
2736 5175 2756 5208 ι
2786 5165 2894 5210 etc.
2914 5195 2932 5220 ,
2975 5156 3177 5230 omisso
3207 5175 3228 5208 ι
3263 5168 3390 5230 tunc
3411 5155 3481 5223 ,7:
3528 5167 3700 5230 quod

2102 5225 2263 5304 etiam
2289 5225 2529 5304 deestninn
2543 5225 2784 5304 pluribus
2808 5239 2972 5304 ipse...
3000 5228 3092 5280 sed
3127 5235 3307 5281 exstat
3344 5228 3395 5281 in
3429 5225 3573 5284 ms:
3587 5233 3706 5288 Re-

2104 5294 2189 5364 gio
2216 5309 2366 5348 num.
2396 5294 2533 5349 1659
2558 5304 2612 5348 et
2637 5296 2774 5364 apud
2807 5295 3108 5350 Rabanum.

2323 5364 2948 5446 yss..duo,pcrperam_,
2983 5380 3004 5415 ι
3050 5379 3155 5419 ιιοη
3185 5363 3543 5446 intelligenti.
3584 5388 3612 5422 ι

2196 5433 2286 5504 58)
2326 5435 2464 5488 Editi
2489 5472 2506 5499 ,
2560 5453 2580 5485 ‹
2611 5444 2867 5504 tanquam
2911 5436 2977 5504 de
3007 5449 3066 5488 se
3110 5433 3382 5490 credentis
3420 5440 3707 5494 scientia

2102 5502 2308 5573 prel'ert
2341 5505 2661 5576 thesaurus,
2695 5502 2735 5576 ρ’
2773 5504 2918 5576 (Msa
2939 5502 3138 5572 Regius
3176 5520 3329 5576 num.
3373 5504 3587 5567 “539,-
3624 5515 3702 5568 de

2106 5572 2213 5644 iam
2247 5575 2472 5644 secretis
2514 5575 2753 5628 scientiae
2782 5572 2999 5642 profert
3052 5575 3340 5644 thesauris)
3385 5585 3441 5629 et
3478 5579 3643 5635 dicit
3674 5599 3695 5638 :

2103 5640 2257 5708 Quod
2281 5658 2383 5712 ego
2409 5645 2505 5701 feci
2536 5645 2709 5708 vobis,
2758 5640 2981 5698 rtescitis
3021 5646 3216 5710 modo;
3261 5640 3439 5699 scietis
3479 5658 3695 5705 autem

2156 5721 2288 5792 istea
2316 5727 2331 5765 :
2356 5723 2410 5768 et
2424 5713 2616 5792 _ad_dit,
2659 5712 2788 5792 quia
2821 5716 2865 5768 si
2892 5727 2993 5783 ego
3020 5714 3297 5792 Dominus.
3330 5732 3351 5767 ι
3380 5713 3487 5770 Ma.
3530 5734 3695 5777 unus

2155 5784 2306 5851 egins
2332 5785 2529 5838 omittit
2561 5802 2579 5835 ι
2611 5784 2734 5851 quia
2768 5801 2788 5834 ι
2814 5794 2940 5838 ante
2968 5800 2989 5834 ι
3020 5784 3182 5840 sicut.
3216 5802 3239 5837 ι

2174 5851 2287 5921 (59)
2326 5851 2577 5909 Invicem.
2616 5851 2773 5909 Deest
2805 5855 2858 5908 in
2880 5853 3059 5909 editis.
