3768 6546
65 461 173 516 116)

954 449 1314 506 COMMENT.
1353 451 1418 505 IN
1453 449 1672 505 EPIST.
1709 448 1802 503 AD
1833 447 2001 505 ROM.
2040 450 2171 504 LIB.
2209 449 2347 504 VIII.

3136 455 3280 511 1170

57 588 183 636 vam,
214 577 276 623 et
303 569 352 624 si
375 568 501 637 quis
530 567 762 635 accipiat
789 566 977 621 bibere
1008 582 1038 620 a
1065 565 1229 633 Jesu,
1263 577 1321 622 et
1349 583 1487 637 aqua
1517 567 1604 622 illa
1633 571 1684 631 Α
1711 567 1851 620 tiant
1874 607 1891 632 ,
1921 567 2017 622 sed
2042 567 2180 622 bene
2202 574 2257 622 et
2283 567 2492 634 intrgre
2522 569 2843 622 annuntiant
2866 569 3027 624 bona.
3087 570 3284 624 Exem-

61 668 129 719 ﬁat
163 663 214 716 in
248 675 317 716 eo
346 658 469 715 fons
490 674 645 730 aqua:
679 657 924 712 salientis
954 658 1006 712 in
1048 658 1216 712 vitam
1245 667 1506 714 aeternam
1532 659 1599 724 ⁸³,

60 760 138 809 iste
168 752 236 806 de
266 751 374 807 hac
419 763 562 819 aqua
595 748 858 803 doctrinae
904 747 1167 815 spiritalis
1194 757 1372 817 potest
1417 746 1604 804 lavare

62 847 191 914 pedes
225 842 620 912 discipulorum
647 879 664 905 ,
697 849 752 894 et
781 854 972 896 omnes
1015 855 1083 894 ex
1130 840 1308 893 anima
1362 840 1600 907 ipsorum

59 936 408 996 immnnditias
449 935 745 1001 sordesqne
771 932 980 986 diluere
1011 949 1026 986 :
1060 940 1115 986 et
1144 932 1247 986 hoc
1276 929 1479 986 faciens
1508 932 1604 984 da-

60 1046 145 1086 tum
190 1043 222 1081 a
271 1025 539 1094 magistro
568 1022 814 1091 implebit
859 1021 1189 1091 exemplum.
1238 1038 1259 1073 ι
1293 1020 1536 1091 Speciosi
1577 1039 1595 1072 ι

58 1136 155 1193 ergo
187 1138 206 1172 ι
243 1127 373 1173 sunt
395 1116 560 1186 pedes
594 1112 1087 1177 evangelizantium
1114 1114 1275 1167 bona.
1305 1131 1325 1164 ι
1363 1112 1440 1167 De
1470 1114 1601 1181 ipsis

58 1223 158 1284 puto
201 1209 439 1282 pedibus
485 1207 652 1262 etiam
699 1204 808 1274 (40)
862 1204 913 1257 ἰιι
961 1204 1205 1258 Canticis
1266 1204 1597 1259 canticorum

58 1308 236 1372 Sponsa
285 1299 422 1354 dicit
450 1298 520 1352 ad
550 1296 786 1352 Verbum
830 1294 921 1349 Dei
954 1308 969 1347 :
1007 1313 1026 1346 ι
1061 1294 1190 1348 Lavi
1229 1295 1397 1365 pedes
1425 1310 1597 1359 meos,

54 1391 296 1463 quomodo
325 1387 627 1456 inquinabo
658 1402 753 1440 eos
782 1384 867 1439 “ll
902 1404 922 1437 ι
963 1384 1029 1440 Et
1065 1386 1133 1441 de
1176 1386 1305 1455 ipsis
1328 1386 1600 1442 nihilomi-

53 1501 128 1540 nus
151 1482 391 1539 dicitur:
437 1498 458 1531 ι
490 1479 664 1533 Tibiae
694 1486 798 1532 tua:
822 1477 961 1532 sicut
986 1477 1249 1532 columna:
1277 1493 1599 1535 marmorea:

53 1594 145 1630 rum
189 1573 419 1629 basibus
464 1570 737 1641 argenteis
766 1570 833 1621 “.
868 1588 888 1622 ι
932 1570 999 1625 Et
1029 1570 1279 1625 fortassis
1323 1571 1450 1640 quia
1483 1572 1597 1626 btet:

52 1666 365 1739 pulchritudo
400 1674 486 1717 est
517 1663 571 1716 in
598 1662 824 1732 pedibus
869 1662 1600 1734 evangelistarum,propter—

47 1778 92 1815 ea
120 1774 217 1814 non
271 1756 396 1810 vult
423 1769 520 1809 eos
552 1754 811 1810 Dominus
848 1751 1008 1809 .Iesus
1050 1754 1436 1810 calceamentis
1466 1769 1597 1824 ope-

48 1856 147 1917 rire,
190 1862 242 1905 et
270 1847 558 1904 occultare
587 1846 825 1915 speciem
860 1846 1175 1915 pulchram;
1220 1848 1317 1900 sed
1350 1846 1592 1916 praecipit

47 1947 106 1996 ris
135 1957 303 2012 neque
329 1944 762 1999 calceamentum
793 1938 999 1992 habere
1032 1938 1083 1991 in
1124 1939 1210 1990 via
1236 1937 1301 1992 “.
1343 1938 1475 2004 Quae
1499 1953 1593 1992 au-
1625 1918 1664 1972 Β

49 2045 128 2086 ιιιιιι
155 2033 290 2088 horia
325 2036 442 2088 sint
484 2048 608 2103 qua:
633 2031 1046 2101 evangelizant,
1080 2028 1185 2083 hoc
1210 2039 1327 2096 est,
1355 2045 1475 2097 qua:
1499 2046 1596 2083 an-

47 2126 280 2191 nuntiant,
327 2126 639 2181 videamus.
680 2122 942 2189 Quamvis
971 2122 1073 2176 hoc
1103 2120 1276 2190 ipsum
1302 2122 1443 2191 quod
1468 2122 1598 2176 dicit

45 2219 392 2289 erattgelizare
417 2259 435 2283 ,
486 2218 882 2285 interpretetur
932 2231 951 2265 ι
986 2215 1127 2267 bona
1172 2214 1499 2267 annuntiare
1521 2255 1537 2279 ,
1572 2233 1591 2265 ι

46 2327 135 2373 quae
157 2312 259 2364 sint
287 2321 474 2364 tamen
504 2310 643 2364 bona
667 2324 785 2379 qua!
808 2306 966 2361 bonis
983 2306 1214 2372 addidit,
1234 2307 1596 2373 requiramus.

50 2401 185 2455 L‘unm
231 2410 291 2456 et
340 2412 536 2454 verum
580 2398 782 2453 bonum
813 2406 897 2452 est
941 2394 1191 2461 Deus“,
1224 2394 1378 2463 cujus
1420 2395 1600 2466 imago

44 2492 262 2545 lnutitatis
287 2500 378 2546 est
409 2490 580 2544 Filius
602 2489 648 2521 “
668 2527 686 2553 ,
724 2498 780 2543 et
805 2488 1042 2556 Spiritus
1062 2488 1179 2557 ejus
1203 2528 1219 2553 ,
1252 2487 1345 2556 qui
1396 2491 1596 2545 dicitur

45 2586 182 2638 bonus
205 2585 274 2638 ⁸⁵.
320 2584 473 2638 Istud
507 2596 639 2652 ergo
669 2580 782 2649 (41)
808 2596 971 2634 unum
1000 2581 1224 2646 bonum,
1250 2580 1377 2649 quia
1410 2581 1462 2633 in
1490 2579 1598 2634 Deo

43 2673 188 2737 Patre,
217 2686 274 2728 et
305 2673 485 2741 Filio,
515 2684 570 2727 et
602 2671 806 2740 Spiritu
836 2680 1030 2725 sancto
1057 2679 1179 2735 est,
1213 2687 1234 2721 ι
1270 2672 1405 2725 bona
1437 2688 1457 2721 a
1496 2685 1596 2723 no—

42 2768 255 2822 ntinavit.
318 2766 440 2821 Hoc
470 2776 554 2821 est
587 2768 730 2821 enim
759 2766 901 2833 quod
943 2763 1274 2817 annuntiant
1321 2762 1597 2832 evangeli-

40 2870 144 2921 sta,
194 2859 502 2913 secundum
549 2864 876 2926 precepturu
928 2854 1138 2909 Domini
1186 2862 1244 2909 et
1288 2853 1596 2908 Salvatoris

40 2950 181 3003 nostri
220 2949 464 3005 dicentis
498 2966 514 3002 :
548 2966 569 3000 ι
606 2948 703 3014 Ite,
735 2948 923 3001 docete
945 2960 1134 3001 omnes
1176 2954 1389 3015 gentes,
1416 2944 1586 3014 bapti-

39 3052 192 3096 tantes
234 3056 339 3098 eos
380 3042 438 3095 in
483 3041 703 3096 nomine
746 3040 959 3107 Patris,
992 3050 1048 3094 et
1074 3039 1228 3102 Filii,
1265 3049 1322 3093 et
1349 3038 1589 3108 Spiritus

41 3135 182 3189 sancti
204 3133 271 3188 “.
314 3152 337 3185 ι
373 3131 502 3187 Haec
523 3143 651 3188 sunt
679 3146 810 3203 ergo
836 3129 1322 3202 evangelizantium
1349 3130 1488 3185 bona
1523 3129 1588 3183 ".

1705 659 1853 728 plum
1885 674 2017 713 vero
2048 659 2152 715 hoc
2194 658 2261 714 de
2304 657 2441 713 Isaia
2474 659 2587 729 (45)
2627 659 2841 713 videtur
2888 670 3222 730 assumptum
3259 676 3279 717 :

1708 750 1800 803 sed
1833 750 1906 804 ibi
1934 751 2196 820 propheta
2234 751 2302 805 ad
2347 752 2520 819 ipsum
2559 751 2842 805 Dominum
2874 752 3278 819 evangelizandi

1707 840 1942 896 oﬂicium
1970 842 2176 897 retulit.
2212 840 2292 896 Ita
2340 843 2482 896 enim
2515 842 2590 895 ait
2619 859 2634 896 :
2668 860 2688 893 ι
2725 843 2987 907 Quoniam
3021 859 3121 907 ego
3168 846 3283 912 ipse

1706 934 1796 1004 qui
1821 934 2105 1003 loquebar,
2136 935 2353 997 adsum,
2381 944 2639 1001 tanquam
2663 948 2793 986 aura
2824 934 2874 986 in
2903 935 3197 998 montibus,
3224 945 3283 988 ut

1705 1027 1868 1094 pedes
1901 1026 2328 1097 evangelizantis
2359 1027 2470 1097 (41)
2516 1027 2756 1081 auditum
2806 1027 2955 1097 pacis
2976 1066 2991 1089 ,
3027 1037 3083 1081 ut
3116 1043 3283 1082 evan-

1703 1118 1946 1188 gelizans
1992 1119 2131 1173 bona
2180 1118 2250 1172 ⁸⁸.
2291 1138 2310 1171 ι
2372 1118 2568 1174 Verum
2618 1119 2836 1172 videtur
2881 1119 3009 1172 mihi
3060 1118 3277 1183 Paulus,

1703 1208 1830 1277 quia
1878 1211 2144 1278 propheta
2194 1209 2442 1274 dixerat,
2483 1229 2501 1261 ι
2534 1220 2593 1264 ιιι
2642 1210 2805 1279 pedes
2854 1211 3279 1281 evangelizantis

1704 1299 1945 1352 auditum
1976 1300 2148 1367 pacis,
2178 1308 2238 1353 ut
2267 1298 2654 1369 evangelizans
2681 1300 2879 1361 bona,»
2918 1312 2972 1353 et
3002 1302 3102 1355 hoc
3124 1301 3278 1366 quasi

1702 1407 1767 1445 ex
1796 1391 2021 1446 alterius
2070 1392 2476 1461 comparatione
2524 1405 2895 1454 memorasse;
2935 1392 3085 1445 velut
3118 1392 3165 1445 si
3197 1392 3281 1445 di-

1701 1490 1896 1536 ceret:
1939 1480 2013 1535 lta
2044 1483 2210 1537 adero
2254 1492 2313 1537 ut
2360 1482 2523 1536 homo
2550 1483 2640 1551 qui
2678 1484 3017 1551 evangelizut
3063 1498 3273 1552 pacem,

1700 1585 1755 1628 et
1785 1575 2129 1646 evangelizat
2162 1577 2329 1630 bona.
2388 1573 2503 1630 Hoc
2545 1585 2727 1630 autem
2755 1574 2963 1630 faciunt
2993 1574 3220 1644 apostoli
3259 1592 3274 1629 :

1701 1668 1905 1722 idcirco
1937 1670 2005 1723 de
2038 1667 2350 1738 semetipsis
2378 1667 2480 1723 hoc
2505 1667 2728 1731 dictum,
2759 1669 2812 1722 id
2840 1680 2945 1733 est,
2977 1670 3042 1724 de
3067 1676 3278 1737 aposto-

1699 1760 1787 1821 lis,
1825 1759 2102 1827 accepisse
2130 1761 2343 1814 videtur
2374 1759 2509 1829 (45),
2544 1762 2610 1813 ad
2642 1776 2873 1829 quorum
2904 1762 3274 1829 comparatio-

1699 1867 1820 1905 nem
1858 1852 2169 1906 adl‘uturum
2198 1861 2254 1906 et
2279 1852 2779 1922 evangelizaturum
2818 1854 2960 1906 bona
3003 1867 3098 1920 per
3146 1865 3276 1920 pro-

1699 1947 1891 2016 phetas
1920 1961 1980 2000 se
2009 1946 2222 1999 dixerat
2247 1944 2516 2000 Christus.
2868 2004 2873 2009 η

1767 2036 1819 2090 6.
1869 2055 1888 2087 ι
1924 2036 2030 2090 Sed
2062 2051 2171 2089 non
2201 2051 2394 2091 omnes
2438 2036 2697 2091 obediunt
2731 2034 3041 2106 Evangelia.
3105 2033 3275 2090 Isaias

1699 2130 1846 2183 enim
1879 2129 2012 2182 dicit
2045 2145 2057 2181 :
2094 2127 2341 2194 Domine,
2379 2129 2503 2198 quis
2530 2128 2766 2183 credidit
2809 2128 3016 2182 auditui
3046 2138 3231 2182 nostro
3252 2128 3276 2170 ν

1701 2219 1843 2288 Ergo
1890 2218 2023 2273 lides
2063 2233 2130 2273 ex
2180 2218 2402 2283 auditu;
2441 2219 2661 2273 auditus
2707 2229 2889 2273 autem
2930 2233 3027 2288 per
3052 2218 3273 2272 verbum

1699 2309 1925 2363 Christi.
1990 2307 2098 2363 Sed
2148 2308 2271 2363 dico
2319 2325 2336 2364 :
2388 2305 2644 2377 Nunquid
2690 2324 2795 2363 non
2848 2308 3181 2363 audierunt?
3219 2307 3274 2361 In

1698 2414 1915 2454 omnem
1951 2409 2156 2454 terram
2179 2399 2315 2454 exiit
2342 2414 2510 2454 sonus
2536 2413 2759 2467 eorum;
2793 2409 2849 2454 et
2876 2400 2929 2453 in
2963 2399 3096 2455 lines
3126 2400 3278 2455 orbis

1708 2502 1868 2544 terra:
1893 2491 2061 2546 verba
2090 2505 2303 2547 eorum.
2344 2490 2450 2546 Sed
2477 2490 2601 2545 dico
2646 2509 2658 2543 :
2696 2488 2946 2559 Nunquid
2974 2491 3136 2545 Israel
3169 2506 3276 2545 non

1699 2583 1987 2654 cognovit?
2006 2584 2218 2639 Primus
2240 2581 2454 2655 Moyses
2474 2582 2606 2639 dicit
2626 2601 2640 2639 :
2659 2584 2773 2655 Ego
2792 2585 2858 2638 ad
2875 2584 3275 2638 aemulationem

1699 2691 1793 2730 vos
1815 2675 2081 2732 adducam
2112 2677 2163 2728 in
2196 2691 2301 2729 non
2334 2684 2568 2745 gentem,
2598 2676 2652 2729 in
2678 2686 2893 2748 gentem
2918 2677 3273 2737 iusensatam.

1699 2770 1751 2821 in
1786 2766 1923 2821 iram
1966 2781 2064 2822 vos
2085 2766 2360 2822 inducam.
2399 2765 2568 2823 Isaias
2595 2776 2776 2823 autem
2814 2769 2977 2823 audet
3014 2769 3221 2823 etdicit
3256 2786 3273 2825 :

1697 2859 1951 2914 Iuventus
1980 2873 2099 2914 sum
2146 2873 2176 2912 a
2224 2872 2329 2912 non
2373 2860 2742 2928 quaerentibus
2787 2875 2920 2915 me:
2978 2861 3153 2929 palam
3178 2876 3278 2930 ap-

1696 2951 1853 3019 parui
1903 2949 2047 3004 inter
2099 2963 2196 3005 eos
2246 2949 2337 3019 qui
2394 2966 2483 3005 me
2524 2964 2631 3005 non
2682 2950 3116 3020 interrogabant.
3188 2953 3272 3005 Ad

1697 3040 1862 3096 lsrael
1909 3054 2089 3095 autem
2139 3040 2270 3110 quid
2303 3040 2480 3096 dicit?
2530 3039 2666 3095 Tota
2695 3041 2782 3096 die
2806 3042 3037 3112 expandi
3084 3057 3276 3097 manus

1694 3148 1846 3189 meas
1875 3135 1942 3188 ad
1970 3133 2224 3203 populum
2259 3148 2365 3188 non
2399 3134 2745 3199 credentem,
2790 3143 2848 3188 et
2891 3135 3274 3190 contradicen-

38 3223 119 3278 Sed
143 3227 406 3297 quoniam
434 3235 491 3281 et
519 3226 636 3295 ipse
664 3225 842 3280 bonus
869 3226 1090 3279 nuntius
1113 3225 1335 3289 dicitur,
1368 3234 1425 3279 et
1452 3239 1592 3279 nun-
1619 3253 1661 3311 α
1698 3235 1803 3279 tem
1852 3224 1898 3258 δ’
1944 3223 2080 3295 (46).
2140 3242 2161 3278 ι
2244 3222 2434 3293 Neque
2487 3238 2678 3280 omnes
2725 3222 2836 3295 («17)
2890 3238 2957 3279 ex
3024 3224 3274 3294 gentibus

41 3319 149 3373 tiare
172 3319 237 3375 de
263 3319 432 3376 bonis
452 3359 468 3383 ,
516 3317 605 3372 illa
643 3318 715 3373 sit
756 3318 894 3372 ratio
919 3318 1062 3387 quod
1103 3332 1212 3372 non
1246 3317 1419 3372 solum
1448 3318 1590 3373 bona

39 3409 286 3475 nuntiant,
323 3410 426 3465 sed
473 3419 529 3463 et
569 3408 710 3465 bene
758 3410 898 3464 bona
934 3408 1209 3462 nuntiant.
1274 3407 1412 3463 Sunt
1445 3408 1589 3464 enim

39 3503 248 3558 nonnulli
292 3503 390 3574 qui
443 3506 769 3559 annuntiant
813 3504 1030 3573 quidem
1066 3502 1182 3574 (42)
1210 3512 1265 3560 et
1293 3504 1593 3574 praedicant

38 3594 85 3645 de
107 3592 260 3649 Patre
281 3637 299 3657 ,
334 3604 393 3650 et
422 3593 585 3660 Filio,
635 3606 689 3649 et
719 3594 927 3664 Spiritu
963 3604 1192 3663 sancto;
1226 3596 1321 3650 sed
1349 3610 1454 3648 non
1483 3594 1594 3648 sin-

38 3700 151 3750 trre,
185 3703 293 3741 non
332 3688 583 3756 integre:
617 3696 676 3741 ut
698 3698 829 3743 sunt
858 3703 1048 3744 omnes
1076 3687 1341 3749 haeretici,
1367 3688 1458 3754 qui
1493 3686 1594 3740 Pa-

39 3784 146 3829 trem
172 3778 424 3846 quidem,
463 3789 516 3834 et
546 3777 767 3846 Filium,
805 3791 859 3835 et
900 3780 1166 3850 Spiritum
1217 3788 1463 3833 sanctum
1494 3793 1592 3831 an-

40 3869 292 3936 nuntiant;
326 3870 425 3925 sed
455 3885 562 3925 non
595 3874 751 3935 bene,
778 3887 952 3939 neque
985 3870 1221 3925 ﬁdeliter
1246 3870 1587 3923 annuntiant.

39 3958 117 4009 Aut
139 3960 282 4014 enim
311 3959 461 4014 male
490 3970 748 4030 separant
773 3960 972 4015 Filium
996 3976 1026 4014 a
1054 3959 1214 4015 Patre
1235 4000 1252 4027 ,
1281 3970 1341 4014 ut
1366 3960 1592 4014 alterius

39 4063 214 4107 natura:
256 4052 481 4107 Patrem
503 4090 519 4118 ,
554 4053 782 4108 alterius
812 4053 1006 4108 Filium
1037 4053 1222 4108 dicant
1265 4070 1279 4107 :
1330 4062 1425 4107 aut
1454 4053 1592 4108 male

39 4142 373 4211 confundunt,
402 4153 463 4198 ut
485 4146 571 4201 vel
594 4160 659 4200 ex
696 4147 871 4201 tribus
896 4146 1258 4215 compositum
1289 4143 1481 4211 Deum,
1508 4144 1593 4200 vel

39 4238 169 4292 trina:
199 4241 584 4295 tantummodo
612 4240 990 4311 appellationis
1027 4243 1082 4296 in
1112 4255 1178 4296 eo
1204 4254 1329 4296 esse
1354 4241 1592 4296 vocabu-

39 4324 123 4381 lum
157 4341 372 4398 putent.
416 4330 518 4397 Qui
546 4343 728 4387 autem
761 4334 897 4388 bene
939 4333 1230 4387 annuntiat
1272 4332 1438 4399 bona,
1467 4348 1592 4403 pro-

41 4420 271 4485 prietates
299 4424 526 4491 quidem
564 4423 737 4488 Patri,
770 4435 825 4480 et
856 4425 1019 4491 Filio,
1048 4437 1104 4482 et
1144 4425 1370 4497 Spiritui
1401 4433 1593 4480 sancto

41 4523 144 4565 suas
185 4515 391 4584 cuique
440 4516 623 4582 dabit;
679 4516 812 4571 nihil
855 4528 1035 4574 autem
1081 4518 1422 4574 diversitatis
1471 4531 1592 4576 esse

1692 3316 1983 3386 Evangelio
2031 3316 2422 3382 crediderunt,
2477 3330 2652 3385 neque
2699 3330 2891 3372 omnes
2937 3331 3007 3371 ex
3057 3316 3269 3371 Israel:

1690 3408 1853 3481 627
1901 3408 2084 3477 plures
2122 3418 2322 3473 tamen,
2372 3417 2429 3464 et
2461 3408 2629 3463 multo
2670 3408 2851 3477 plures
2889 3423 2955 3465 ex
2995 3409 3268 3479 gentibus.

1692 3517 1855 3570 quam
1896 3515 1962 3555 ex
2014 3500 2199 3555 lsrael.
2231 3500 2385 3568 Quod
2429 3516 2560 3570 ergo
2605 3501 2757 3569 ponit
2799 3502 3094 3571 Apostolus
3143 3504 3271 3571 quia

1693 3594 1860 3647 Isaias
1887 3593 2086 3646 dixerit
2116 3611 2128 3646 :
2165 3616 2183 3643 ι
2223 3592 2473 3658 Domine,
2508 3594 2631 3662 quis
2666 3591 2899 3647 credidit
2925 3592 3130 3646 auditui
3162 3607 3265 3645 no-

1692 3698 1807 3738 stro
1830 3685 1911 3738 ‘°?
1942 3706 1962 3737 ι
1990 3683 2144 3751 Quis,
2189 3700 2287 3754 pro
2326 3700 2453 3737 raro
2487 3684 2692 3739 dictum
2728 3694 2852 3738 est:
2890 3691 2945 3739 et
2978 3686 3272 3740 observate

1692 3780 1952 3834 debemus
2000 3780 2142 3846 quod
2188 3792 2370 3832 sermo
2419 3779 2507 3831 hic
2551 3778 2604 3831 in
2653 3777 2951 3843 Scripturis
2992 3777 3267 3830 interdum

1693 3886 1792 3939 pro
1847 3885 1990 3935 raro,
2053 3868 2319 3923 interdum
2373 3882 2471 3936 pro
2521 3867 2669 3920 nullo
2719 3867 2943 3921 omnino
3005 3866 3266 3936 ponitur;

1692 3962 1843 4017 verbi
1870 3962 2064 4032 gratia,
2095 3970 2151 4014 ut
2184 3976 2304 4014 cum
2332 3960 2465 4013 dicit
2492 3977 2504 4012 :
2541 3977 2561 4010 ι
2599 3957 2732 4026 Quis
2760 3960 2998 4027 sapiens.
3025 3966 3079 4012 et
3102 3958 3265 4012 intel-

1692 4055 1818 4124 liget
1849 4056 1962 4109 haac
1984 4053 2070 4108 ⁸⁸2
2111 4072 2130 4106 ι
2164 4063 2240 4117 et,
2278 4071 2297 4103 ι
2337 4052 2472 4118 Quis
2508 4052 2763 4105 ascendet
2794 4052 2845 4104 in
2876 4060 3115 4105 montem
3156 4048 3265 4103 Do-

1693 4150 1820 4201 mini
1855 4147 1940 4200 "1’
1975 4165 1994 4198 ι
2026 4156 2101 4210 et,
2129 4162 2147 4193 ι
2190 4145 2323 4211 Quis
2345 4155 2431 4201 est
2454 4146 2620 4201 homo
2642 4145 2735 4214 qui
2767 4142 2882 4196 vult
2913 4142 3081 4197 vitam
3114 4141 3201 4196 "I
3238 4160 3259 4194 ο

1691 4241 1746 4295 in
1776 4242 1859 4295 bis
1883 4240 2136 4295 omnibus
2211 4251 2395 4292 rarum
2475 4238 2590 4311 quis
2647 4239 2758 4301 (48)
2824 4235 3116 4306 signiﬁcat.
3158 4234 3265 4291 Ubi

1691 4346 1819 4385 vero
1855 4330 2031 4385 dicit:
2090 4347 2109 4382 ι
2144 4327 2278 4395 Quis
2333 4328 2578 4384 ascendit
2633 4327 2688 4382 in
2717 4325 2952 4382 ctelum?
3012 4327 3114 4380 hoc
3158 4337 3265 4389 est,

1691 4420 1970 4476 Christum
1995 4422 2298 4475 deducere:
2329 4421 2414 4474 vel
2439 4419 2559 4489 quis
2582 4418 2859 4474 descendit
2884 4418 2937 4471 in
2967 4416 3267 4489 abyssum?

1693 4512 1795 4567 hoc
1825 4523 1932 4579 est,
1980 4512 2258 4567 Christum
2294 4527 2324 4565 a
2358 4510 2587 4565 mortuis
2637 4508 2895 4564 reducere
2924 4525 2937 4563 :
2977 4527 2997 4561 ι
3031 4510 3119 4563 hic
3149 4512 3266 4577 quis

41 4603 363 4660 conﬁtebitur
394 4606 448 4661 in
479 4607 787 4663 substantia
828 4609 916 4663 vel
962 4619 1178 4664 natura.
1218 4608 1320 4677 Qui
1353 4625 1486 4679 ergo
1516 4611 1588 4664 ita
1621 4595 1670 4654 Ὠ
1697 4606 1873 4660 nullus
1901 4605 2237 4676 intelligitur.
2282 4604 2471 4659 Nullus
2504 4612 2589 4659 est
2634 4604 2781 4657 enim
2810 4601 2902 4672 qui
2932 4602 3178 4655 ascendit
3210 4602 3262 4652 in

41 4698 339 4751 annuntiant
374 4695 771 4766 Evangelium,
817 4716 925 4756 non
971 4700 1145 4756 solum
1195 4702 1337 4756 bona
1375 4718 1587 4756 annun—

91 4808 130 4878 9
155 4809 315 4863 Joan.
350 4825 425 4873 tv,
459 4808 546 4862 14.
632 4808 678 4841 δ’)
704 4808 860 4866 Cant.
890 4829 945 4878 v,
973 4812 1029 4867 ’5.
1124 4811 1168 4844 ⁸¹
1202 4812 1331 4867 ibid.
1379 4813 1466 4867 15.

41 4875 74 4949 ξ’
98 4877 426 4949 Psal.cxut,
466 4878 554 4935 10.
616 4878 663 4949 δέ
686 4878 878 4936 Matth.
906 4875 1100 4949 ixvttt,
1136 4882 1224 4937 19.
1298 4880 1343 4915 ⁴⁷
1370 4881 1474 4937 lsa.
1502 4882 1669 4947 LII,7.
1744 4880 1790 4913 ⁵⁸
1820 4878 1922 4934 Isa.
1959 4894 2059 4942 ιιι,
2089 4877 2143 4943 6,
2175 4880 2228 4931 7.
2302 4878 2347 4909 ⁸⁸
2379 4877 2536 4932 Rern.
2570 4892 2624 4943 x,
2654 4875 2721 4928 16
2740 4890 2863 4945 sqq.

1694 4699 1891 4753 caelum
1929 4696 2204 4752 Christum
2240 4696 2368 4751 inde
2398 4695 2683 4750 deducere.
2717 4690 2872 4749 Nunc
2914 4706 3063 4763 ergo,
3099 4709 3118 4742 ι
3161 4690 3265 4746 Do-

1561 4812 1605 4844 “
1630 4809 1817 4865 Matth.
1858 4824 1914 4873 ι,
1960 4808 2049 4862 10.
2125 4807 2172 4839 ⁸³
2199 4806 2387 4862 Matth.
2442 4820 2555 4871 XIX,
2588 4804 2676 4859 17.
2755 4803 2802 4835 “
2833 4802 2961 4872 Sap.
3017 4818 3112 4868 vn,
3167 4800 3259 4855 26.

2938 4873 2984 4905 ⁵⁸
3010 4874 3109 4928 Isu.
3137 4887 3256 4938 Lm,

43 4945 85 5009 l;
106 4947 261 5007 Rom.
290 4966 350 5015 ι,
381 4949 472 5004 16.
553 4949 599 4980 ⁸⁸
636 4948 776 5006 Osee
823 4967 941 5018 xw,
968 4953 1057 5008 10.
1087 4945 1097 4949 ⁷
1130 4953 1177 4985 ⁵³
1200 4950 1343 5007 Psal.
1380 4945 1593 5017 nimii

1731 4949 1906 5004 |Psal.
1942 4965 2135 5011 xxxiii,
2186 4949 2275 5002 13.

91 5041 196 5111 (.10)
240 5043 401 5109 Editi,
444 5061 463 5094 ι
498 5041 572 5097 De
597 5042 718 5099 istis
743 5083 760 5111 ,
788 5052 850 5099 ut
879 5055 1044 5116 puto,
1081 5046 1245 5101 etiam
1274 5046 1529 5117 pedibus,
1565 5070 1582 5101 ι

43 5119 120 5163 BIC.

65 5180 199 5258 .(fll)
243 5180 344 5258 Iis.
373 5181 573 5258 Regius
596 5199 746 5238 num.
776 5183 937 5253 1639,
966 5204 986 5237 ι
1007 5194 1063 5241 et
1084 5185 1177 5257 qui
1205 5182 1439 5255 Spiritus
1471 5185 1587 5255 ejus

43 5250 254 5323 dicitur.
272 5253 419 5323 Istud
453 5250 607 5323 ergo,
640 5271 660 5305 ι
692 5262 795 5308 etc.

91 5320 199 5393 (42)
238 5320 737 5393 Μδέιιηιιεῖἰθείιις
765 5324 1120 5390 num.1659,
1165 5343 1185 5377 ι
1224 5323 1318 5379 sed
1352 5332 1409 5379 et
1447 5325 1586 5379 bene

43 5392 285 5463 nuntiant.
326 5391 472 5446 Bona
502 5391 798 5463 sunt‘enim
831 5409 949 5463 quae
983 5395 1225 5451 nonnulli
1260 5395 1587 5449 annuntiant

46 5461 254 5541 pridem.
291 5480 311 5513 ι
347 5471 452 5516 etc.
493 5462 599 5517 Sed
637 5465 819 5519 caeteri
852 5461 998 5520 mss.
1022 5509 1038 5535 ,
1077 5467 1334 5521 Rabanus
1365 5473 1420 5520 et
1454 5465 1587 5519 editi

46 5539 79 5579 ιῑ
107 5539 155 5580 in
185 5543 371 5585 nostro
397 5540 569 5587 textu.

94 5600 203 5672 (βξ)
246 5602 403 5672 liditi,
444 5620 463 5652 ι
502 5601 820 5672 Exemplum
845 5619 973 5660 vero
1010 5607 1076 5661 de
1105 5605 1270 5670 Isaia,
1300 5622 1319 5657 ι
1352 5614 1459 5661 etc.

92 5669 198 5738 (Μ)
234 5671 411 5745 Α1Ξι1ἰιί,⁸
440 5689 460 5723 ι
502 5669 876 5745 ιειιιιιυέιιιιοτιι
912 5678 962 5731 in
992 5669 1305 5739 montibus,
1336 5685 1394 5729 ut
1422 5675 1586 5745 pedes

45 5741 563 5813 evangelizantium,»
597 5753 706 5813 etc.
735 5742 835 5799 his.
863 5745 1062 5813 Regius
1084 5764 1232 5807 num.
1260 5741 1586 5810 1659,ἰι;ιι;ο

46 5811 436 5890 paarn.bora....
469 5822 527 5866 ut
552 5812 713 5881 pedes
736 5811 1248 5887 evangelizautis....
1277 5826 1332 5873 et
1354 5829 1589 5887 evange~

45 5883 258 5946 litantis,
283 5900 303 5933 ι
332 5895 442 5938 etc.
881 5883 902 5887 ⁷
1498 5883 1519 5887 ⁷
1578 5890 1590 5901 ⁷

1722 5045 1732 5053 “
1765 5044 1880 5115 (45)
1927 5042 2149 5097 Videtur
2170 5045 2323 5115 deest
2350 5040 2680 5115 inmunibus
2699 5052 2831 5115 mss.
2859 5046 2909 5090 et
2936 5038 3099 5115 editis
3120 5078 3133 5100 ,
3165 5039 3260 5092 sed

1689 5109 2044 5184 Supplendutn
2092 5114 2325 5184 videtur.
2400 5112 2601 5184 Deinde
2649 5109 2895 5184 θαι-ιμ’(
2933 5110 3193 5161 futurum.
3235 5129 3253 5161 ι

1691 5177 1773 5238 Ε(
1796 5177 1956 5253 paulo
1993 5195 2113 5253 post
2142 5200 2242 5236 ms.
2280 5183 2476 5249 Regius
2528 5194 2674 5232 unm.
2726 5177 2862 5231 1659
2886 5219 2901 5242 ,
2951 5196 2969 5229 t
3005 5194 3103 5247 per
3136 5191 3251 5245 pru-

1708 5255 1923 5309 thetam.
1965 5275 1982 5305 ι

1689 5270 2122 5394 υῠῗὶῶηὶὶᾶηιὶηε
2148 5322 2261 5394 quis
2291 5319 2663 5394 credidithetc.
2695 5331 2868 5394 usque
2888 5316 2985 5394 ad,
3016 5333 3264 5394 non_cre-

1688 5388 1912 5455 dentem,
1944 5400 1991 5445 et
2025 5388 2480 5450 contradicentem,
2517 5388 2715 5442 desunt
2743 5388 2797 5441 in
2837 5388 3016 5453 editis,
3047 5389 3146 5444 sed
3175 5404 3264 5444 re-

1688 5464 1990 5518 stituuntur
2020 5477 2087 5515 ex
2116 5460 2366 5513 omnibus
2396 5474 2524 5513 mss.
2557 5457 2780 5513 nostris.

1761 5534 1868 5602 (47)
1900 5531 2039 5585 Editi
2088 5542 2140 5585 et
2182 5530 2467 5589 Rabanus,
2495 5548 2521 5602 _l
2556 5529 2743 5602 Neque
2785 5527 2931 5581 enim
2964 5543 3197 5602 omnes,
3239 5547 3259 5578 ι

1688 5600 1792 5659 etc.
1824 5600 1929 5657 Sed
1958 5616 2149 5655 omnes
2178 5616 2305 5654 mss.
2339 5600 2507 5653 nostri
2540 5601 2799 5654 omittunt
2828 5620 2846 5650 ι
2889 5600 3055 5653 enim.
3097 5618 3117 5651 ›

1760 5672 1871 5743 (48)
1907 5671 2053 5736 Quis.
2084 5670 2159 5724 Ita
2191 5679 2337 5743 recte
2367 5686 2467 5743 ms.
2507 5686 2647 5724 unus
2676 5670 2878 5743 [tegius
2916 5685 3068 5723 num.
3104 5670 3260 5724 1659.

1688 5740 1881 5799 Czeteri
1914 5757 2044 5796 vero
2082 5756 2244 5812 mss,
2286 5740 2538 5796 liabanus
2582 5749 2637 5796 et
2666 5740 2827 5807 editi,
2862 5761 2879 5793 ι
2915 5755 3202 5812 quemque.
3238 5758 3256 5790 ι

1689 5813 1779 5871 Sic
1810 5820 1864 5870 et
1891 5811 2051 5887 paulo
2076 5811 2236 5868 infra.
