3768 6538
487 434 620 491 ΗΉ

1945 425 2264 482 ORIGENIS

3597 425 3712 479 “'7‘!

487 559 652 624 mine,
680 554 801 625 quis
831 553 1067 610 credidit
1107 553 1312 608 auditui
1363 561 1548 608 nostro
1572 553 1659 606 ⁸δῖ
1694 572 1713 605 ι
1741 551 1883 618 quod
1927 551 2057 605 dicit
2088 555 2135 609 Α
2162 550 2334 619 quem
2365 563 2537 616 neque
2567 555 2865 611 serntones,
2902 553 3131 616 quorum
3160 561 3267 600 non
3297 545 3588 600 audiantur
3605 548 3696 614 (.35:

484 645 670 713 Isaias,
707 664 887 702 rarum
923 650 1041 718 quis
1069 647 1354 719 signiﬁcat.
1397 645 1549 701 Scire
1580 655 1758 699 tamen
1790 659 1888 698 nos
1915 661 2050 697 con-

486 742 655 802 venit,
679 741 822 809 quod
849 759 867 791 ι
890 739 1141 793 Domine.
1161 739 1284 808 quis
1305 740 1534 792 credidit
1553 738 1754 790 auditui
1781 737 2004 790 nostro?
2035 757 2052 788 ι

390 868 398 879 .
489 831 542 883 in
579 829 819 884 Hebraeis
845 828 1245 897 exemplaribus
1289 828 1511 881 Domine
1563 844 1668 881 non
1715 828 1930 892 habeat,
1963 828 2058 880 sed

492 921 546 974 in
602 921 1058 989 interpretatione
1109 919 1462 987 Septuaginta
1515 918 1799 972 Seniorum
1855 920 1972 972 sit:
2005 925 2060 970 et

490 1011 780 1079 Apostolus
827 1009 938 1079 (49)
989 1011 1088 1063 hoc
1139 1009 1375 1078 probans
1418 1009 1559 1077 quad
1603 1011 1739 1076 apud
1786 1008 1906 1061 illos
1950 1018 2058 1070 est,

493 1102 668 1169 posuit
698 1099 934 1151 Domine.
959 1097 1180 1151 Videtur
1207 1106 1385 1150 tamen
1411 1095 1575 1150 Isaias
1600 1095 1712 1149 haec
1736 1109 1798 1149 ex
1831 1109 2058 1162 persona

495 1189 860 1258 apostolorum
913 1187 1257 1254 prophetare,
1312 1186 1509 1253 quibus
1563 1186 1831 1240 creditum
1882 1186 2061 1238 fuerat

495 1277 892 1346 praedicationis
922 1276 1152 1330 ollicium
1187 1295 1198 1328 :
1228 1286 1281 1328 et
1329 1276 1428 1344 ipsi
1462 1292 1580 1328 cum
1636 1277 1917 1329 raritatem
1943 1292 2061 1330 cre-

494 1371 736 1423 dentium
789 1369 1058 1436 praecipue
1104 1367 1169 1420 de
1211 1367 1406 1435 popqu
1454 1366 1615 1420 Israel
1648 1367 1894 1419 viderent
1924 1366 2058 1436 (50),

493 1463 682 1516 dicunt
713 1462 779 1514 ad
816 1460 1104 1513 Dominum
1141 1477 1155 1514 :
1197 1475 1214 1508 ι
1255 1459 1499 1522 Domine,
1553 1460 1676 1526 quis
1709 1459 1939 1512 credidit
1967 1475 2062 1510 au-

496 1554 633 1606 ditui
668 1562 853 1607 nostro
877 1552 962 1604 "‘1
999 1570 1020 1603 ι
1056 1553 1195 1605 sicut
1221 1563 1273 1604 et
1301 1552 1428 1605 illud
1456 1567 1519 1603 ex
1557 1567 1787 1618 persona
1823 1551 2059 1618 ipsorum

496 1645 713 1707 dicitur,
766 1645 891 1713 quia
929 1661 948 1694 ι
988 1645 1424 1696 armuntiavimns
1455 1644 1566 1713 (3t)
1600 1647 1735 1697 sicut
1773 1660 1907 1712 puer
1939 1654 2063 1698 ante

496 1740 699 1806 ipsum,
730 1737 869 1792 sicut
893 1737 1044 1789 radix
1076 1737 1125 1789 in
1162 1745 1303 1788 terra
1333 1735 1532 1788 sitienti
1568 1736 1631 1788 ⁵⁸.
1672 1755 1689 1784 ι
1727 1737 1786 1787 Et
1816 1737 1912 1804 ipsi
1941 1744 2064 1789 sunt

496 1828 852 1882 nihilominus
879 1827 970 1894 qui
1003 1828 1186 1879 dicunt
1216 1825 1361 1878 velut
1392 1842 1513 1878 cum
1558 1826 1670 1892 ipso
1715 1825 1873 1892 positi
1902 1833 1953 1877 et
1984 1825 2063 1875 vi-

496 1922 686 1974 dentes
713 1935 832 1973 eum
865 1919 917 1970 in
951 1919 1134 1971 habitu
1165 1918 1420 1977 humano,
1454 1919 1575 1982 quia
1611 1935 1628 1964 ι
1663 1917 1894 1968 vidimus
1918 1931 2064 1976 eum,

497 2020 550 2063 et
585 2024 689 2062 non
723 2009 952 2062 habebat
979 2007 1210 2076 speciem
1245 2022 1416 2074 neque
1441 2009 1688 2058 decorem
1715 2007 1782 2068 ³⁷,
1821 2025 1838 2054 ι
1867 2016 1921 2058 et
1945 2006 2068 2059 reli-

497 2111 624 2169 qua.
667 2101 770 2154 Sed
797 2109 851 2152 et
882 2100 926 2152 si
963 2099 1032 2150 ad
1069 2111 1356 2166 personam
1401 2097 1633 2163 ipsorum
1687 2095 2065 2163 prophetarum

501 2190 805 2244 referantur
856 2191 968 2241 haec
1022 2191 1208 2251 verba,
1255 2187 1408 2253 quasi
1459 2186 1551 2254 qui
1600 2186 1738 2254 apud
1785 2185 2066 2238 Dominum

503 2291 908 2349 conquerantur
934 2283 1076 2347 quod
1108 2280 1191 2332 his
1219 2293 1338 2346 qua
1368 2277 1433 2330 de
1461 2278 1678 2331 Christo
1709 2278 2066 2346 prophetave-

503 2375 632 2437 rint,
669 2387 828 2450 nemo
862 2383 956 2426 aut
991 2373 1278 2426 admodum
1329 2372 1484 2438 pauci
1527 2387 1590 2424 ex
1619 2371 1812 2440 pupqu
1841 2369 1928 2422 illo
1958 2369 2069 2440 (5'2)

503 2466 854 2531 crediderint,
911 2480 1015 2517 non
1072 2465 1346 2518 videbitur
1393 2465 1650 2516 alienum.
1705 2467 1808 2518 Aut
1843 2481 1944 2518 non
1988 2476 2072 2518 est

504 2558 801 2625 putandum
830 2555 952 2623 quia
980 2554 1193 2625 Moyses
1217 2555 1359 2609 dicat
1385 2558 1449 2608 ad
1477 2556 1758 2608 Domimnn
1786 2575 1797 2608 :
1826 2557 2068 2619 Domine,

502 2650 915 2704 nemoeredidit
948 2649 1153 2702 auditui
1191 2649 1352 2702 meo?
1405 2649 1460 2700 Si
1520 2649 1663 2700 enim
1716 2649 2072 2702 credidissent

503 2731 698 2795 litteris
726 2742 880 2804 meis,
911 2742 1265 2794 credidissent
1301 2741 1482 2808 utique
1506 2748 1560 2791 et
1582 2739 1798 2792 Christo
1824 2755 1838 2793 :
1864 2740 1927 2792 de
1955 2739 2070 2808 ipso

502 2833 646 2885 enim
679 2847 780 2901 ego
813 2832 1047 2900 scripsi:
1088 2850 1106 2881 ι
1144 2831 1282 2899 Ergo
1315 2831 1445 2883 ﬁdes
1487 2846 1550 2883 ex
1589 2831 1808 2895 auditu;
1857 2831 2072 2884 auditus

505 2933 684 2974 autem
719 2936 816 2990 per
837 2921 1058 2974 verbum
1095 2919 1318 2975 Christi.
1345 2939 1362 2970 ι
1394 2919 1488 2973 llic
1517 2939 1535 2970 ι
1569 2923 1792 2974 verbum
1813 2920 2014 2974 Christi
2047 2941 2065 2972 ι

501 3014 943 3080 praedicationem
994 3013 1061 3067 de
1089 3013 1314 3066 Christo
1367 3012 1654 3078 signiﬁcat.
1713 3011 1896 3082 Neque
1925 3014 2070 3066 enim

503 3106 578 3158 illi
632 3104 731 3159 soli
786 3105 1132 3159 crediderunt
1174 3105 1266 3172 qui
1314 3105 1537 3160 verbum
1587 3105 1654 3156 ab
1706 3105 1822 3170 ipso
1856 3103 2072 3157 Christo

507 3193 630 3250 Iesu
667 3193 780 3266 (55)
824 3195 1054 3250 Domino
1109 3195 1360 3264 loquente
1404 3195 1719 3259 audierunt;
1773 3195 1867 3248 sed
1904 3195 2072 3249 multo

504 3288 686 3356 plures
713 3297 858 3352 sunt,
890 3287 980 3356 qui
1014 3287 1284 3340 aliiseum
1314 3286 1735 3354 praedicantibus
1761 3287 2069 3353 audierunt,

508 3380 651 3431 sicut
674 3387 728 3430 et
750 3377 863 3445 ipse
891 3375 1152 3430 Dominus
1199 3378 1518 3445 przedixerat
1573 3377 1798 3446 loquens
1824 3380 1890 3432 ad
1927 3377 2073 3432 Tho-

507 3477 647 3525 mam
683 3471 730 3501 ⁸⁸
761 3484 775 3520 :
809 3485 828 3518 ι
869 3467 1007 3534 Quia
1066 3469 1243 3522 vidisti
1287 3483 1394 3534 me,
1433 3489 1452 3522 ι
1486 3470 1679 3539 inquit,
1711 3489 1729 3521 ι
1761 3471 2071 3534 credidisti;

507 3559 652 3616 beati
681 3575 785 3614 non
812 3560 1062 3614 videntes
1088 3569 1145 3614 et
1190 3562 1476 3618 credentes
1506 3563 1640 3632 (54).
1685 3581 1703 3615 ι
1741 3563 1915 3619 Omne
1943 3581 2074 3633 ergo

505 3655 730 3708 verbum
780 3654 923 3724 quod
954 3653 1208 3722 apostoli,
1240 3663 1295 3708 et
1349 3655 1392 3709 si
1423 3656 1514 3725 qui
1553 3656 1654 3725 alii
1689 3656 1757 3710 ab
1818 3658 1935 3725 ipso
1982 3673 2074 3711 ac-

507 3753 661 3815 cepta
721 3748 899 3817 gratia
954 3747 1021 3802 de
1071 3747 1290 3804 Christo
1341 3724 1792 3817 praidicaverunt,
1839 3724 2071 3804 verbum

508 3837 714 3893 Christi
746 3852 868 3894 esse
899 3838 1236 3908 pronuntiat.
1269 3837 1375 3893 Sed
1407 3849 1460 3894 et
1493 3840 1546 3894 in
1581 3841 1824 3895 Ecclesia
1854 3842 1899 3894 si
1953 3843 2075 3910 quis

509 3932 827 4001 Sapientiam
860 3947 981 4001 quae
1028 3948 1093 3987 ex
1149 3934 1258 3989 Deo
1307 3941 1412 3999 est,
1465 3943 1520 3988 et
1552 3936 1834 3989 veritatem
1867 3935 1959 3989 Dei
1996 3935 2074 3990 lo-

507 4027 729 4097 quatur,
765 4024 808 4079 si
835 4025 957 4093 quis
990 4025 1130 4078 viam
1163 4025 1277 4089 Dei,
1304 4041 1423 4095 qua:
1450 4026 1701 4081 Christus
1729 4035 1837 4091 est,
1862 4028 2072 4095 doceat,

507 4127 563 4171 et
585 4116 851 4184 justitiam
881 4116 999 4184 ejus
1021 4127 1272 4187 exponat,
1307 4119 1426 4172 sine
1455 4117 1618 4172 dubio
1647 4120 1789 4187 quod
1814 4119 2071 4188 loquitur,

505 4209 730 4262 Verbum
779 4206 979 4261 Christi
1011 4217 1112 4263 cst.
1145 4226 1164 4258 ι
1200 4209 1304 4262 Sed
1343 4209 1461 4262 diro
1497 4226 1512 4263 :
1544 4207 1794 4278 Nunquid
1841 4224 1945 4263 non
1978 4224 2075 4262 au-

511 4298 766 4353 dierunt?
795 4297 849 4350 In
881 4313 1097 4353 omnem
1126 4309 1325 4353 terram
1361 4299 1528 4352 exivit
1573 4313 1742 4353 sonus
1777 4314 1986 4364 eorum,
2021 4308 2074 4354 et

507 4378 564 4446 in
591 4392 725 4446 ﬁnes
755 4392 908 4445 orbis
937 4400 1096 4445 terra:
1122 4392 1286 4444 verba
1313 4406 1524 4446 eorum.
1562 4410 1580 4444 ι
1620 4391 1744 4445 llaec
1773 4393 1838 4446 de
1869 4393 2075 4460 psalmo

509 4495 704 4538 octavo
737 4483 948 4539 decimo
986 4485 1297 4550 assumitur,
1329 4485 1418 4540 ubi
1459 4486 1575 4537 ait:
1609 4503 1626 4534 ι
1661 4483 1777 4539 Non
1831 4492 1956 4539 sunt
1991 4485 2071 4539 lo-

582 4649 630 4680 “
665 4649 767 4705 lsa.
802 4648 990 4710 LIIIJ;
1024 4649 1178 4701 Rom.
1216 4662 1272 4711 x,
1310 4647 1398 4700 16.
1471 4639 1516 4679 ⁸⁸
1559 4644 1711 4701 Ioan.
1761 4663 1858 4706 XLI,
1903 4647 1989 4699 38.

513 4720 576 4781 tt.
607 4721 660 4774 4.
739 4716 787 4749 ⁶⁰
815 4719 960 4773 Psal.
994 4727 1146 4783 xvttt,
1181 4719 1234 4773 5.
1312 4716 1354 4748 “
1387 4718 1424 4769 ΙΙ
1470 4717 1608 4770 Tim.
1646 4735 1682 4780 ι,
1714 4719 1799 4770 ll.

2163 658 2324 698 voces
2347 657 2554 698 eorum.
2580 641 2634 695 In
2663 657 2878 695 omnem
2908 656 3107 695 terram
3133 640 3304 694 exivit
3328 653 3498 694 sonus
3522 654 3705 699 eorum,

2162 746 2216 789 et
2245 737 2298 789 in
2334 735 2469 789 ﬁnes
2511 735 2658 790 orbis
2698 744 2856 788 teme
2884 736 3048 788 verba
3101 747 3312 786 eorum.
3353 749 3374 782 ι
3410 730 3467 783 1η
3499 744 3604 797 quo
3627 745 3707 797 pro

2165 829 2469 895 linguarum
2512 836 2566 881 et
2596 841 2907 880 sermonum
2949 826 3216 878 varietate
3266 833 3457 893 gentes
3488 823 3602 875 sine
3625 823 3706 872 du-

2162 917 2251 970 bio
2312 916 2686 984 intelliguntur
2745 930 2760 967 :
2827 925 2882 968 et
2909 916 3105 968 dicitur
3165 915 3294 983 quia
3367 913 3706 982 apostolorum

2163 1007 2362 1061 Christi
2394 1008 2445 1060 in
2481 1023 2692 1060 omnem
2727 1007 2941 1075 quidem
2972 1015 3169 1060 terram
3202 1021 3372 1059 sonus
3401 1005 3592 1058 exierit
3621 1024 3632 1057 :
3664 1005 3704 1054 in

2162 1099 2301 1153 ﬁnes
2332 1113 2459 1153 vero
2485 1101 2632 1154 orbis
2662 1109 2824 1153 terra:
2855 1115 2958 1154 non
2984 1114 3174 1160 sonus,
3224 1101 3319 1151 sed
3348 1098 3516 1150 verba
3543 1113 3705 1165 perve-

2164 1191 2364 1244 nerint.
2425 1190 2577 1256 Quod
2611 1191 2680 1244 ita
2731 1190 2951 1260 intelligi
3002 1198 3200 1257 potest,
3239 1189 3371 1259 quia
3412 1206 3433 1239 ι
3468 1198 3650 1243 terram
3683 1207 3698 1239 ι

2164 1281 2446 1350 imperitos
2467 1295 2712 1349 quosque
2740 1289 2792 1332 et
2819 1277 3128 1332 indocibiles
3153 1277 3408 1330 homines
3430 1276 3570 1330 dicat
3590 1276 3701 1343 (56).

2164 1373 2228 1426 ad
2260 1386 2395 1440 quos
2425 1387 2529 1426 non
2557 1371 2743 1432 verba,
2770 1370 2823 1423 in
2871 1370 3067 1436 quibus
3097 1369 3239 1422 ratio
3269 1367 3396 1421 fidei
3429 1369 3706 1422 continetur

2163 1474 2216 1516 et
2243 1464 2548 1531 explanatio
2579 1462 2876 1530 sapientiae,
2908 1461 2998 1514 sed
3033 1475 3195 1514 sonus
3225 1461 3348 1514 ﬁdei
3383 1461 3640 1514 communi
3662 1471 3705 1512 et

2163 1553 2812 1623 simpliciprtedicatione
2845 1553 3148 1620 pervenerit
3177 1568 3192 1603 :
3228 1551 3392 1604 linem
3432 1564 3557 1602 vero
3582 1551 3704 1602 orbis

2165 1655 2437 1699 terrarum
2478 1645 2806 1698 eruditiores
2843 1658 3084 1712 quosque
3134 1652 3187 1695 et
3216 1642 3599 1709 prudentiores
3628 1657 3703 1706 ap.

2166 1737 2462 1805 pellaverit.
2490 1737 2643 1790 Finis
2684 1737 2827 1789 enim
2863 1735 3250 1804 perfectionem
3290 1733 3499 1786 iudicat
3528 1749 3702 1785 rerum.

2171 1832 2245 1883 Ad
2278 1832 2377 1885 hos
2402 1846 2528 1898 ergo
2562 1830 2698 1884 tales
2726 1844 2829 1882 non
2873 1843 3060 1882 sonum
3100 1828 3270 1889 vocis,
3305 1827 3403 1878 sed
3436 1824 3544 1895 (57)
3568 1828 3703 1878 verba

2169 1933 2223 1977 et
2256 1925 2522 1976 rationem
2556 1923 2863 1990 pervenisse
2907 1921 3237 1988 pronuntiat,
3274 1919 3364 1986 qui
3426 1918 3604 1985 utique
3628 1932 3705 1969 au-

2170 2017 2376 2069 dientes
2400 2028 2704 2068 sermonem
2745 2014 2888 2074 ﬁdei,
2923 2013 3083 2065 etiam
3127 2008 3463 2078 perscrutari
3503 2017 3706 2076 possunt

2169 2118 2222 2161 et
2271 2106 2587 2174 perquirere
2637 2103 2950 2170 Scripturas
3007 2100 3236 2163 divinas,
3300 2107 3362 2151 ut
3403 2111 3705 2166 cognoscant

2169 2213 2354 2253 eorum
2386 2198 2696 2260 verborum,
2723 2211 2841 2264 quae
2862 2197 2942 2249 eis
2970 2209 3066 2262 per
3098 2193 3374 2262 apostolos
3413 2194 3704 2248 annuntiata

2169 2299 2315 2354 sunt,
2350 2289 2658 2343 veritatem.
2706 2288 2770 2342 Et
2813 2288 2952 2342 hanc
2992 2303 3112 2341 esse
3161 2287 3213 2340 in
3248 2287 3335 2341 his
3374 2285 3704 2340 dilferentiam

2169 2383 2350 2437 sciens
2381 2381 2690 2450 Apostolus,
2723 2380 2772 2434 id
2815 2391 2896 2434 est
2927 2380 2979 2432 in
3006 2395 3138 2434 sono
3167 2389 3221 2433 et
3247 2379 3459 2441 verbis,
3504 2379 3704 2446 quodam

2172 2475 2290 2528 loco
2321 2477 2392 2526 ita
2425 2473 2559 2527 dicit
2591 2490 2605 2528 ;
2641 2489 2660 2522 ι
2703 2471 2768 2526 Ει
2793 2487 2974 2525 sermo
3002 2487 3176 2535 meus,
3205 2480 3259 2524 et
3283 2471 3594 2540 praedicatio
3612 2483 3706 2521 mea

2171 2584 2277 2622 non
2312 2567 2411 2620 fuit
2455 2567 2506 2618 in
2540 2565 2805 2618 suasoriis
2847 2563 2958 2632 (58)
2988 2563 3267 2632 sapientia:
3312 2561 3518 2627 verbis,
3551 2562 3634 2615 scd
3663 2561 3705 2612 in

2168 2653 2480 2706 ostensione
2535 2651 2770 2720 Spiritus
2826 2661 2882 2705 et
2924 2652 3139 2705 virtutis
3161 2653 3240 2712 ":
3279 2671 3298 2703 ι
3335 2662 3396 2705 ut
3426 2651 3707 2706 oslenderet

2171 2745 2396 2798 verbum
2438 2745 2652 2812 quidem
2685 2758 2804 2797 esse
2825 2757 2933 2813 quo
2959 2758 3054 2811 per
3084 2743 3337 2798 virtutem
3380 2741 3610 2812 Spiritus
3633 2759 3705 2794 sa-

2170 2837 2368 2906 pientia
2425 2835 2521 2890 Dei
2572 2835 2801 2889 lucidius
2854 2834 3178 2902 explanatur
3228 2853 3241 2888 :
3298 2834 3704 2903 praedicationem

2170 2943 2298 2982 vero
2355 2929 2494 2982 hanc
2525 2940 2643 2980 esse
2677 2927 2743 2980 de
2770 2940 2874 2994 qua
2929 2925 3058 2979 dicit
3113 2924 3407 2992 Propheta,
3459 2925 3582 2994 quia
3616 2943 3632 2974 ι
3663 2925 3704 2974 in

2170 3034 2387 3073 omnem
2418 3027 2619 3071 terram
2643 3016 2810 3070 exivit
2839 3031 3007 3069 sonus
3025 3029 3212 3069 eorum
3239 3013 3286 3044 “
3314 3031 3328 3067 :
3369 3033 3388 3066 ρ
3423 3015 3475 3068 ἰιι
3505 3031 3601 3083 qua
3624 3015 3706 3067 sci-

2174 3111 2294 3163 licet
2329 3109 2554 3176 simplex
2599 3107 2938 3160 annunliatio
2978 3117 3059 3161 est
3101 3106 3212 3177 (59)
3264 3107 3410 3170 ﬁdei,
3445 3116 3499 3160 et
3528 3106 3704 3172 simpli-

2099 3221 2141 3277 ο
2175 3201 2412 3256 ciorihus
2470 3199 2774 3268 quibusque
2828 3197 3119 3253 suﬁiciens.
3172 3199 3278 3254 Sed
3332 3211 3390 3253 et
3446 3198 3564 3250 alibi
3590 3199 3625 3228 ⁶¹
3655 3200 3705 3248 de

2177 3293 2468 3362 semetipso
2491 3293 2644 3356 dicit,
2676 3291 2804 3359 quia
2829 3291 2898 3344 sit
2925 3309 2944 3341 ι
2982 3291 3307 3358 praedicator
3337 3301 3392 3344 et
3423 3291 3584 3362 628
3603 3303 3705 3356 apo.

2176 3388 2364 3447 stolus,
2403 3393 2458 3436 et
2519 3383 2778 3452 magister
2827 3383 3088 3451 gentium.
3131 3399 3150 3432 ι
3202 3379 3258 3435 In
3312 3398 3421 3450 quo
3466 3383 3704 3452 apostolus

2175 3477 2390 3546 quidem
2425 3473 2678 3544 generale
2709 3474 2912 3527 indicat
2939 3487 3131 3528 nomen
3158 3473 3346 3532 ollicii,
3393 3474 3482 3540 qui
3507 3487 3602 3525 non
3632 3485 3702 3523 so-

2174 3569 2282 3622 lum
2310 3567 2586 3638 praedicet,
2611 3565 2703 3620 sed
2730 3577 2784 3618 et
2810 3566 3001 3619 doceat
3031 3582 3044 3618 :
3075 3566 3333 3634 praedicet
3357 3565 3570 3632 quidem
3596 3563 3703 3615 sim-

2173 3660 2364 3730 plicem
2401 3659 2584 3725 ﬁdem,
2610 3668 2671 3712 ut
2722 3657 2830 3712 illis
2857 3657 3054 3726 quibus
3078 3657 3154 3710 ait
3187 3673 3202 3709 :
3238 3676 3256 3708 ι
3293 3656 3440 3710 Nihil
3479 3656 3609 3710 enim
3629 3655 3700 3722 ju-

2174 3755 2346 3810 dicavi
2387 3767 2473 3807 me
2507 3752 2645 3806 scire
2684 3753 2824 3806 inter
2854 3767 2970 3817 vos,
3011 3751 3112 3805 nisi
3144 3749 3332 3806 Jesum
3356 3751 3638 3811 Christum,
3659 3757 3702 3799 et

2175 3849 2319 3903 hunc
2346 3845 2661 3902 cruciﬁxum
2685 3847 2764 3912 ";
2801 3865 2820 3898 ι
2852 3845 3045 3900 doceat
3070 3859 3201 3898 vero
3227 3859 3322 3900 eos
3354 3845 3544 3913 quibus
3589 3843 3703 3897 dice-

2173 3944 2269 3997 bat
2310 3955 2324 3991 :
2379 3958 2398 3992 ι
2448 3939 2782 4008 Sapientiam
2833 3947 3011 3992 autem
3056 3937 3331 4004 loquimur
3389 3939 3523 3990 inter
3552 3933 3699 4002 perfe-

2174 4043 2292 4087 ctos
2324 4030 2391 4085 ⁶³.
2424 4047 2442 4081 ι
2478 4029 2532 4084 1η
2562 4029 2759 4098 quibus
2811 4026 3120 4082 ostenditur
3165 4027 3312 4094 quod
3366 4025 3472 4078 illis
3517 4021 3701 4091 quidem

2175 4137 2366 4178 sonum
2391 4119 2790 4191 pradicationis
2823 4118 3066 4188 protulit,
3113 4115 3197 4170 bis
3251 4131 3386 4169 vero
3418 4112 3699 4183 sapientiam

2177 4214 2272 4270 Dei
2319 4227 2418 4282 per
2471 4212 2638 4265 verba
2687 4209 2962 4264 disseruit.
3001 4226 3020 4258 ι
3092 4205 3199 4260 Sed
3256 4206 3378 4260 dico
3423 4224 3438 4259 :
3488 4199 3702 4270 Nunquid

2173 4299 2337 4356 Israel
2368 4315 2472 4353 non
2498 4298 2780 4368 c0gnovit?
2801 4296 3014 4351 Primus
3040 4295 3248 4366 Moyses
3274 4295 3407 4350 dicit
3458 4309 3470 4344 :
3525 4293 3621 4361 Ego
3643 4289 3696 4343 ad

2174 4389 2572 4446 aemulationem
2601 4406 2694 4445 vos
2725 4391 2986 4444 adducam
3014 4389 3067 4443 in
3106 4404 3208 4441 non
3234 4401 3472 4458 gentem,
3519 4388 3567 4440 in
3592 4400 3698 4453 gen-

2177 4498 2282 4542 tem
2316 4487 2682 4554 insensatam;
2713 4485 2767 4537 in
2798 4485 2938 4538 iram
2971 4499 3064 4538 vos
3092 4483 3347 4536 inducam
3383 4481 3512 4551 (60).
3534 4499 3552 4532 ›
3575 4477 3702 4531 νωθ-

2069 4648 2113 4678 ⁵⁸
2143 4647 2242 4701 lsa.
2291 4648 2490 4710 1,111.2.
2567 4646 2610 4677 ⁸⁷
2659 4645 2788 4700 ibid.
2861 4643 2907 4676 ⁵⁸
2946 4643 3099 4698 Joan.
3146 4659 3242 4703 xx,
3283 4642 3375 4697 29.
3450 4643 3492 4673 ⁸³
3538 4643 3556 4692 1
3595 4637 3694 4691 Cor.

1877 4716 1920 4747 ⁶²
1959 4716 2121 4771 lCor.
2154 4735 2210 4780 ιι,
2241 4718 2328 4771 22.

2407 4718 2452 4748 θ’
2492 4715 2618 4772 ibid.
2664 4717 2716 4770 6.

585 4863 698 4932 (49)
732 4862 896 4922 Edlti,
929 4882 947 4914 ι
984 4862 1230 4932 Domine,
1252 4876 1357 4932 non
1396 4861 1644 4921 habetur,
1690 4860 1781 4932 sed
1811 4859 1958 4932 iuxta
1991 4859 2076 4912 in—
2111 4865 2156 4922 ι)
2186 4858 2380 4932 habent
2412 4857 2749 4932 g_apqstol_us
2781 4875 2801 4908 ι
2837 4869 2936 4924 pro
2970 4855 3267 4932 «apostoli.
3307 4873 3325 4906 ι

509 4927 955 5000 terpretationem
998 4927 1139 4985 LXX
1171 4931 1455 5000 Seniorum
1481 4945 1496 4982 :
1524 4932 1602 4984 sic
1631 4939 1683 4983 et
1711 4929 2020 4996 Apostolus,
2055 4945 2076 4980 ι

510 4999 620 5056 etc.
654 5001 760 5057 Sed
796 5016 984 5054 omnes
1010 5016 1144 5057 mss.
1169 5011 1218 5053 et
1248 4999 1500 5056 Babanus
1528 5009 1586 5051 ut
1615 5001 1666 5052 in
1699 5009 1884 5052 nostro
1915 5007 2084 5062 textu,

513 5072 621 5126 nisi
655 5074 799 5140 quod
852 5070 994 5125 alius
1027 5071 1226 5140 habeat
1287 5087 1304 5120 ι
1359 5084 1423 5122 ex
1467 5069 1934 5140 interpretatione,
1973 5084 1992 5118 ›
2036 5077 2091 5122 et

514 5141 604 5194 alii
637 5139 896 5210 omittam
929 5139 1254 5210 particulam
1294 5157 1312 5189 ι
1345 5140 1397 5192 in
1433 5159 1452 5193 ι
1483 5139 1565 5194 vel
1599 5158 1617 5191 ι
1653 5145 1740 5193 ex.
1779 5155 1799 5190 ι

589 5209 703 5276 (50)
749 5208 978 5272 suum
1010 5210 1214 5264 vident.
1257 5217 1276 5261 ι

591 5279 706 5348 (51)
740 5278 881 5348 Editi
912 5280 1180 5348 plerique,
1211 5297 1230 5329 ι
1271 5295 1335 5333 es
1368 5293 1595 5346 persona
1624 5277 1835 5334 illorum
1861 5277 2099 5344 dicitur;-

486 5339 819 5418 .'qui_i'(al.,
853 5359 871 5398 ι
913 5339 1493 5418 ὴυίιι)’ξιῐιίιυιίιὶ3ιιιιιε,
1537 5367 1555 5400 ι
1581 5358 1685 5402 etc.

594 5414 716 5483 (52)
743 5419 904 5472 Deest
935 5414 956 5469 ἰ
993 5414 1086 5473 illo
1123 5437 1143 5470 ι
1178 5418 1408 5475 inlibris
1435 5429 1589 5472 antea
1621 5419 1800 5472 editis.

514 5553 558 5608 ii.
589 5487 698 5555 (55)
727 5488 929 5544 Christo
957 5491 1098 5544 Jesu.
1135 5489 1260 5543 Haec
1287 5490 1449 5543 verba
1476 5489 1851 5545 desiderantur
1884 5486 1940 5540 in
1969 5486 2084 5541 edi-

559 5573 603 5606 ς.

559 5573 582 5602 ς

528 5697 635 5762 bon
668 5697 921 5771 viderunt
951 5711 1006 5771 et
1037 5700 1399 5771 crediderunt.
1439 5718 1456 5750 ι
1487 5697 1687 5752 Deinde
1735 5714 1836 5754 ms.
1888 5697 2090 5771 Regius

530 5775 679 5825 tium.
713 5770 851 5825 16⁸59
883 5773 938 5822 et
961 5769 1240 5840 Rabanus,
1284 5785 1303 5818 ‹
1343 5768 1513 5840 Qinne
1541 5785 1668 5838 ergo
1694 5773 1915 5826 verbum
1947 5768 2104 5840 q'uod.

528 5841 779 5916 iapostoli,
807 5849 860 5893 et
900 5840 944 5893 si
977 5839 1088 5912 qui,
1143 5857 1168 5891 ι,
1217 5848 1322 5893 etc.
1357 5838 1463 5892 Sed
1495 5841 1668 5892 ca-Ieri
1717 5858 1846 5897 mss.
1879 5852 1933 5898 et
1961 5838 2094 5896 editi

735 5631 827 5686 Sic
857 5637 990 5685 mss.
1014 5637 1068 5685 et
1098 5625 1376 5703 Rabanus.
1424 5627 1741 5703 Edjti_vero,
1775 5647 1793 5678 ι
1829 5631 1969 5703 beati
1995 5626 2099 5700 qui

2255 4928 2367 4996 (55)
2407 4925 2519 4983 Ms.
2553 4928 2754 4998 Regius
2799 4942 2949 4982 num.
2997 4925 3150 4990 l659,
3193 4944 3211 4976 ι
3266 4927 3460 4996 quibus
3496 4936 3591 4978 non
3622 4933 3698 4971 au-

2182 4999 2418 5059 diantur,
2453 5018 2472 5051 ο
2501 5008 2606 5054 etc.

2254 5068 2510 5192 (Studiis.l
2525 5080 2664 5122 unus
2705 5061 2906 5138 Regius
2929 5082 3074 5122 num.
3098 5065 3235 5121 1659
3262 5065 3424 5121 habet
3452 5083 3471 5116 ι
3500 5061 3694 5118 indicati

2254 5156 2284 5192 ο
2313 5156 2330 5186 ι
2405 5155 2481 5192 lca
2517 5180 2527 5190 .
2564 5158 2582 5190 ι

2226 5156 2284 5193 ro
2313 5156 2330 5186 ε
2365 5139 2527 5192 dicat.
2564 5158 2582 5190 ι

2186 5157 2284 5210 pro
2313 5157 2330 5186 σ
2365 5157 2527 5192 meat.
2564 5158 2582 5190 ι

2257 5208 2369 5278 (57)
2404 5208 2498 5262 llis.
2529 5205 2728 5278 Regius
2757 5224 2906 5262 num.
2942 5205 3100 5269 1659.
3139 5222 3302 5278 t_non
3347 5205 3510 5259 solum
3544 5211 3693 5278 vocef.

2188 5272 2304 5343 sed,
2346 5272 2366 5330 ὁ
2401 5289 2504 5331 etc.
2539 5272 2741 5332 Deinde
2765 5280 2904 5332 idem
2938 5293 3040 5332 ms.
3070 5287 3123 5329 et
3147 5272 3426 5341 Rabanus,
3458 5293 3476 5325 ι
3505 5273 3582 5341 qui
3611 5272 3696 5319 uli-

2190 5347 2599 5424 que.Ai_Caet_eri
2649 5363 2778 5401 vero
2807 5362 2950 5424 mss._
2975 5356 3028 5400 et
3070 5347 3278 5424 editi,__¢
3310 5346 3688 5424 quia‘utiquelr

2253 5419 2366 5487 (58)
2390 5416 2550 5487 Editi,
2583 5435 2601 5467 ι
2639 5434 2741 5471 non
2769 5427 2894 5471 sunt
2937 5417 2990 5469 in
3015 5408 3371 5487 suasoriis}
3401 5419 3498 5468 etc.
3531 5408 3696 5487 Deinde.

2181 5479 2283 5545 ms.
2315 5479 2453 5543 unus
2486 5479 2687 5556 Regius
2721 5503 2865 5540 num.
2899 5479 3032 5540 1659
3062 5485 3208 5538 addit
3239 5504 3257 5536 ι
3284 5485 3530 5557 humana:
3554 5484 3694 5557 inani?

2187 5581 2206 5611 ι
2237 5559 2543 5630 sapientiaa;
2625 5557 2848 5630 seduvox
2875 5574 2894 5607 ι
2933 5557 3227 5630 humatur!)
3262 5555 3483 5630 deestin
3510 5549 3693 5614 reliquis

2184 5625 2315 5688 mss:
2349 5643 2554 5681 necnon
2585 5627 2636 5679 in
2667 5627 2843 5682 editis.
2869 5635 2923 5678 et
2947 5626 3084 5691 apud
3115 5625 3425 5691 liabanum.‘

2248 5694 2357 5764 (59)
2390 5691 2809 5764 bst._0niittitur
2838 5692 2891 5744 in
2922 5686 3100 5764 editis.
3134 5690 3408 5764 (tabanus,
3445 5705 3462 5737 ι
3495 5686 3574 5764 sit.
3607 5698 3622 5730 ι

2250 5756 2360 5833 (60)
2389 5762 2551 5822 Editi,
2587 5781 2603 5812 ι
2655 5761 3019 5830 insipientem,
3057 5761 3112 5815 in
3150 5761 3284 5815 iram
3317 5773 3414 5816 vos
3452 5756 3649 5813 mittant.
3675 5761 3700 5800 ’-

2178 5837 2272 5898 sed
2301 5847 2490 5891 omnes
2516 5849 2643 5888 mss.
2675 5843 2734 5887 ut
2759 5835 2812 5888 in
2845 5842 3024 5894 textu.
