3768 6544
89 418 204 476 1175

990 418 1344 475 COMMENT.
1379 418 1447 475 IN
1481 417 1698 474 EPIST.
1734 417 1826 472 AD
1863 417 2031 473 BOM.
2063 417 2199 484 ΜΒ.
2243 416 2377 473 Vlll.

3158 423 3298 481 1176

91 553 238 594 turea
264 553 387 608 qua
411 541 664 610 superius
695 541 854 606 dixit,
886 541 953 595 de
1003 543 1252 610 gentibus
1282 541 1625 610 prolocutus;
1655 547 1705 605 Α
1734 541 1855 606 bus,
1881 556 2022 595 nunc
2062 542 2127 596 de
2155 541 2318 596 lsrael
2368 540 2553 595 facere
2597 544 2941 608 sermonem,
2971 546 3089 610 nec]
3117 554 3296 603 tamen

90 646 205 686 nunc
233 645 385 695 vero,
419 639 478 684 ut
510 632 610 686 sibi
645 632 812 686 moris
843 640 947 696 est,
987 633 1151 687 etiam
1193 634 1259 687 de
1292 631 1456 686 Israel
1503 632 1633 686 sub-
1733 632 2011 686 evidenter
2039 642 2094 688 et
2119 633 2294 703 palam
2329 631 2764 688 immutationem
2799 635 3079 692 declarare
3108 652 3300 707 persu-

85 727 284 794 jungere
309 741 323 777 :
354 723 554 779 et'vult.
577 724 719 793 quod
749 724 1136 779 inexcusabilis
1174 725 1248 778 sit
1279 723 1444 778 lsrael
1477 726 1631 779 testi-

91 821 169 871 bus
194 815 403 870 idoneis
433 816 808 886 comprobare.
841 816 979 884 lpse,
1034 817 1228 886 inquit,
1258 815 1466 887 Moyses
1501 818 1635 871 dicit

88 924 141 960 ex
166 921 394 975 persona
428 908 525 963 Dei
557 925 570 961 :
602 926 621 959 ι
655 908 767 978 Ego
795 910 861 962 ad
907 910 1306 964 aemulationem
1335 923 1436 963 vos
1463 908 1652 969 adduy

89 1016 183 1053 ram
213 999 268 1052 in
313 1014 421 1053 non
469 1009 719 1070 gentem:
756 1019 775 1053 ι
810 1002 877 1055 de
920 1002 1245 1057 Christianis
1295 1004 1414 1058 sine
1471 1001 1634 1057 dubio

91 1092 278 1159 dicens,
307 1089 458 1157 quia
506 1090 614 1144 Deo
641 1090 708 1144 ad
756 1091 1156 1146 amniationem
1208 1093 1405 1162 prioris
1449 1091 1633 1162 populi

88 1179 328 1233 increduli
363 1189 420 1234 et
468 1179 859 1248 contemptoris
915 1183 1175 1250 assumpti
1210 1191 1356 1236 sunt.
1417 1182 1524 1236 Sed
1555 1182 1635 1236 vi-

87 1276 255 1328 deatur
281 1273 541 1328 fortassis
568 1281 780 1342 gentem
811 1287 842 1324 a
870 1271 981 1326 Deo
1007 1272 1131 1328 ﬁdei
1165 1274 1358 1328 merito
1385 1284 1441 1327 et
1467 1273 1632 1328 devo-

89 1367 225 1419 tionis
256 1365 488 1420 electam
525 1364 735 1435 Moyses
766 1363 1080 1432 iniuriosius
1110 1365 1488 1434 compellasse,
1512 1381 1635 1420 cum

85 1457 214 1520 dicit,
254 1474 273 1506 ι
313 1453 371 1508 lu
434 1470 539 1509 non
567 1465 806 1525 gentem,
841 1473 859 1505 ι
909 1463 964 1508 et
994 1454 1104 1524 (61)
1140 1454 1210 1507 ita
1238 1453 1390 1507 nihili
1418 1454 1634 1517 ducere,

85 1559 251 1603 utnec
279 1557 495 1617 gentem
525 1562 646 1600 eam
683 1546 952 1616 appellare
997 1547 1277 1616 dignetur;
1317 1554 1410 1600 aut
1449 1546 1494 1600 si
1544 1560 1638 1614 ap-

85 1640 244 1709 pellet,
275 1639 622 1708 insipientem
650 1637 759 1709 (62)
795 1639 1099 1692 nominare.
1137 1637 1242 1691 Sed
1271 1651 1377 1692 non
1419 1646 1501 1691 est
1557 1637 1638 1690 in-

81 1735 300 1801 juriosus
349 1731 588 1803 Moyses,
637 1740 824 1800 utpote
871 1731 1080 1785 amicus
1114 1730 1232 1795 Dei,
1264 1745 1392 1800 erga
1437 1731 1639 1785 electos

83 1825 180 1892 ejus
213 1842 230 1878 :
273 1839 377 1878 nec
405 1823 736 1879 contumelia
772 1823 1048 1878 videbitur
1087 1823 1140 1877 in
1171 1837 1438 1887 sermone,
1471 1823 1515 1876 si
1546 1837 1638 1875 ra-

1735 737 1818 778 na
1848 722 1956 795 (68)
1981 732 1994 778 ;
2021 725 2094 777 ita
2126 733 2181 778 et
2212 724 2380 780 lsaias
2405 725 2456 779 in
2493 725 2579 779 his
2611 726 2952 781 sermonibus
2977 727 3136 792 facit,
3163 745 3300 795 quos

1736 816 1803 869 ad
1828 817 2131 885 exemplum
2157 817 2446 886 Apostolus
2478 820 2732 888 protulit;
2773 827 2826 873 et
2851 822 3057 889 primas
3084 820 3299 886 quidem

1735 915 1938 977 partes,
1977 909 2025 960 id
2080 918 2183 972 est,
2223 927 2243 960 ι
2281 910 2534 964 inventus
2563 926 2679 965 smn
2729 927 2758 964 a
2793 927 2899 966 non
2936 913 3304 980 quaerentibus

1736 1013 1855 1062 me;
1893 1000 2068 1068 palam
2103 1001 2326 1068 apparni
2367 1000 2512 1055 inter
2547 1002 2665 1054 illos
2724 1004 2815 1070 qui
2857 1017 2964 1057 non
3003 1003 3304 1070 interroga-

1738 1088 1870 1143 bant
1903 1107 2008 1151 nte,
2052 1109 2072 1142 ι
2101 1094 2217 1146 sine
2241 1090 2402 1146 dubio
2426 1093 2495 1146 de
2526 1095 2776 1162 gentibus
2803 1095 2934 1148 dicit
2965 1113 2980 1149 :
3018 1106 3074 1149 et
3098 1094 3188 1149 ubi
3217 1095 3305 1150 ille

1738 1193 2023 1246 personam
2069 1181 2309 1236 latenter
2336 1185 2606 1249 immutat,
2658 1186 2944 1253 Apostolus
2998 1186 3307 1242 evidentem

1740 1269 2139 1326 distinctionem
2165 1275 2508 1330 sermonibus
2533 1278 2644 1332 suis
2680 1279 2820 1331 dedit
2858 1277 2912 1330 in
2935 1291 3000 1333 eo
3031 1279 3173 1347 quod
3207 1280 3307 1332 ad-

1740 1362 1874 1416 didit
1903 1382 1915 1416 :
1953 1363 2082 1433 tmd
2114 1365 2276 1419 lsrael
2301 1377 2479 1420 autent
2509 1368 2639 1437 quid
2685 1369 2846 1422 dicit?
2886 1387 2906 1420 ι
2940 1379 2994 1423 et
3025 1370 3305 1436 superiora

1739 1451 1952 1520 quidem
1985 1453 2052 1506 ad
2075 1466 2296 1523 gentes;
2338 1457 2620 1525 sequentia
2650 1472 2780 1512 vero
2801 1460 3024 1526 exponit
3053 1460 3117 1512 ad
3139 1459 3306 1512 lsraet

1740 1559 1858 1598 esse
1911 1543 2209 1612 referenda,
2246 1547 2301 1600 in
2335 1548 2532 1617 quibus
2559 1550 2675 1603 ait:
2712 1567 2730 1601 ι
2761 1548 2894 1604 Tota
2936 1551 3021 1604 die
3073 1551 3304 1620 expandi

1741 1650 1933 1689 manus
1967 1651 2115 1691 meas
2135 1640 2202 1692 ad
2234 1640 2484 1707 populum
2512 1656 2617 1696 non
2637 1642 2966 1704 credentem,
2997 1649 3052 1695 et
3091 1652 3309 1695 contra-

1742 1726 2028 1781 dicentem.
2076 1746 2095 1780 )
2139 1729 2246 1783 Sed
2273 1731 2449 1798 primo
2493 1731 2733 1784 omnium
2762 1737 2904 1800 quod
2935 1733 3040 1798 ait,
3079 1752 3098 1784 (
3139 1733 3306 1787 Isaias

1740 1819 1904 1872 audet
1949 1826 2004 1871 et
2039 1819 2192 1880 dicit,
2235 1837 2254 1870 ι
2310 1819 2587 1875 videamus
2621 1822 2747 1889 quid
2803 1823 3021 1888 audeat,
3070 1823 3152 1876 vel
3187 1838 3308 1892 qua

85 1887 144 1970 tio
187 1917 465 1972 sermonis
511 1923 786 1985 appareat.
853 1914 1198 1984 Unaquaeque
1245 1929 1407 1983 gens,
1481 1913 1634 1968 verbi
1665 1887 1712 1946 Β
1741 1911 1828 1965 hic
1862 1911 2141 1980 propheta
2175 1913 2432 1967 doceatur
2457 1887 2703 1967 audacia.
2732 1913 2789 1968 Si
2825 1887 3164 1970 intendamus
3196 1887 3305 1986 (69)

82 2025 247 2074 causa,
279 2007 688 2079 Egyptiorum,
714 2016 808 2060 aut
835 2006 1115 2077 Syrorum,
1142 2016 1234 2059 aut
1257 2005 1632 2072 Moabitarum,

83 2118 161 2170 pro
187 2117 253 2156 eo
280 2103 429 2170 quod
457 2101 692 2170 pr0priis
727 2099 992 2165 terminis,
1023 2108 1075 2153 et
1102 2099 1305 2168 lingua,
1340 2107 1394 2152 et
1425 2099 1636 2163 habitu,

81 2205 124 2246 et
167 2192 412 2246 moribus
458 2201 628 2261 atque
677 2189 938 2245 institutis
986 2190 1340 2255 discernitur,
1371 2206 1504 2259 gens
1549 2189 1636 2242 illa

82 2286 151 2338 vel
195 2285 286 2338 illa
337 2284 693 2355 appellatur:
730 2292 786 2337 et
838 2299 1012 2352 neque
1064 2283 1207 2354 Syri,
1254 2281 1491 2354 Egyptii
1540 2283 1640 2336 ali-

80 2375 280 2443 quando
329 2375 636 2429 dicuntur:
669 2388 844 2443 neque
889 2373 1159 2440 Moabitae,
1193 2373 1408 2428 Idumaei
1456 2373 1641 2443 appel-

81 2468 276 2533 lantur;
329 2475 425 2520 aut
468 2468 680 2522 Arabes
736 2466 953 2539 Scytha
993 2467 1129 2540 (65).
1161 2469 1452 2522 Christiani
1509 2483 1638 2523 vero

79 2575 168 2613 non
201 2569 286 2612 est
320 2573 432 2612 una
489 2573 643 2628 gens,
681 2562 776 2614 sed
805 2577 873 2614 ex
918 2559 1173 2614 omnibus
1218 2559 1470 2629 gentibus
1500 2575 1640 2615 unus

79 2651 290 2720 populus
329 2669 347 2707 :
376 2661 433 2707 et
468 2653 590 2706 ideo
620 2650 830 2722 Moyses
866 2667 962 2720 pro
996 2667 1212 2704 summo
1246 2651 1454 2706 honore
1480 2668 1498 2702 ι
1531 2667 1638 2706 non

81 2755 274 2808 gentem
309 2762 332 2797 ι
369 2759 492 2798 eam
528 2746 848 2809 nominavit,
893 2745 1020 2814 quia
1052 2760 1156 2800 non
1184 2754 1306 2798 erat
1350 2760 1452 2798 una
1483 2759 1635 2814 gens,

77 2833 179 2897 sed,
209 2835 254 2889 si
297 2837 375 2888 ita
420 2835 528 2889 dici
558 2844 754 2903 potest,
787 2835 1030 2889 omnium
1061 2833 1304 2904 gentium
1339 2849 1471 2903 gens
1501 2833 1638 2904 (64).

83 2921 263 2977 Verum
295 2923 518 2978 excludi
552 2923 857 2978 videbimur
880 2927 934 2978 in
962 2925 1047 2979 his
1068 2939 1188 2993 qua
1211 2925 1637 2994 subsequuntur,

77 3014 159 3066 ubi
190 3011 325 3066 dicit
362 3030 377 3066 :
422 3030 443 3062 ι
480 3011 536 3065 1η
563 3023 777 3082 gentem
809 3013 1160 3080 insensatam,
1189 3013 1243 3067 in
1271 3014 1408 3068 iram
1431 3028 1526 3069 vos
1559 3014 1642 3068 in-

79 3107 249 3160 ducam
283 3123 300 3160 :
343 3125 362 3158 ι
393 3106 540 3174 quod
575 3115 632 3160 et
663 3117 876 3174 gentem
914 3121 1058 3173 eam,
1084 3116 1138 3162 et
1166 3106 1508 3176 insipientem
1543 3123 1642 3163 no--

79 3196 378 3289 tuinaverit.
419 3198 620 3289 Verum
662 3198 821 3289 nein
859 3198 964 3254 hoc
1012 3199 1232 3268 quidem
1277 3200 1517 3254 famulus
1548 3201 1641 3255 Dei
1670 3232 1712 3289 ο

79 3285 274 3360 Moyses
305 3283 702 3344 contumeliam
732 3288 862 3344 facit
893 3290 1086 3360 populo
1106 3290 1233 3358 Dei;
1258 3291 1350 3346 sed
1381 3291 1642 3360 praevide-

79 3380 159 3434 bat
187 3382 238 3436 in
273 3381 479 3452 spiritu
509 3381 766 3451 quoniam
797 3382 843 3436 si
876 3384 998 3452 quis
1036 3382 1145 3438 vult
1189 3385 1410 3452 sapiens
1437 3397 1558 3438 esse
1587 3383 1642 3438 in

79 3473 169 3527 hoc
214 3480 444 3539 mundo,
503 3475 767 3545 insipiens
810 3475 930 3530 ﬁeri
987 3475 1167 3541 debet,
1203 3485 1264 3530 ut
1312 3475 1384 3529 sit
1425 3475 1644 3546 sapiens

79 3568 205 3634 apud
232 3568 406 3622 Deum
441 3565 525 3633 “;
556 3576 612 3621 et
642 3585 660 3618 ι
693 3568 822 3636 quia
848 3583 957 3622 non
991 3567 1242 3637 cognovit
1289 3569 1522 3622 mundus
1549 3582 1645 3636 per

78 3660 389 3724 sapientiam
421 3658 628 3721 Deum,
669 3658 870 3729 placuit
905 3659 1015 3713 Deo
1047 3673 1141 3728 per
1169 3659 1457 3713 stultitiam
1503 3674 1642 3728 pra-

81 3753 357 3809 dicationis
387 3752 578 3808 salvos
606 3751 785 3807 facere
811 3754 1097 3808 credentes
1123 3753 1166 3784 ⁸⁸
1204 3772 1217 3807 :
1257 3772 1276 3806 ι
1312 3763 1366 3808 et
1395 3754 1517 3822 quia
1548 3769 1646 3822 per

79 3847 521 3911 pradicationem
544 3845 722 3899 crucis
755 3843 981 3911 Christi,
1002 3860 1123 3914 qua
1149 3854 1236 3899 est
1258 3843 1486 3899 stultitia
1508 3859 1643 3914 gen-

83 3939 210 3991 tibus
225 3937 292 4002 ⁸⁸,
313 3936 744 4005 εοηετι-ςιιιιὶιιιι*
767 3935 995 4006 populus
1015 3937 1103 4003 qui
1133 3937 1224 3988 iiat
1247 3937 1296 3989 in
1322 3937 1424 3991 hoc
1448 3936 1647 3990 mundo

83 4032 284 4094 stultus,
330 4040 395 4084 ut
434 4029 516 4083 sit
543 4031 758 4099 sapiens
794 4032 934 4098 apud
969 4030 1157 4084 Deum.
1202 4028 1516 4084 Irascuntur
1554 4044 1646 4083 er-

83 4140 140 4189 go
169 4124 274 4195 (65)
305 4123 481 4179 Judai
512 4124 655 4193 quod
689 4123 820 4192 ipsis
845 4123 1229 4178 excusantibus
1266 4130 1321 4178 et
1357 4121 1645 4178 refutanti-

79 4217 191 4280 bus,
223 4219 286 4271 ad
319 4217 638 4272 convivium
664 4217 805 4286 regis
835 4215 1072 4270 invitata
1100 4225 1226 4270 sunt
1272 4225 1481 4284 gentes,
1531 4229 1638 4268 non

83 4311 396 4378 aspicientes
445 4311 514 4362 ad
563 4323 625 4362 ea
679 4323 800 4378 qua
860 4307 1059 4362 dudum
1107 4307 1172 4360 de
1228 4307 1331 4360 hoc
1385 4303 1644 4377 mysterio

88 4420 103 4450 ι
139 4403 299 4457 Isaias
352 4401 524 4455 audet
569 4409 627 4454 et
667 4400 845 4454 dicit:
874 4398 1129 4452 Inventus
1173 4413 1292 4452 sum
1325 4396 1438 4468 (66)
1471 4411 1501 4449 a
1537 4413 1642 4450 non

81 4493 440 4558 quarentibus
463 4505 581 4546 me:
607 4491 781 4560 palam
804 4489 1025 4558 apparui
1045 4489 1186 4543 inter
1199 4502 1294 4543 eos
1315 4487 1405 4556 qui
1431 4485 1641 4556 me(67)

1737 2003 1922 2057 verbis
1951 2003 2094 2056 beati
2119 2003 2378 2072 Stephani
2405 2005 2633 2060 dicentis
2659 2007 2732 2059 6":
2773 2024 2790 2057 ι
2823 2008 2991 2074 Quem
3017 2009 3158 2062 enim
3182 2025 3309 2078 pro-

1737 2093 2024 2162 phetarum
2059 2109 2164 2150 non
2209 2098 2477 2165 persecuti
2509 2108 2635 2151 sunt
2667 2108 2851 2168 patres
2884 2099 3072 2166 vestri,
3099 2101 3186 2168 qui
3210 2115 3306 2152 an-

1738 2183 2066 2238 nuntiabant
2101 2185 2169 2239 de
2200 2185 2434 2240 adventu
2466 2184 2638 2241 Justi?
2676 2207 2694 2240 »
2735 2198 2862 2244 tunc
2906 2188 3060 2244 Isaia
3111 2190 3308 2243 intelli-

1739 2276 1917 2346 gimus
1942 2277 2248 2342 audaciam,
2279 2279 2369 2347 qui
2393 2281 2859 2346 persecutionibus
2905 2292 2962 2336 et
2986 2293 3156 2337 morte
3181 2299 3307 2351 pro-

1739 2368 1916 2438 posita
1945 2382 2107 2423 ausus
2135 2377 2217 2422 est
2252 2378 2432 2424 tamen
2459 2370 2528 2425 de
2558 2373 2792 2427 adventu
2825 2372 2960 2428 Justi
2987 2377 3303 2445 praedicare,

1739 2471 1792 2517 et
1819 2477 1914 2532 pro
1941 2463 2081 2518 bono
2111 2461 2274 2516 audet
2308 2463 2474 2517 etiam
2513 2465 2648 2518 mori
2671 2464 2736 2521 ⁸⁸.
2782 2465 2836 2518 ln
2875 2482 2980 2533 quo
3025 2475 3200 2520 tamen
3233 2467 3308 2521 si-

1740 2553 1853 2609 mul
1887 2564 1940 2608 et
1975 2554 2102 2610 illud
2129 2557 2458 2619 ostenditur,
2481 2557 2604 2625 quia
2632 2573 2762 2622 non,
2799 2569 2858 2612 ut
2885 2558 3049 2628 aliqui
3093 2565 3308 2629 putant,

1739 2647 2017 2716 propheta
2051 2649 2364 2703 nesciebant
2389 2650 2516 2718 quid
2547 2650 2817 2715 dicerent,
2841 2660 2899 2705 et
2923 2651 3079 2719 quasi
3105 2651 3310 2705 aliena-

1745 2747 1798 2791 to
1827 2753 1987 2792 sensu
2021 2754 2122 2794 suo
2151 2740 2566 2810 prophetabant.
2605 2741 2757 2806 Quod
2807 2742 2952 2796 enim
2986 2741 3120 2796 dicit
3166 2745 3311 2808 Apo-

1741 2829 1914 2884 stolus
1948 2831 2014 2884 de
2049 2829 2210 2896 Isaia,
2241 2831 2368 2900 quia
2391 2849 2411 2882 ι
2442 2831 2600 2886 audet
2625 2840 2678 2884 et
2701 2831 2849 2898 dicit,
2889 2849 2909 2884 ι
2943 2831 3048 2886 hoc
3077 2832 3310 2900 indicat,

1742 2919 1866 2989 quia
1899 2930 2127 2976 mortem
2155 2930 2510 2976 contemnens
2551 2930 2606 2976 et
2636 2921 3043 2991 persecutiones
3073 2938 3193 2991 qua
3221 2923 3309 2977 in-

1743 3009 2078 3081 ferebantur,
2130 3015 2378 3081 quamvis
2407 3013 2573 3070 sciret
2621 3014 2722 3068 sibi
2771 3013 3052 3068 imminere
3094 3014 3314 3083 pericu-

1742 3107 1878 3172 lum,
1912 3105 2076 3161 audet
2105 3115 2286 3160 tamen
2318 3112 2372 3159 et
2415 3103 2675 3173 pradicat
2722 3105 2948 3158 verbum
3000 3104 3118 3170 Dei,
3171 3104 3313 3162 sicut

1743 3209 1797 3255 et
1825 3201 1938 3268 ipse
1965 3197 2163 3254 Paulus
2189 3197 2444 3253 dicebat:
2475 3214 2495 3248 ι
2527 3194 2653 3251 Scio
2684 3195 2807 3265 quia
2840 3196 3056 3249 vincula
3098 3205 3152 3250 et
3181 3211 3307 3250 car-

1746 3307 1899 3348 ceres
1923 3298 2141 3346 manent
2170 3305 2256 3345 me
2295 3290 2350 3346 in
2377 3288 2758 3359 Jerosolymis;
2791 3287 2883 3343 sed
2905 3303 3005 3358 ego
3036 3303 3140 3343 non
3169 3289 3312 3343 facio

1745 3383 2050 3438 chariorem
2093 3381 2330 3440 animam
2359 3401 2532 3443 meam
2559 3383 2690 3438 mihi
2712 3382 2776 3436 ".
2811 3402 2830 3434 ι
2859 3380 2950 3438 Sic
2968 3396 3097 3452 ergo
3123 3379 3233 3452 (70)
3258 3389 3316 3433 et

1746 3476 1914 3532 Isaias
1932 3473 2138 3529 sciebat
2153 3473 2370 3544 quidem
2394 3476 2686 3528 secandum
2707 3488 2766 3528 se
2781 3487 2900 3528 esse
2913 3483 2966 3528 et
2984 3470 3313 3526 interticien-

1746 3569 1872 3621 dum
1901 3564 2066 3636 629
2092 3565 2160 3620 ab
2187 3564 2366 3634 impiis
2391 3604 2406 3632 ,
2435 3565 2598 3619 audet
2630 3574 2810 3621 tamen
2840 3604 2856 3630 ,
2881 3574 2936 3618 et
2962 3578 3032 3618 ex
3080 3577 3312 3632 persona

1745 3657 1948 3712 Christi
1989 3656 2166 3711 dicit:
2201 3672 2221 3705 ι
2261 3655 2520 3710 Inventus
2565 3670 2685 3708 sum
2730 3669 2760 3707 a
2796 3669 2902 3708 non
2947 3653 3315 3723 quaerentibus

1746 3763 1833 3804 me
1860 3748 1929 3801 ⁷ο.
1973 3767 1993 3800 ι
2027 3747 2246 3801 Certum
2281 3755 2365 3800 est
2406 3756 2581 3799 autem
2611 3745 2752 3814 quod
2784 3755 2974 3814 gentes
3001 3753 3157 3798 erant
3193 3756 3314 3812 qua

1747 3839 2017 3896 Christum
2055 3853 2156 3893 nec
2182 3852 2427 3907 quaerere
2475 3845 2777 3902 noverant,
2814 3851 2916 3890 nec
2957 3837 3024 3890 de
3048 3851 3113 3890 eo
3140 3836 3314 3889 inter-

1746 3944 1938 4002 rogare
1993 3931 2316 3985 didicerant.
2375 3929 2701 3985 Invenerunt
2751 3939 2934 3984 tamen
2988 3943 3150 3997 quem
3206 3941 3313 3981 non

1745 4025 2096 4096 quasierunt,
2122 4023 2248 4092 quia
2279 4023 2395 4094 ipse
2422 4037 2516 4078 eos
2544 4023 2691 4092 prior
2714 4022 2983 4091 quaesivit.
3013 4021 3210 4077 Pastor
3227 4034 3314 4076 est

1749 4117 1895 4174 enim
1931 4117 2100 4171 bonus
2130 4116 2198 4181 ⁷³,
2230 4123 2284 4168 et
2325 4129 2479 4169 ovem
2505 4128 2625 4183 qua
2647 4113 2886 4183 perierat
2909 4112 3198 4182 requisivit
3229 4112 3309 4175 ης
3339 4175 3343 4179 ι

1746 4217 1801 4263 et
1826 4208 2094 4276 sapientia
2138 4216 2221 4261 est
2243 4221 2364 4276 qua
2402 4205 2723 4260 drachmam
2749 4205 3014 4276 perditam
3041 4204 3314 4274 quaesivit,

1746 4311 1802 4354 et
1847 4314 2092 4369 quarens
2137 4300 2342 4354 invenit
2384 4298 2452 4354 ⁵³.
2485 4296 2655 4352 Judaei
2701 4308 2881 4352 autem
2933 4312 3104 4367 usque
3138 4296 3312 4351 adhuc

1746 4402 1999 4462 quarunt
2032 4393 2100 4445 de
2129 4391 2346 4446 Christo
2369 4433 2384 4458 ,
2413 4400 2469 4446 et
2517 4391 2858 4460 interrogant
2899 4390 3208 4459 Scriptura:
3244 4391 3310 4444 de

1747 4498 1831 4550 eo,
1881 4493 1937 4536 et
1983 4498 2087 4537 non
2121 4483 2434 4546 inveniunt;
2478 4482 2602 4550 quia
2652 4496 2780 4535 crux
2831 4482 2950 4548 ejus
2991 4479 3192 4534 Judais
3231 4490 3343 4534 est.-

82 4599 181 4637 non
212 4580 645 4652 interrogabant.
673 4581 751 4633 Ad
779 4579 940 4634 lsrael
967 4587 1148 4632 autem
1172 4577 1301 4648 quid
1325 4577 1487 4632 dicit?
1509 4577 1643 4630 Tota
1676 4596 1722 4650 ι)
1751 4575 2067 4630 scandalum
2095 4575 2140 4607 ⁷⁸
2171 4573 2283 4646 (71)
2311 4595 2325 4628 ;
2352 4585 2407 4629 et
2432 4575 2551 4630 ideo
2576 4574 2708 4628 dicit
2731 4577 2796 4628 ad
2827 4591 2920 4628 eos
2953 4593 2965 4628 :
3002 4594 3019 4624 ι
3063 4573 3195 4626 Tota
3229 4572 3342 4654 die,

82 4674 160 4728 die
187 4675 416 4745 expandi
453 4689 646 4728 manus
688 4687 834 4726 meas
862 4672 930 4726 ad
963 4671 1216 4738 populum
1263 4683 1367 4723 non
1409 4669 1640 4722 creden-

82 4773 181 4815 tem
235 4775 288 4818 et
343 4763 837 4818 contradicentem.
893 4780 912 4812 ι
956 4761 1108 4814 Sicut
1155 4760 1210 4812 in
1268 4757 1645 4826 superioribus

83 4870 218 4925 sche
242 4857 584 4911 ostendimus
610 4856 912 4924 apostolum
943 4853 1164 4907 Paulum
1197 4867 1340 4906 nunc
1365 4853 1431 4906 de
1461 4853 1640 4923 genti-

1751 4669 1984 4737 expandi
2015 4683 2205 4722 manus
2251 4683 2400 4724 meas
2425 4669 2492 4724 ad
2535 4669 2788 4738 populum
2833 4685 2941 4723 non
2983 4668 3314 4730 credentem,

1753 4772 1810 4815 et
1837 4760 2302 4816 contradicentem
2340 4761 2385 4792 ⁷⁵
2417 4778 2430 4815 :
2464 4779 2483 4813 ι
2523 4761 2625 4815 hoc
2665 4769 2770 4825 est,
2803 4775 2923 4813 cum
2957 4760 3215 4826 penderet
3261 4757 3316 4810 in

1750 4851 2193 4920 cruce,'illi‘non
2231 4853 2405 4906 solum
2449 4867 2550 4908 non
2586 4853 2904 4906 invenerunt
2931 4864 3076 4915 eum,
3112 4848 3204 4903 sed
3232 4847 3342 4904 in-'

144 4998 190 5027 ⁸⁷⁵
226 4996 242 5049 l
287 4997 412 5051 Cor.
447 5011 533 5059 III,
584 4995 669 5052 18.
749 4994 984 5049 “lCor.
1021 5009 1060 5060 t,
1099 4991 1192 5046 21.
1270 4990 1316 5022 “
1356 4990 1486 5045 ibid.
1538 4991 1628 5048 9.5.

1787 4993 1897 5046 Act.
1949 4982 2046 5054 vn,
2073 4963 2162 5046 52..
2239 4991 2282 5022 ⁸⁸
2313 4990 2466 5044 Ruin.
2514 5004 2566 5048 ν,
2601 4989 2663 5060 77.
2739 4988 2782 5019 “9
2809 4987 2928 5060 Act.
2970 5000 3063 5050 xx,
3089 4983 3180 5049 23,
3221 4983 3316 5038 24.

81 5064 124 5096 ’θ
151 5068 251 5121 lsa.
279 5083 405 5134 uv,
449 5068 497 5120 l.
591 5066 636 5097 ⁷¹
666 5065 822 5120 Joan.
853 5081 908 5130 ι,
937 5064 1026 5118 14.

146 5206 261 5277 (61)
293 5207 457 5263 Deest
493 5225 515 5260 ‹
554 5216 610 5263 et
641 5226 660 5260 ι
694 5209 746 5262 in
778 5207 961 5262 editis.

153 5273 261 5344 (62)
287 5277 457 5341 Editi,
496 5295 518 5330 ι
558 5278 898 5348 insipientes,
933 5297 952 5330 ι
989 5273 1142 5348 male.

153 5350 261 5417 (65)
291 5348 389 5403 Ms.
418 5364 562 5404 unus
589 5344 788 5414 Regius
821 5363 970 5402 num.
1004 5344 1140 5400 1659
1176 5351 1339 5407 habet
1365 5374 1386 5405 ι
1417 5351 1586 5410 Geta.
1623 5369 1642 5403 ι

83 5421 387 5492 Sedeateri
411 5435 553 5492 _mss.
593 5431 648 5474 et
678 5417 957 5492 Rabanus,
999 5437 1016 5470 ι
1061 5417 1295 5492 Scytha.
1325 5442 1344 5475 ι

155 5487 260 5560 (64)
285 5489 459 5560 Edili,
488 5509 508 5542 ι
543 5490 782 5544 omnium
805 5490 1040 5560 gentium
1067 5487 1270 5557 gentes.
1317 5512 1334 5544 ι

156 5559 264 5631 (65)
297 5560 387 5615 Sic
412 5559 517 5616 Ms.
552 5561 751 5628 Regius
780 5575 930 5631 num.
957 5559 1094 5614 1659
1122 5572 1174 5615 et
1203 5562 1478 5618 Rabanus.
1503 5563 1649 5619 Editi

87 5642 216 5682 vero
248 5629 460 5702 etgtnss.
498 5631 763 5700 plerique,
794 5649 812 5683 ι
851 5629 1153 5702 irascantur
1174 5648 1321 5702 ergo,
1353 5652 1372 5685 ι
1398 5643 1505 5688 etc.

160 5701 267 5773 (66)
296 5701 460 5764 Editi,
497 5719 518 5752 ε
552 5705 617 5756 de
643 5703 744 5756 hoc
773 5701 1050 5769 mysterio.
1069 5700 1256 5773 _lsaias
1277 5713 1456 5758 autem
1487 5704 1647 5759 audet

83 5781 142 5821 et
170 5771 295 5846 dicit
320 5788 334 5825 :
359 5773 619 5846 Inventus
666 5787 810 5836 sum,
851 5789 868 5823 ι
909 5781 1014 5828 etc.
1061 5771 1172 5846 Sed
1199 5788 1388 5832 omnes
1432 5789 1561 5833 mss.
1595 5781 1650 5835 et

89 5843 335 5903 tzahanus
363 5843 501 5899 utin
532 5851 715 5899 nostro
743 5850 920 5901 textu.

1116 5063 1161 5092 '-"
1190 5060 1322 5116 Luc.
1354 5076 1446 5130 sv,
1482 5061 1537 5118 4.
1614 5062 1810 5119 "ibid.
1839 5065 1890 5117 8.

1987 5062 2034 5093 ⁷⁸
2069 5063 2234 5118 lCor.
2265 5077 2308 5128 1,
2338 5060 2426 5113 25.
2521 5060 2564 5090 ’⁸
2597 5059 2702 5114 lsa.
2727 5071 2851 5120 μιν,
2884 5054 2939 5108 2.

1829 5201 1940 5277 (67)
1967 5202 2131 5277 Editi,
2170 5220 2192 5254 ι
2221 5200 2447 5277 apparui
2478 5200 2565 5277 his
2592 5199 2683 5268 qui
2700 5208 2814 5277 me,
2855 5215 2876 5249 ι
2908 5205 3012 5251 etc.

1828 5267 1938 5346 (68)
1967 5267 2126 5339 Editi,
2159 5291 2178 5324 ι
2220 5267 2274 5326 iii
2296 5267 2654 5346 mutationem
2683 5267 2964 5337 declinare,
2983 5279 3249 5338 persona.
3291 5285 3315 5321 ι

1758 5342 1862 5400 Sed
1887 5342 2075 5398 omnes
2105 5357 2232 5398 mss.
2267 5351 2326 5395 ut
2346 5342 2396 5394 in
2424 5350 2606 5394 nostro
2635 5346 2801 5392 textu.

1827 5415 1940 5485 (69)
1968 5413 2059 5485 Sic
2093 5426 2194 5485 ms.
2221 5411 2418 5485 Regius
2448 5425 2598 5485 num.
2627 5407 2762 5463 1659
2785 5406 3142 5485 etARahanus.
3174 5408 3319 5485 Editi

1754 5478 1882 5541 vero
1905 5478 1959 5539 et
1988 5483 2116 5537 Mss.
2144 5478 2408 5552 plerique,
2447 5498 2466 5552 ι
2496 5479 2798 5552 videamus.
2825 5478 2965 5552 Quid
2996 5481 3194 5534 audet?
3235 5481 3320 5534 vel

1755 5555 2000 5628 qua‘liic
2036 5549 2317 5628 Propheta
2351 5549 2614 5628 audacia?
2639 5549 3115 5628 intendamus,
3158 5568 3177 5600 ι
3210 5558 3316 5606 etc.

1825 5624 1934 5696 (70)
1953 5623 2050 5679 Ms.
2075 5619 2213 5696 unus
2232 5622 2606 5696 llegiusnum.
2629 5619 2794 5696 1659,
2814 5637 2833 5671 ι
2859 5621 3091 5674 animam
3115 5634 3316 5684 meam,

1756 5690 2058 5770 (ιιιὲιῌη-ιξι-ῃιξ2
2088 5710 2116 5770 Δι
2153 5690 2354 5770 Deinde
2382 5691 2532 5757 editi,
2567 5708 2598 5770 «⁸
2619 5690 2677 5745 Si
2712 5705 2862 5770 ergo,
2902 5709 2922 5744 ι
2959 5701 3065 5746 etc.

1827 5765 1942 5842 (71)
1962 5763 2103 5828 Ειὶιὶ
2128 5803 2146 5836 ,
2182 5781 2202 5815 ι
2229 5763 2355 5839 quia
2387 5776 2524 5820 crux
2550 5760 2668 5842 ejus
2690 5763 2768 5820 eis
2783 5760 2878 5824 est
2912 5760 3253 5821 scandalum.
3287 5775 3309 5820 ι
