  <div class='ocr_page' id='page_1' title='image "/cluster/home/n/w/nwhite01/storage/ocr_20150623/14/hvd.32044024333478/595.png"; bbox 0 0 3766 6526; ppageno 0'>
   <div class='ocr_carea' id='block_1_1' title="bbox 465 385 606 442">
    <p class='ocr_par' dir='ltr' id='par_1_1' title="bbox 465 385 606 442">
     <span class='ocr_line' id='line_1_1' title="bbox 465 385 606 442; baseline 0.014 -2"><span class='ocrx_word' id='word_1_1' title='bbox 465 385 606 442; x_wconf 86' lang='grc'>1175</span> 
     </span>
    </p>
   </div>
   <div class='ocr_carea' id='block_1_2' title="bbox 1937 385 2260 444">
    <p class='ocr_par' dir='ltr' id='par_1_2' title="bbox 1937 385 2260 444">
     <span class='ocr_line' id='line_1_2' title="bbox 1937 385 2260 444; baseline 0.006 -2"><span class='ocrx_word' id='word_1_2' title='bbox 1937 385 2260 444; x_wconf 83' lang='lat' dir='ltr'><strong>ORICENIS</strong></span> 
     </span>
    </p>
   </div>
   <div class='ocr_carea' id='block_1_3' title="bbox 3571 399 3676 456">
    <p class='ocr_par' dir='ltr' id='par_1_3' title="bbox 3571 399 3676 456">
     <span class='ocr_line' id='line_1_3' title="bbox 3571 399 3676 456; baseline 0.048 -5"><span class='ocrx_word' id='word_1_3' title='bbox 3571 399 3676 456; x_wconf 71' lang='grc'>1176</span> 
     </span>
    </p>
   </div>
   <div class='ocr_carea' id='block_1_4' title="bbox 462 505 3673 578">
    <p class='ocr_par' dir='ltr' id='par_1_4' title="bbox 462 505 3673 578">
     <span class='ocr_line' id='line_1_4' title="bbox 462 505 3673 578; baseline 0.001 -17"><span class='ocrx_word' id='word_1_4' title='bbox 462 525 627 578; x_wconf 83' lang='lat' dir='ltr'><strong>super</strong></span> <span class='ocrx_word' id='word_1_5' title='bbox 652 508 948 564; x_wconf 77' lang='lat' dir='ltr'><strong>dixerunt:</strong></span> <span class='ocrx_word' id='word_1_6' title='bbox 989 526 1009 560; x_wconf 87' lang='grc'>‹</span> <span class='ocrx_word' id='word_1_7' title='bbox 1061 508 1116 562; x_wconf 87' lang='lat' dir='ltr'><strong>Si</strong></span> <span class='ocrx_word' id='word_1_8' title='bbox 1152 506 1322 562; x_wconf 81' lang='lat' dir='ltr'><strong>Filius</strong></span> <span class='ocrx_word' id='word_1_9' title='bbox 1353 505 1446 560; x_wconf 86' lang='lat' dir='ltr'><strong>Dei</strong></span> <span class='ocrx_word' id='word_1_10' title='bbox 1481 521 1563 572; x_wconf 91' lang='lat' dir='ltr'><strong>es,</strong></span> <span class='ocrx_word' id='word_1_11' title='bbox 1592 505 1859 562; x_wconf 80' lang='lat' dir='ltr'><strong>descende</strong></span> <span class='ocrx_word' id='word_1_12' title='bbox 1889 521 2036 562; x_wconf 88' lang='lat' dir='ltr'><strong>nunc</strong></span> <span class='ocrx_word' id='word_1_13' title='bbox 2065 515 2113 570; x_wconf 75' lang='grc' dir='ltr'>Α</span> <span class='ocrx_word' id='word_1_14' title='bbox 2143 508 2322 562; x_wconf 90' lang='lat' dir='ltr'><strong>minus</strong></span> <span class='ocrx_word' id='word_1_15' title='bbox 2362 505 2579 563; x_wconf 76' lang='lat' dir='ltr'><strong>Christo</strong></span> <span class='ocrx_word' id='word_1_16' title='bbox 2611 506 2890 561; x_wconf 80' lang='lat' dir='ltr'><strong>crederem</strong></span> <span class='ocrx_word' id='word_1_17' title='bbox 2916 547 2931 570; x_wconf 94' lang='lat'><strong>,</strong></span> <span class='ocrx_word' id='word_1_18' title='bbox 2977 515 3032 560; x_wconf 87' lang='lat' dir='ltr'><strong>et</strong></span> <span class='ocrx_word' id='word_1_19' title='bbox 3059 521 3126 561; x_wconf 78' lang='lat' dir='ltr'><strong>ex</strong></span> <span class='ocrx_word' id='word_1_20' title='bbox 3161 507 3266 562; x_wconf 82' lang='lat' dir='ltr'><strong>fide</strong></span> <span class='ocrx_word' id='word_1_21' title='bbox 3304 508 3420 578; x_wconf 76' lang='lat' dir='ltr'><strong>elus</strong></span> <span class='ocrx_word' id='word_1_22' title='bbox 3441 509 3673 578; x_wconf 74' lang='lat' dir='ltr'><strong>Justitica-</strong></span> 
     </span>
    </p>
   </div>
   <div class='ocr_carea' id='block_1_5' title="bbox 461 598 2036 668">
    <p class='ocr_par' dir='ltr' id='par_1_5' title="bbox 461 598 2036 668">
     <span class='ocr_line' id='line_1_5' title="bbox 461 598 2036 668; baseline -0.001 -14"><span class='ocrx_word' id='word_1_23' title='bbox 461 600 528 655; x_wconf 81' lang='lat' dir='ltr'><strong>de</strong></span> <span class='ocrx_word' id='word_1_24' title='bbox 553 617 735 666; x_wconf 83' lang='lat' dir='ltr'><strong>cruce,</strong></span> <span class='ocrx_word' id='word_1_25' title='bbox 760 611 816 656; x_wconf 90' lang='lat' dir='ltr'><strong>et</strong></span> <span class='ocrx_word' id='word_1_26' title='bbox 835 601 1107 656; x_wconf 88' lang='lat' dir='ltr'><strong>credimus</strong></span> <span class='ocrx_word' id='word_1_27' title='bbox 1134 600 1226 655; x_wconf 93' lang='lat' dir='ltr'><strong>tibi</strong></span> <span class='ocrx_word' id='word_1_28' title='bbox 1259 600 1329 654; x_wconf 84' lang='grc'><strong>⁷⁸.</strong></span> <span class='ocrx_word' id='word_1_29' title='bbox 1361 618 1380 652; x_wconf 74' lang='grc' dir='ltr'><strong>ι</strong></span> <span class='ocrx_word' id='word_1_30' title='bbox 1416 600 1526 655; x_wconf 88' lang='lat' dir='ltr'><strong>Sed</strong></span> <span class='ocrx_word' id='word_1_31' title='bbox 1553 598 1677 652; x_wconf 91' lang='lat' dir='ltr'><strong>audi</strong></span> <span class='ocrx_word' id='word_1_32' title='bbox 1711 599 1840 668; x_wconf 88' lang='lat' dir='ltr'><strong>quid</strong></span> <span class='ocrx_word' id='word_1_33' title='bbox 1871 599 2036 653; x_wconf 91' lang='lat' dir='ltr'><strong>etiam</strong></span> 
     </span>
    </p>
   </div>
   <div class='ocr_carea' id='block_1_6' title="bbox 465 693 2038 765">
    <p class='ocr_par' dir='ltr' id='par_1_6' title="bbox 465 693 2038 765">
     <span class='ocr_line' id='line_1_6' title="bbox 465 693 2038 765; baseline -0.003 -13"><span class='ocrx_word' id='word_1_34' title='bbox 465 700 519 752; x_wconf 85' lang='lat' dir='ltr'><strong>in</strong></span> <span class='ocrx_word' id='word_1_35' title='bbox 557 697 837 765; x_wconf 76' lang='lat' dir='ltr'><strong>Sapientia</strong></span> <span class='ocrx_word' id='word_1_36' title='bbox 864 694 1169 751; x_wconf 84' lang='lat' dir='ltr'><strong>Salomonis</strong></span> <span class='ocrx_word' id='word_1_37' title='bbox 1205 693 1419 749; x_wconf 84' lang='lat' dir='ltr'><strong>dicatur</strong></span> <span class='ocrx_word' id='word_1_38' title='bbox 1439 693 1508 758; x_wconf 68' lang='grc'><strong>⁷⁷,</strong></span> <span class='ocrx_word' id='word_1_39' title='bbox 1533 694 1658 762; x_wconf 84' lang='lat' dir='ltr'><strong>quia</strong></span> <span class='ocrx_word' id='word_1_40' title='bbox 1695 712 1714 744; x_wconf 77' lang='grc' dir='ltr'>ι</span> <span class='ocrx_word' id='word_1_41' title='bbox 1745 706 1850 747; x_wconf 93' lang='lat' dir='ltr'><strong>non</strong></span> <span class='ocrx_word' id='word_1_42' title='bbox 1886 693 2038 748; x_wconf 84' lang='lat' dir='ltr'><strong>inve-</strong></span> 
     </span>
    </p>
   </div>
   <div class='ocr_carea' id='block_1_7' title="bbox 464 787 2036 856">
    <p class='ocr_par' dir='ltr' id='par_1_7' title="bbox 464 787 2036 856">
     <span class='ocr_line' id='line_1_7' title="bbox 464 787 2036 856; baseline -0.001 -14"><span class='ocrx_word' id='word_1_43' title='bbox 464 793 644 844; x_wconf 84' lang='lat' dir='ltr'><strong>nietur</strong></span> <span class='ocrx_word' id='word_1_44' title='bbox 678 789 748 842; x_wconf 89' lang='lat' dir='ltr'><strong>ab</strong></span> <span class='ocrx_word' id='word_1_45' title='bbox 779 788 864 842; x_wconf 91' lang='lat' dir='ltr'><strong>his</strong></span> <span class='ocrx_word' id='word_1_46' title='bbox 899 787 991 856; x_wconf 89' lang='lat' dir='ltr'><strong>qui</strong></span> <span class='ocrx_word' id='word_1_47' title='bbox 1026 795 1237 840; x_wconf 88' lang='lat' dir='ltr'><strong>tentant</strong></span> <span class='ocrx_word' id='word_1_48' title='bbox 1278 801 1400 840; x_wconf 91' lang='lat' dir='ltr'><strong>eum</strong></span> <span class='ocrx_word' id='word_1_49' title='bbox 1435 787 1761 855; x_wconf 84' lang='lat' dir='ltr'><strong>:apparebit</strong></span> <span class='ocrx_word' id='word_1_50' title='bbox 1787 802 1919 840; x_wconf 91' lang='lat' dir='ltr'><strong>vero</strong></span> <span class='ocrx_word' id='word_1_51' title='bbox 1951 787 2036 840; x_wconf 87' lang='lat' dir='ltr'><strong>his</strong></span> 
     </span>
    </p>
   </div>
   <div class='ocr_carea' id='block_1_8' title="bbox 460 877 2036 952">
    <p class='ocr_par' dir='ltr' id='par_1_8' title="bbox 460 877 2036 952">
     <span class='ocr_line' id='line_1_8' title="bbox 460 877 2036 952; baseline 0 -20"><span class='ocrx_word' id='word_1_52' title='bbox 460 881 552 952; x_wconf 89' lang='lat' dir='ltr'><strong>qui</strong></span> <span class='ocrx_word' id='word_1_53' title='bbox 584 895 690 935; x_wconf 91' lang='lat' dir='ltr'><strong>non</strong></span> <span class='ocrx_word' id='word_1_54' title='bbox 733 889 857 934; x_wconf 90' lang='lat' dir='ltr'><strong>sunt</strong></span> <span class='ocrx_word' id='word_1_55' title='bbox 888 878 1153 933; x_wconf 89' lang='lat' dir='ltr'><strong>increduli</strong></span> <span class='ocrx_word' id='word_1_56' title='bbox 1199 881 1267 930; x_wconf 87' lang='lat' dir='ltr'><strong>ad</strong></span> <span class='ocrx_word' id='word_1_57' title='bbox 1303 892 1448 932; x_wconf 90' lang='lat' dir='ltr'><strong>eum.</strong></span> <span class='ocrx_word' id='word_1_58' title='bbox 1493 899 1512 928; x_wconf 76' lang='grc' dir='ltr'>ι</span> <span class='ocrx_word' id='word_1_59' title='bbox 1550 877 1656 930; x_wconf 88' lang='lat' dir='ltr'><strong>Sed</strong></span> <span class='ocrx_word' id='word_1_60' title='bbox 1686 893 1753 931; x_wconf 92' lang='lat' dir='ltr'><strong>ne</strong></span> <span class='ocrx_word' id='word_1_61' title='bbox 1784 879 1886 932; x_wconf 89' lang='lat' dir='ltr'><strong>hoc</strong></span> <span class='ocrx_word' id='word_1_62' title='bbox 1914 879 2036 948; x_wconf 87' lang='lat' dir='ltr'><strong>qui-</strong></span> 
     </span>
    </p>
   </div>
   <div class='ocr_carea' id='block_1_9' title="bbox 461 970 2032 1040">
    <p class='ocr_par' dir='ltr' id='par_1_9' title="bbox 461 970 2032 1040">
     <span class='ocr_line' id='line_1_9' title="bbox 461 970 2032 1040; baseline 0 -16"><span class='ocrx_word' id='word_1_63' title='bbox 461 977 582 1026; x_wconf 87' lang='lat' dir='ltr'><strong>dem</strong></span> <span class='ocrx_word' id='word_1_64' title='bbox 609 987 638 1026; x_wconf 89' lang='lat' dir='ltr'><strong>a</strong></span> <span class='ocrx_word' id='word_1_65' title='bbox 668 972 826 1026; x_wconf 89' lang='lat' dir='ltr'><strong>nobis</strong></span> <span class='ocrx_word' id='word_1_66' title='bbox 852 971 1108 1026; x_wconf 87' lang='lat' dir='ltr'><strong>convenit</strong></span> <span class='ocrx_word' id='word_1_67' title='bbox 1159 970 1415 1040; x_wconf 87' lang='lat' dir='ltr'><strong>ignorari,</strong></span> <span class='ocrx_word' id='word_1_68' title='bbox 1455 970 1596 1038; x_wconf 90' lang='lat' dir='ltr'><strong>quod</strong></span> <span class='ocrx_word' id='word_1_69' title='bbox 1623 971 1674 1024; x_wconf 93' lang='lat' dir='ltr'><strong>in</strong></span> <span class='ocrx_word' id='word_1_70' title='bbox 1702 971 2032 1039; x_wconf 73' lang='lat' dir='ltr'><strong>exemplari-</strong></span> 
     </span>
    </p>
   </div>
   <div class='ocr_carea' id='block_1_10' title="bbox 460 1063 2028 1120">
    <p class='ocr_par' dir='ltr' id='par_1_10' title="bbox 460 1063 2028 1120">
     <span class='ocr_line' id='line_1_10' title="bbox 460 1063 2028 1120; baseline -0.003 -1"><span class='ocrx_word' id='word_1_71' title='bbox 460 1065 562 1120; x_wconf 90' lang='lat' dir='ltr'><strong>bus</strong></span> <span class='ocrx_word' id='word_1_72' title='bbox 583 1064 932 1119; x_wconf 69' lang='lat' dir='ltr'><strong>Hebraeorum</strong></span> <span class='ocrx_word' id='word_1_73' title='bbox 952 1078 1059 1117; x_wconf 83' lang='lat' dir='ltr'><strong>non</strong></span> <span class='ocrx_word' id='word_1_74' title='bbox 1082 1063 1312 1117; x_wconf 90' lang='lat' dir='ltr'><strong>habetur</strong></span> <span class='ocrx_word' id='word_1_75' title='bbox 1347 1081 1364 1113; x_wconf 78' lang='grc' dir='ltr'>ι</span> <span class='ocrx_word' id='word_1_76' title='bbox 1397 1072 1450 1116; x_wconf 91' lang='lat' dir='ltr'><strong>et</strong></span> <span class='ocrx_word' id='word_1_77' title='bbox 1487 1063 1975 1118; x_wconf 86' lang='lat' dir='ltr'><strong>contradicentem.</strong></span> <span class='ocrx_word' id='word_1_78' title='bbox 2008 1083 2028 1115; x_wconf 73' lang='grc' dir='ltr'><strong>ι</strong></span> 
     </span>
    </p>
   </div>
   <div class='ocr_carea' id='block_1_11' title="bbox 459 1155 2033 1227">
    <p class='ocr_par' dir='ltr' id='par_1_11' title="bbox 459 1155 2033 1227">
     <span class='ocr_line' id='line_1_11' title="bbox 459 1155 2033 1227; baseline 0 -15"><span class='ocrx_word' id='word_1_79' title='bbox 459 1157 753 1227; x_wconf 78' lang='lat' dir='ltr'><strong>Apostolus</strong></span> <span class='ocrx_word' id='word_1_80' title='bbox 780 1165 959 1211; x_wconf 88' lang='lat' dir='ltr'><strong>autem</strong></span> <span class='ocrx_word' id='word_1_81' title='bbox 1002 1165 1221 1211; x_wconf 73' lang='lat' dir='ltr'><strong>secutus</strong></span> <span class='ocrx_word' id='word_1_82' title='bbox 1249 1167 1332 1211; x_wconf 90' lang='lat' dir='ltr'><strong>est</strong></span> <span class='ocrx_word' id='word_1_83' title='bbox 1368 1155 1720 1224; x_wconf 79' lang='lat' dir='ltr'><strong>Septuaginta</strong></span> <span class='ocrx_word' id='word_1_84' title='bbox 1764 1156 2033 1225; x_wconf 88' lang='lat' dir='ltr'><strong>Interpre-</strong></span> 
     </span>
    </p>
   </div>
   <div class='ocr_carea' id='block_1_12' title="bbox 461 1248 2031 1318">
    <p class='ocr_par' dir='ltr' id='par_1_12' title="bbox 461 1248 2031 1318">
     <span class='ocr_line' id='line_1_12' title="bbox 461 1248 2031 1318; baseline 0.001 -18"><span class='ocrx_word' id='word_1_85' title='bbox 461 1262 571 1303; x_wconf 89' lang='lat' dir='ltr'><strong>tmn</strong></span> <span class='ocrx_word' id='word_1_86' title='bbox 628 1250 912 1303; x_wconf 81' lang='lat' dir='ltr'><strong>veritatem</strong></span> <span class='ocrx_word' id='word_1_87' title='bbox 960 1249 1014 1302; x_wconf 93' lang='lat' dir='ltr'><strong>in</strong></span> <span class='ocrx_word' id='word_1_88' title='bbox 1048 1249 1163 1303; x_wconf 85' lang='lat' dir='ltr'><strong>suis</strong></span> <span class='ocrx_word' id='word_1_89' title='bbox 1201 1248 1460 1318; x_wconf 84' lang='lat' dir='ltr'><strong>scriptis,</strong></span> <span class='ocrx_word' id='word_1_90' title='bbox 1512 1259 1568 1303; x_wconf 90' lang='lat' dir='ltr'><strong>et</strong></span> <span class='ocrx_word' id='word_1_91' title='bbox 1592 1251 1732 1304; x_wconf 88' lang='lat' dir='ltr'><strong>sicut</strong></span> <span class='ocrx_word' id='word_1_92' title='bbox 1757 1249 1834 1303; x_wconf 85' lang='lat' dir='ltr'><strong>illi</strong></span> <span class='ocrx_word' id='word_1_93' title='bbox 1863 1249 2031 1304; x_wconf 90' lang='lat' dir='ltr'><strong>inter-</strong></span> 
     </span>
    </p>
   </div>
   <div class='ocr_carea' id='block_1_13' title="bbox 456 1339 1148 1412">
    <p class='ocr_par' dir='ltr' id='par_1_13' title="bbox 456 1339 1148 1412">
     <span class='ocr_line' id='line_1_13' title="bbox 456 1339 1148 1412; baseline 0 -20"><span class='ocrx_word' id='word_1_94' title='bbox 456 1341 654 1412; x_wconf 86' lang='lat' dir='ltr'><strong>pretati</strong></span> <span class='ocrx_word' id='word_1_95' title='bbox 677 1351 807 1397; x_wconf 92' lang='lat' dir='ltr'><strong>sunt</strong></span> <span class='ocrx_word' id='word_1_96' title='bbox 829 1340 983 1410; x_wconf 89' lang='lat' dir='ltr'><strong>ponit</strong></span> <span class='ocrx_word' id='word_1_97' title='bbox 1013 1339 1148 1412; x_wconf 71' lang='grc'>(72).</span> 
     </span>
    </p>
   </div>
   <div class='ocr_carea' id='block_1_14' title="bbox 529 1431 2028 1503">
    <p class='ocr_par' dir='ltr' id='par_1_14' title="bbox 529 1431 2028 1503">
     <span class='ocr_line' id='line_1_14' title="bbox 529 1431 2028 1503; baseline 0.003 -19"><span class='ocrx_word' id='word_1_98' title='bbox 529 1433 580 1486; x_wconf 91' lang='grc'><strong>7.</strong></span> <span class='ocrx_word' id='word_1_99' title='bbox 632 1451 651 1483; x_wconf 74' lang='grc' dir='ltr'>ι</span> <span class='ocrx_word' id='word_1_100' title='bbox 710 1432 841 1486; x_wconf 89' lang='lat' dir='ltr'><strong>Dico</strong></span> <span class='ocrx_word' id='word_1_101' title='bbox 867 1432 1033 1501; x_wconf 82' lang='lat' dir='ltr'><strong>igitur</strong></span> <span class='ocrx_word' id='word_1_102' title='bbox 1069 1450 1083 1484; x_wconf 84' lang='lat'><strong>:</strong></span> <span class='ocrx_word' id='word_1_103' title='bbox 1113 1431 1364 1500; x_wconf 86' lang='lat' dir='ltr'><strong>Nunquid</strong></span> <span class='ocrx_word' id='word_1_104' title='bbox 1409 1435 1603 1501; x_wconf 83' lang='lat' dir='ltr'><strong>repulit</strong></span> <span class='ocrx_word' id='word_1_105' title='bbox 1635 1434 1777 1487; x_wconf 86' lang='lat' dir='ltr'><strong>Deus</strong></span> <span class='ocrx_word' id='word_1_106' title='bbox 1817 1433 2028 1503; x_wconf 85' lang='lat' dir='ltr'><strong>plebem</strong></span> 
     </span>
    </p>
   </div>
   <div class='ocr_carea' id='block_1_15' title="bbox 452 1523 2029 1595">
    <p class='ocr_par' dir='ltr' id='par_1_15' title="bbox 452 1523 2029 1595">
     <span class='ocr_line' id='line_1_15' title="bbox 452 1523 2029 1595; baseline 0.001 -18"><span class='ocrx_word' id='word_1_107' title='bbox 452 1525 654 1580; x_wconf 85' lang='lat' dir='ltr'><strong>suam?</strong></span> <span class='ocrx_word' id='word_1_108' title='bbox 685 1523 864 1578; x_wconf 86' lang='lat' dir='ltr'><strong>Absit.</strong></span> <span class='ocrx_word' id='word_1_109' title='bbox 895 1523 1029 1577; x_wconf 85' lang='lat' dir='ltr'><strong>Nam</strong></span> <span class='ocrx_word' id='word_1_110' title='bbox 1057 1535 1112 1578; x_wconf 89' lang='lat' dir='ltr'><strong>et</strong></span> <span class='ocrx_word' id='word_1_111' title='bbox 1143 1539 1243 1594; x_wconf 92' lang='lat' dir='ltr'><strong>ego</strong></span> <span class='ocrx_word' id='word_1_112' title='bbox 1273 1524 1513 1578; x_wconf 81' lang='lat' dir='ltr'><strong>Israelita</strong></span> <span class='ocrx_word' id='word_1_113' title='bbox 1545 1541 1663 1578; x_wconf 90' lang='lat' dir='ltr'><strong>sum</strong></span> <span class='ocrx_word' id='word_1_114' title='bbox 1699 1524 1810 1595; x_wconf 82' lang='grc'>(75)</span> <span class='ocrx_word' id='word_1_115' title='bbox 1841 1541 1910 1580; x_wconf 83' lang='lat' dir='ltr'><strong>ex</strong></span> <span class='ocrx_word' id='word_1_116' title='bbox 1938 1540 2029 1578; x_wconf 89' lang='lat' dir='ltr'><strong>se-</strong></span> 
     </span>
    </p>
   </div>
   <div class='ocr_carea' id='block_1_16' title="bbox 453 1617 2031 1688">
    <p class='ocr_par' dir='ltr' id='par_1_16' title="bbox 453 1617 2031 1688">
     <span class='ocr_line' id='line_1_16' title="bbox 453 1617 2031 1688; baseline 0.001 -15"><span class='ocrx_word' id='word_1_117' title='bbox 453 1621 601 1674; x_wconf 87' lang='lat' dir='ltr'><strong>mine</strong></span> <span class='ocrx_word' id='word_1_118' title='bbox 629 1617 884 1679; x_wconf 68' lang='lat' dir='ltr'><strong>Abrahte,</strong></span> <span class='ocrx_word' id='word_1_119' title='bbox 909 1628 964 1672; x_wconf 89' lang='lat' dir='ltr'><strong>et</strong></span> <span class='ocrx_word' id='word_1_120' title='bbox 999 1618 1138 1672; x_wconf 86' lang='lat' dir='ltr'><strong>tribu</strong></span> <span class='ocrx_word' id='word_1_121' title='bbox 1172 1619 1468 1686; x_wconf 71' lang='lat' dir='ltr'><strong>Beniamin.</strong></span> <span class='ocrx_word' id='word_1_122' title='bbox 1503 1618 1620 1672; x_wconf 90' lang='lat' dir='ltr'><strong>Non</strong></span> <span class='ocrx_word' id='word_1_123' title='bbox 1654 1620 1852 1688; x_wconf 90' lang='lat' dir='ltr'><strong>repulit</strong></span> <span class='ocrx_word' id='word_1_124' title='bbox 1889 1619 2031 1674; x_wconf 89' lang='lat' dir='ltr'><strong>Deus</strong></span> 
     </span>
    </p>
   </div>
   <div class='ocr_carea' id='block_1_17' title="bbox 452 1711 2030 1780">
    <p class='ocr_par' dir='ltr' id='par_1_17' title="bbox 452 1711 2030 1780">
     <span class='ocr_line' id='line_1_17' title="bbox 452 1711 2030 1780; baseline 0.003 -18"><span class='ocrx_word' id='word_1_125' title='bbox 452 1712 666 1779; x_wconf 84' lang='lat' dir='ltr'><strong>plebem</strong></span> <span class='ocrx_word' id='word_1_126' title='bbox 703 1727 857 1765; x_wconf 90' lang='lat' dir='ltr'><strong>suam</strong></span> <span class='ocrx_word' id='word_1_127' title='bbox 893 1727 1056 1780; x_wconf 90' lang='lat' dir='ltr'><strong>quam</strong></span> <span class='ocrx_word' id='word_1_128' title='bbox 1097 1712 1388 1780; x_wconf 73' lang='lat' dir='ltr'><strong>praescivit.</strong></span> <span class='ocrx_word' id='word_1_129' title='bbox 1417 1711 1497 1763; x_wconf 87' lang='lat' dir='ltr'><strong>Au</strong></span> <span class='ocrx_word' id='word_1_130' title='bbox 1546 1713 1770 1766; x_wconf 82' lang='lat' dir='ltr'><strong>nescitis</strong></span> <span class='ocrx_word' id='word_1_131' title='bbox 1827 1713 1880 1767; x_wconf 93' lang='lat' dir='ltr'><strong>in</strong></span> <span class='ocrx_word' id='word_1_132' title='bbox 1919 1713 2030 1766; x_wconf 83' lang='lat' dir='ltr'><strong>Elia</strong></span> 
     </span>
    </p>
   </div>
   <div class='ocr_carea' id='block_1_18' title="bbox 455 1805 2025 1876">
    <p class='ocr_par' dir='ltr' id='par_1_18' title="bbox 455 1805 2025 1876">
     <span class='ocr_line' id='line_1_18' title="bbox 455 1805 2025 1876; baseline 0.003 -19"><span class='ocrx_word' id='word_1_133' title='bbox 455 1807 586 1875; x_wconf 87' lang='lat' dir='ltr'><strong>quid</strong></span> <span class='ocrx_word' id='word_1_134' title='bbox 623 1807 760 1860; x_wconf 87' lang='lat' dir='ltr'><strong>dicit</strong></span> <span class='ocrx_word' id='word_1_135' title='bbox 814 1805 1096 1876; x_wconf 82' lang='lat' dir='ltr'><strong>Scriptura</strong></span> <span class='ocrx_word' id='word_1_136' title='bbox 1135 1823 1148 1858; x_wconf 88' lang='lat'><strong>:</strong></span> <span class='ocrx_word' id='word_1_137' title='bbox 1187 1806 1462 1874; x_wconf 89' lang='lat' dir='ltr'><strong>quomodo</strong></span> <span class='ocrx_word' id='word_1_138' title='bbox 1509 1805 1814 1874; x_wconf 85' lang='lat' dir='ltr'><strong>interpellat</strong></span> <span class='ocrx_word' id='word_1_139' title='bbox 1859 1808 2025 1862; x_wconf 89' lang='lat' dir='ltr'><strong>Deum</strong></span> 
     </span>
    </p>
   </div>
   <div class='ocr_carea' id='block_1_19' title="bbox 451 1898 2025 1966">
    <p class='ocr_par' dir='ltr' id='par_1_19' title="bbox 451 1898 2025 1966">
     <span class='ocr_line' id='line_1_19' title="bbox 451 1898 2025 1966; baseline 0.001 -15"><span class='ocrx_word' id='word_1_140' title='bbox 451 1901 742 1954; x_wconf 88' lang='lat' dir='ltr'><strong>adversum</strong></span> <span class='ocrx_word' id='word_1_141' title='bbox 773 1899 984 1953; x_wconf 85' lang='lat' dir='ltr'><strong>Israel?</strong></span> <span class='ocrx_word' id='word_1_142' title='bbox 1027 1898 1252 1952; x_wconf 92' lang='lat' dir='ltr'><strong>Domine</strong></span> <span class='ocrx_word' id='word_1_143' title='bbox 1281 1937 1296 1963; x_wconf 92' lang='lat'><strong>,</strong></span> <span class='ocrx_word' id='word_1_144' title='bbox 1323 1899 1614 1966; x_wconf 86' lang='lat' dir='ltr'><strong>prophetas</strong></span> <span class='ocrx_word' id='word_1_145' title='bbox 1649 1909 1770 1952; x_wconf 88' lang='lat' dir='ltr'><strong>tuos</strong></span> <span class='ocrx_word' id='word_1_146' title='bbox 1807 1901 2025 1954; x_wconf 90' lang='lat' dir='ltr'><strong>occide-</strong></span> 
     </span>
    </p>
   </div>
   <div class='ocr_carea' id='block_1_20' title="bbox 451 1991 2020 2066">
    <p class='ocr_par' dir='ltr' id='par_1_20' title="bbox 451 1991 2020 2066">
     <span class='ocr_line' id='line_1_20' title="bbox 451 1991 2020 2066; baseline 0.001 -22"><span class='ocrx_word' id='word_1_147' title='bbox 451 2001 598 2056; x_wconf 87' lang='lat' dir='ltr'><strong>runt,</strong></span> <span class='ocrx_word' id='word_1_148' title='bbox 629 1991 820 2046; x_wconf 87' lang='lat' dir='ltr'><strong>altaria</strong></span> <span class='ocrx_word' id='word_1_149' title='bbox 851 2003 942 2045; x_wconf 90' lang='lat' dir='ltr'><strong>tua</strong></span> <span class='ocrx_word' id='word_1_150' title='bbox 991 1991 1326 2049; x_wconf 77' lang='lat' dir='ltr'><strong>suﬂ&#39;oderunt</strong></span> <span class='ocrx_word' id='word_1_151' title='bbox 1349 2038 1363 2062; x_wconf 83' lang='lat'><strong>,</strong></span> <span class='ocrx_word' id='word_1_152' title='bbox 1417 2005 1467 2049; x_wconf 88' lang='lat' dir='ltr'><strong>et</strong></span> <span class='ocrx_word' id='word_1_153' title='bbox 1502 2011 1602 2066; x_wconf 88' lang='lat' dir='ltr'><strong>ego</strong></span> <span class='ocrx_word' id='word_1_154' title='bbox 1632 1994 1854 2048; x_wconf 90' lang='lat' dir='ltr'><strong>relictus</strong></span> <span class='ocrx_word' id='word_1_155' title='bbox 1903 2009 2020 2047; x_wconf 86' lang='lat' dir='ltr'><strong>sum</strong></span> 
     </span>
    </p>
   </div>
   <div class='ocr_carea' id='block_1_21' title="bbox 447 2084 2024 2154">
    <p class='ocr_par' dir='ltr' id='par_1_21' title="bbox 447 2084 2024 2154">
     <span class='ocr_line' id='line_1_21' title="bbox 447 2084 2024 2154; baseline 0.005 -20"><span class='ocrx_word' id='word_1_156' title='bbox 447 2084 616 2145; x_wconf 85' lang='lat' dir='ltr'><strong>solus.</strong></span> <span class='ocrx_word' id='word_1_157' title='bbox 658 2094 713 2140; x_wconf 90' lang='lat' dir='ltr'><strong>et</strong></span> <span class='ocrx_word' id='word_1_158' title='bbox 745 2095 992 2154; x_wconf 66' lang='lat' dir='ltr'><strong>quaerunt</strong></span> <span class='ocrx_word' id='word_1_159' title='bbox 1038 2088 1275 2140; x_wconf 88' lang='lat' dir='ltr'><strong>animam</strong></span> <span class='ocrx_word' id='word_1_160' title='bbox 1330 2103 1526 2144; x_wconf 86' lang='lat' dir='ltr'><strong>meant.</strong></span> <span class='ocrx_word' id='word_1_161' title='bbox 1575 2088 1683 2141; x_wconf 89' lang='lat' dir='ltr'><strong>Sed</strong></span> <span class='ocrx_word' id='word_1_162' title='bbox 1730 2088 1857 2154; x_wconf 88' lang='lat' dir='ltr'><strong>quid</strong></span> <span class='ocrx_word' id='word_1_163' title='bbox 1891 2087 2024 2142; x_wconf 82' lang='lat' dir='ltr'><strong>dicit</strong></span> 
     </span>
    </p>
   </div>
   <div class='ocr_carea' id='block_1_22' title="bbox 449 2176 2022 2250">
    <p class='ocr_par' dir='ltr' id='par_1_22' title="bbox 449 2176 2022 2250">
     <span class='ocr_line' id='line_1_22' title="bbox 449 2176 2022 2250; baseline 0.003 -22"><span class='ocrx_word' id='word_1_164' title='bbox 449 2176 526 2228; x_wconf 93' lang='lat' dir='ltr'><strong>illi</strong></span> <span class='ocrx_word' id='word_1_165' title='bbox 559 2192 877 2247; x_wconf 90' lang='lat' dir='ltr'><strong>responsum</strong></span> <span class='ocrx_word' id='word_1_166' title='bbox 917 2179 1210 2233; x_wconf 85' lang='lat' dir='ltr'><strong>divinum?</strong></span> <span class='ocrx_word' id='word_1_167' title='bbox 1245 2179 1456 2250; x_wconf 91' lang='lat' dir='ltr'><strong>Reliqui</strong></span> <span class='ocrx_word' id='word_1_168' title='bbox 1505 2181 1635 2234; x_wconf 89' lang='lat' dir='ltr'><strong>mihi</strong></span> <span class='ocrx_word' id='word_1_169' title='bbox 1662 2191 1868 2250; x_wconf 83' lang='lat' dir='ltr'><strong>septem</strong></span> <span class='ocrx_word' id='word_1_170' title='bbox 1903 2181 2022 2233; x_wconf 86' lang='lat' dir='ltr'><strong>mil-</strong></span> 
     </span>
    </p>
   </div>
   <div class='ocr_carea' id='block_1_23' title="bbox 448 2269 2022 2342">
    <p class='ocr_par' dir='ltr' id='par_1_23' title="bbox 448 2269 2022 2342">
     <span class='ocr_line' id='line_1_23' title="bbox 448 2269 2022 2342; baseline 0.002 -20"><span class='ocrx_word' id='word_1_171' title='bbox 448 2269 518 2322; x_wconf 88' lang='lat' dir='ltr'><strong>Iia</strong></span> <span class='ocrx_word' id='word_1_172' title='bbox 551 2271 791 2324; x_wconf 89' lang='lat' dir='ltr'><strong>virorum</strong></span> <span class='ocrx_word' id='word_1_173' title='bbox 823 2273 914 2339; x_wconf 92' lang='lat' dir='ltr'><strong>qui</strong></span> <span class='ocrx_word' id='word_1_174' title='bbox 969 2287 1078 2326; x_wconf 92' lang='lat' dir='ltr'><strong>non</strong></span> <span class='ocrx_word' id='word_1_175' title='bbox 1124 2282 1489 2326; x_wconf 87' lang='lat' dir='ltr'><strong>curvaveruut</strong></span> <span class='ocrx_word' id='word_1_176' title='bbox 1523 2288 1695 2342; x_wconf 88' lang='lat' dir='ltr'><strong>genua</strong></span> <span class='ocrx_word' id='word_1_177' title='bbox 1742 2273 1891 2327; x_wconf 88' lang='lat' dir='ltr'><strong>Baal.</strong></span> <span class='ocrx_word' id='word_1_178' title='bbox 1930 2272 2022 2326; x_wconf 88' lang='lat' dir='ltr'><strong>Sic</strong></span> 
     </span>
    </p>
   </div>
   <div class='ocr_carea' id='block_1_24' title="bbox 448 2361 2023 2432">
    <p class='ocr_par' dir='ltr' id='par_1_24' title="bbox 448 2361 2023 2432">
     <span class='ocr_line' id='line_1_24' title="bbox 448 2361 2023 2432; baseline 0.004 -20"><span class='ocrx_word' id='word_1_179' title='bbox 448 2361 613 2428; x_wconf 84' lang='lat' dir='ltr'><strong>igitur</strong></span> <span class='ocrx_word' id='word_1_180' title='bbox 636 2372 691 2417; x_wconf 91' lang='lat' dir='ltr'><strong>et</strong></span> <span class='ocrx_word' id='word_1_181' title='bbox 716 2362 770 2415; x_wconf 92' lang='lat' dir='ltr'><strong>in</strong></span> <span class='ocrx_word' id='word_1_182' title='bbox 805 2363 908 2417; x_wconf 91' lang='lat' dir='ltr'><strong>hoc</strong></span> <span class='ocrx_word' id='word_1_183' title='bbox 939 2373 1180 2432; x_wconf 89' lang='lat' dir='ltr'><strong>tempore</strong></span> <span class='ocrx_word' id='word_1_184' title='bbox 1210 2365 1449 2432; x_wconf 59' lang='lat' dir='ltr'><strong>reliquiae</strong></span> <span class='ocrx_word' id='word_1_185' title='bbox 1473 2366 1768 2418; x_wconf 90' lang='lat' dir='ltr'><strong>secundum</strong></span> <span class='ocrx_word' id='word_1_186' title='bbox 1797 2365 2023 2418; x_wconf 79' lang='lat' dir='ltr'><strong>electio~</strong></span> 
     </span>
    </p>
   </div>
   <div class='ocr_carea' id='block_1_25' title="bbox 449 2455 2019 2527">
    <p class='ocr_par' dir='ltr' id='par_1_25' title="bbox 449 2455 2019 2527">
     <span class='ocr_line' id='line_1_25' title="bbox 449 2455 2019 2527; baseline 0.002 -20"><span class='ocrx_word' id='word_1_187' title='bbox 449 2469 574 2507; x_wconf 88' lang='lat' dir='ltr'><strong>nem</strong></span> <span class='ocrx_word' id='word_1_188' title='bbox 603 2456 790 2522; x_wconf 70' lang='lat' dir='ltr'><strong>gratiae</strong></span> <span class='ocrx_word' id='word_1_189' title='bbox 819 2455 982 2510; x_wconf 63' lang='lat' dir='ltr'><strong>salvae</strong></span> <span class='ocrx_word' id='word_1_190' title='bbox 1004 2455 1164 2510; x_wconf 78' lang='lat' dir='ltr'><strong>facta:</strong></span> <span class='ocrx_word' id='word_1_191' title='bbox 1189 2467 1332 2510; x_wconf 82' lang='lat' dir='ltr'><strong>sunt.</strong></span> <span class='ocrx_word' id='word_1_192' title='bbox 1373 2457 1428 2510; x_wconf 94' lang='lat' dir='ltr'><strong>Si</strong></span> <span class='ocrx_word' id='word_1_193' title='bbox 1465 2466 1645 2511; x_wconf 91' lang='lat' dir='ltr'><strong>autem</strong></span> <span class='ocrx_word' id='word_1_194' title='bbox 1680 2458 1880 2527; x_wconf 87' lang='lat' dir='ltr'><strong>gratia,</strong></span> <span class='ocrx_word' id='word_1_195' title='bbox 1906 2457 2019 2527; x_wconf 88' lang='lat' dir='ltr'><strong>jam</strong></span> 
     </span>
    </p>
   </div>
   <div class='ocr_carea' id='block_1_26' title="bbox 448 2547 2020 2618">
    <p class='ocr_par' dir='ltr' id='par_1_26' title="bbox 448 2547 2020 2618">
     <span class='ocr_line' id='line_1_26' title="bbox 448 2547 2020 2618; baseline 0.003 -21"><span class='ocrx_word' id='word_1_196' title='bbox 448 2559 555 2598; x_wconf 87' lang='lat' dir='ltr'><strong>non</strong></span> <span class='ocrx_word' id='word_1_197' title='bbox 581 2558 650 2598; x_wconf 80' lang='lat' dir='ltr'><strong>ex</strong></span> <span class='ocrx_word' id='word_1_198' title='bbox 683 2547 982 2614; x_wconf 89' lang='lat' dir='ltr'><strong>operibus:</strong></span> <span class='ocrx_word' id='word_1_199' title='bbox 1016 2547 1256 2616; x_wconf 84' lang='lat' dir='ltr'><strong>alioquin</strong></span> <span class='ocrx_word' id='word_1_200' title='bbox 1283 2548 1458 2616; x_wconf 85' lang='lat' dir='ltr'><strong>gratia</strong></span> <span class='ocrx_word' id='word_1_201' title='bbox 1503 2547 1615 2614; x_wconf 87' lang='lat' dir='ltr'><strong>jam</strong></span> <span class='ocrx_word' id='word_1_202' title='bbox 1648 2564 1754 2602; x_wconf 92' lang='lat' dir='ltr'><strong>non</strong></span> <span class='ocrx_word' id='word_1_203' title='bbox 1788 2550 1845 2600; x_wconf 92' lang='lat' dir='ltr'><strong>tit</strong></span> <span class='ocrx_word' id='word_1_204' title='bbox 1893 2565 2020 2618; x_wconf 86' lang='lat' dir='ltr'><strong>gra-</strong></span> 
     </span>
    </p>
   </div>
   <div class='ocr_carea' id='block_1_27' title="bbox 446 2637 2020 2710">
    <p class='ocr_par' dir='ltr' id='par_1_27' title="bbox 446 2637 2020 2710">
     <span class='ocr_line' id='line_1_27' title="bbox 446 2637 2020 2710; baseline 0.004 -23"><span class='ocrx_word' id='word_1_205' title='bbox 446 2639 521 2690; x_wconf 92' lang='lat' dir='ltr'><strong>tia</strong></span> <span class='ocrx_word' id='word_1_206' title='bbox 551 2637 614 2691; x_wconf 63' lang='lat'><strong>&#39;3.</strong></span> <span class='ocrx_word' id='word_1_207' title='bbox 657 2655 676 2688; x_wconf 73' lang='grc' dir='ltr'><strong><em>ι</em></strong></span> <span class='ocrx_word' id='word_1_208' title='bbox 710 2637 976 2704; x_wconf 85' lang='lat' dir='ltr'><strong>Quoniam</strong></span> <span class='ocrx_word' id='word_1_209' title='bbox 1003 2653 1068 2693; x_wconf 78' lang='lat' dir='ltr'><strong>ex</strong></span> <span class='ocrx_word' id='word_1_210' title='bbox 1120 2641 1204 2694; x_wconf 92' lang='lat' dir='ltr'><strong>bis</strong></span> <span class='ocrx_word' id='word_1_211' title='bbox 1231 2656 1349 2707; x_wconf 76' lang='lat' dir='ltr'><strong>quze</strong></span> <span class='ocrx_word' id='word_1_212' title='bbox 1377 2656 1540 2710; x_wconf 88' lang='lat' dir='ltr'><strong>supra</strong></span> <span class='ocrx_word' id='word_1_213' title='bbox 1570 2641 1710 2694; x_wconf 89' lang='lat' dir='ltr'><strong>dicta</strong></span> <span class='ocrx_word' id='word_1_214' title='bbox 1744 2650 1890 2705; x_wconf 88' lang='lat' dir='ltr'><strong>sunt,</strong></span> <span class='ocrx_word' id='word_1_215' title='bbox 1939 2643 2020 2694; x_wconf 83' lang='lat' dir='ltr'><strong>vi-</strong></span> 
     </span>
    </p>
   </div>
   <div class='ocr_carea' id='block_1_28' title="bbox 445 2730 2015 2802">
    <p class='ocr_par' dir='ltr' id='par_1_28' title="bbox 445 2730 2015 2802">
     <span class='ocr_line' id='line_1_28' title="bbox 445 2730 2015 2802; baseline 0.004 -22"><span class='ocrx_word' id='word_1_216' title='bbox 445 2730 666 2784; x_wconf 89' lang='lat' dir='ltr'><strong>deretur</strong></span> <span class='ocrx_word' id='word_1_217' title='bbox 695 2730 920 2784; x_wconf 84' lang='lat' dir='ltr'><strong>forsitan</strong></span> <span class='ocrx_word' id='word_1_218' title='bbox 954 2732 1182 2800; x_wconf 91' lang='lat' dir='ltr'><strong>populus</strong></span> <span class='ocrx_word' id='word_1_219' title='bbox 1203 2731 1518 2786; x_wconf 68' lang='lat' dir='ltr'><strong>.Iudzeorum</strong></span> <span class='ocrx_word' id='word_1_220' title='bbox 1562 2734 1812 2802; x_wconf 90' lang='lat' dir='ltr'><strong>repulsus</strong></span> <span class='ocrx_word' id='word_1_221' title='bbox 1834 2749 1954 2788; x_wconf 81' lang='lat' dir='ltr'><strong>esse</strong></span> <span class='ocrx_word' id='word_1_222' title='bbox 1986 2749 2015 2787; x_wconf 88' lang='lat' dir='ltr'><strong>a</strong></span> 
     </span>
    </p>
   </div>
   <div class='ocr_carea' id='block_1_29' title="bbox 445 2819 2018 2891">
    <p class='ocr_par' dir='ltr' id='par_1_29' title="bbox 445 2819 2018 2891">
     <span class='ocr_line' id='line_1_29' title="bbox 445 2819 2018 2891; baseline 0.002 -20"><span class='ocrx_word' id='word_1_223' title='bbox 445 2819 576 2885; x_wconf 88' lang='lat' dir='ltr'><strong>Deo,</strong></span> <span class='ocrx_word' id='word_1_224' title='bbox 623 2835 721 2876; x_wconf 91' lang='lat' dir='ltr'><strong>nec</strong></span> <span class='ocrx_word' id='word_1_225' title='bbox 744 2820 946 2890; x_wconf 90' lang='lat' dir='ltr'><strong>aliquid</strong></span> <span class='ocrx_word' id='word_1_226' title='bbox 986 2823 1099 2890; x_wconf 90' lang='lat' dir='ltr'><strong>spei</strong></span> <span class='ocrx_word' id='word_1_227' title='bbox 1134 2837 1350 2891; x_wconf 82' lang='lat' dir='ltr'><strong>gerere,</strong></span> <span class='ocrx_word' id='word_1_228' title='bbox 1378 2822 1424 2876; x_wconf 91' lang='lat' dir='ltr'><strong>si</strong></span> <span class='ocrx_word' id='word_1_229' title='bbox 1463 2823 1681 2891; x_wconf 89' lang='lat' dir='ltr'><strong>quidem</strong></span> <span class='ocrx_word' id='word_1_230' title='bbox 1717 2823 1771 2876; x_wconf 90' lang='lat' dir='ltr'><strong>in</strong></span> <span class='ocrx_word' id='word_1_231' title='bbox 1796 2823 2018 2877; x_wconf 73' lang='lat' dir='ltr'><strong>aemula-</strong></span> 
     </span>
    </p>
   </div>
   <div class='ocr_carea' id='block_1_30' title="bbox 444 2912 2015 2984">
    <p class='ocr_par' dir='ltr' id='par_1_30' title="bbox 444 2912 2015 2984">
     <span class='ocr_line' id='line_1_30' title="bbox 444 2912 2015 2984; baseline 0.004 -23"><span class='ocrx_word' id='word_1_232' title='bbox 444 2913 648 2965; x_wconf 82' lang='lat' dir='ltr'><strong>tionem</strong></span> <span class='ocrx_word' id='word_1_233' title='bbox 681 2912 956 2966; x_wconf 81' lang='lat' dir='ltr'><strong>induxerit</strong></span> <span class='ocrx_word' id='word_1_234' title='bbox 991 2927 1113 2966; x_wconf 91' lang='lat' dir='ltr'><strong>eum</strong></span> <span class='ocrx_word' id='word_1_235' title='bbox 1157 2913 1297 2966; x_wconf 90' lang='lat' dir='ltr'><strong>Deus</strong></span> <span class='ocrx_word' id='word_1_236' title='bbox 1332 2913 1385 2967; x_wconf 92' lang='lat' dir='ltr'><strong>in</strong></span> <span class='ocrx_word' id='word_1_237' title='bbox 1433 2929 1542 2967; x_wconf 91' lang='lat' dir='ltr'><strong>non</strong></span> <span class='ocrx_word' id='word_1_238' title='bbox 1566 2922 1780 2984; x_wconf 87' lang='lat' dir='ltr'><strong>gentem</strong></span> <span class='ocrx_word' id='word_1_239' title='bbox 1806 2953 1821 2978; x_wconf 95' lang='lat'><strong>,</strong></span> <span class='ocrx_word' id='word_1_240' title='bbox 1871 2924 1928 2968; x_wconf 91' lang='lat' dir='ltr'><strong>et</strong></span> <span class='ocrx_word' id='word_1_241' title='bbox 1963 2916 2015 2967; x_wconf 91' lang='lat' dir='ltr'><strong>in</strong></span> 
     </span>
    </p>
   </div>
   <div class='ocr_carea' id='block_1_31' title="bbox 443 3001 2018 3072">
    <p class='ocr_par' dir='ltr' id='par_1_31' title="bbox 443 3001 2018 3072">
     <span class='ocr_line' id='line_1_31' title="bbox 443 3001 2018 3072; baseline 0.001 -18"><span class='ocrx_word' id='word_1_242' title='bbox 443 3002 580 3054; x_wconf 88' lang='lat' dir='ltr'><strong>iram</strong></span> <span class='ocrx_word' id='word_1_243' title='bbox 607 3042 623 3066; x_wconf 92' lang='lat'><strong>,</strong></span> <span class='ocrx_word' id='word_1_244' title='bbox 661 3001 712 3054; x_wconf 91' lang='lat' dir='ltr'><strong>in</strong></span> <span class='ocrx_word' id='word_1_245' title='bbox 743 3010 960 3072; x_wconf 90' lang='lat' dir='ltr'><strong>gentem</strong></span> <span class='ocrx_word' id='word_1_246' title='bbox 1008 3002 1342 3056; x_wconf 86' lang='lat' dir='ltr'><strong>insensatam</strong></span> <span class='ocrx_word' id='word_1_247' title='bbox 1374 3003 1442 3067; x_wconf 75' lang='grc' dir='ltr'><strong>τ’,</strong></span> <span class='ocrx_word' id='word_1_248' title='bbox 1467 3011 1522 3057; x_wconf 89' lang='lat' dir='ltr'><strong>et</strong></span> <span class='ocrx_word' id='word_1_249' title='bbox 1566 3002 1886 3058; x_wconf 84' lang='lat' dir='ltr'><strong>manifestus</strong></span> <span class='ocrx_word' id='word_1_250' title='bbox 1935 3003 2018 3056; x_wconf 89' lang='lat' dir='ltr'><strong>fa-</strong></span> 
     </span>
    </p>
   </div>
   <div class='ocr_carea' id='block_1_32' title="bbox 442 3092 2016 3162">
    <p class='ocr_par' dir='ltr' id='par_1_32' title="bbox 442 3092 2016 3162">
     <span class='ocr_line' id='line_1_32' title="bbox 442 3092 2016 3162; baseline 0.003 -20"><span class='ocrx_word' id='word_1_251' title='bbox 442 3103 563 3148; x_wconf 79' lang='lat' dir='ltr'><strong>rtus</strong></span> <span class='ocrx_word' id='word_1_252' title='bbox 589 3093 702 3162; x_wconf 69' lang='lat'><strong>(74)</strong></span> <span class='ocrx_word' id='word_1_253' title='bbox 731 3093 801 3147; x_wconf 88' lang='lat' dir='ltr'><strong>sit</strong></span> <span class='ocrx_word' id='word_1_254' title='bbox 827 3092 912 3146; x_wconf 90' lang='lat' dir='ltr'><strong>his</strong></span> <span class='ocrx_word' id='word_1_255' title='bbox 940 3093 1032 3161; x_wconf 89' lang='lat' dir='ltr'><strong>qui</strong></span> <span class='ocrx_word' id='word_1_256' title='bbox 1068 3108 1191 3147; x_wconf 91' lang='lat' dir='ltr'><strong>eum</strong></span> <span class='ocrx_word' id='word_1_257' title='bbox 1226 3108 1329 3146; x_wconf 93' lang='lat' dir='ltr'><strong>non</strong></span> <span class='ocrx_word' id='word_1_258' title='bbox 1359 3092 1698 3162; x_wconf 70' lang='lat' dir='ltr'><strong>quaerebant,</strong></span> <span class='ocrx_word' id='word_1_259' title='bbox 1733 3104 1788 3148; x_wconf 90' lang='lat' dir='ltr'><strong>et</strong></span> <span class='ocrx_word' id='word_1_260' title='bbox 1826 3094 2016 3147; x_wconf 83' lang='lat' dir='ltr'><strong>inven-</strong></span> 
     </span>
    </p>
   </div>
   <div class='ocr_carea' id='block_1_33' title="bbox 443 3185 2012 3255">
    <p class='ocr_par' dir='ltr' id='par_1_33' title="bbox 443 3185 2012 3255">
     <span class='ocr_line' id='line_1_33' title="bbox 443 3185 2012 3255; baseline 0.003 -20"><span class='ocrx_word' id='word_1_261' title='bbox 443 3193 530 3240; x_wconf 82' lang='lat' dir='ltr'><strong>tus</strong></span> <span class='ocrx_word' id='word_1_262' title='bbox 572 3185 645 3240; x_wconf 87' lang='lat' dir='ltr'><strong>sit</strong></span> <span class='ocrx_word' id='word_1_263' title='bbox 671 3185 740 3238; x_wconf 89' lang='lat' dir='ltr'><strong>ab</strong></span> <span class='ocrx_word' id='word_1_264' title='bbox 768 3185 852 3240; x_wconf 91' lang='lat' dir='ltr'><strong>his</strong></span> <span class='ocrx_word' id='word_1_265' title='bbox 900 3185 990 3250; x_wconf 84' lang='lat' dir='ltr'><strong>qui</strong></span> <span class='ocrx_word' id='word_1_266' title='bbox 1038 3187 1106 3240; x_wconf 90' lang='lat' dir='ltr'><strong>de</strong></span> <span class='ocrx_word' id='word_1_267' title='bbox 1149 3200 1216 3239; x_wconf 89' lang='lat' dir='ltr'><strong>eo</strong></span> <span class='ocrx_word' id='word_1_268' title='bbox 1261 3200 1368 3240; x_wconf 89' lang='lat' dir='ltr'><strong>non</strong></span> <span class='ocrx_word' id='word_1_269' title='bbox 1411 3186 1824 3255; x_wconf 82' lang='lat' dir='ltr'><strong>interrogabant</strong></span> <span class='ocrx_word' id='word_1_270' title='bbox 1851 3185 2012 3255; x_wconf 84' lang='lat'><strong>(75):</strong></span> 
     </span>
    </p>
   </div>
   <div class='ocr_carea' id='block_1_34' title="bbox 442 3275 2014 3347">
    <p class='ocr_par' dir='ltr' id='par_1_34' title="bbox 442 3275 2014 3347">
     <span class='ocr_line' id='line_1_34' title="bbox 442 3275 2014 3347; baseline 0.001 -20"><span class='ocrx_word' id='word_1_271' title='bbox 442 3285 734 3342; x_wconf 86' lang='lat' dir='ltr'><strong>propterea</strong></span> <span class='ocrx_word' id='word_1_272' title='bbox 780 3277 1094 3347; x_wconf 81' lang='lat' dir='ltr'><strong>Apostolus,</strong></span> <span class='ocrx_word' id='word_1_273' title='bbox 1127 3276 1312 3331; x_wconf 88' lang='lat' dir='ltr'><strong>volens</strong></span> <span class='ocrx_word' id='word_1_274' title='bbox 1346 3275 1449 3330; x_wconf 89' lang='lat' dir='ltr'><strong>ista</strong></span> <span class='ocrx_word' id='word_1_275' title='bbox 1477 3292 1691 3342; x_wconf 88' lang='lat' dir='ltr'><strong>curare,</strong></span> <span class='ocrx_word' id='word_1_276' title='bbox 1735 3287 1790 3330; x_wconf 89' lang='lat' dir='ltr'><strong>et</strong></span> <span class='ocrx_word' id='word_1_277' title='bbox 1827 3287 2014 3330; x_wconf 89' lang='lat' dir='ltr'><strong>osten-</strong></span> 
     </span>
    </p>
   </div>
   <div class='ocr_carea' id='block_1_35' title="bbox 441 3368 2012 3439">
    <p class='ocr_par' dir='ltr' id='par_1_35' title="bbox 441 3368 2012 3439">
     <span class='ocr_line' id='line_1_35' title="bbox 441 3368 2012 3439; baseline 0.003 -19"><span class='ocrx_word' id='word_1_278' title='bbox 441 3371 571 3422; x_wconf 87' lang='lat' dir='ltr'><strong>dere</strong></span> <span class='ocrx_word' id='word_1_279' title='bbox 609 3369 736 3438; x_wconf 88' lang='lat' dir='ltr'><strong>quia</strong></span> <span class='ocrx_word' id='word_1_280' title='bbox 765 3369 1003 3438; x_wconf 88' lang='lat' dir='ltr'><strong>supersit</strong></span> <span class='ocrx_word' id='word_1_281' title='bbox 1035 3368 1224 3423; x_wconf 87' lang='lat' dir='ltr'><strong>salutis</strong></span> <span class='ocrx_word' id='word_1_282' title='bbox 1261 3368 1345 3421; x_wconf 91' lang='lat' dir='ltr'><strong>via</strong></span> <span class='ocrx_word' id='word_1_283' title='bbox 1381 3369 1579 3436; x_wconf 88' lang='lat' dir='ltr'><strong>populo</strong></span> <span class='ocrx_word' id='word_1_284' title='bbox 1609 3369 1722 3439; x_wconf 82' lang='grc'>(³76)</span> <span class='ocrx_word' id='word_1_285' title='bbox 1772 3369 1934 3424; x_wconf 90' lang='lat' dir='ltr'><strong>Israel</strong></span> <span class='ocrx_word' id='word_1_286' title='bbox 1967 3371 2012 3424; x_wconf 90' lang='lat' dir='ltr'><strong>si</strong></span> 
     </span>
    </p>
   </div>
   <div class='ocr_carea' id='block_1_36' title="bbox 441 3461 2014 3530">
    <p class='ocr_par' dir='ltr' id='par_1_36' title="bbox 441 3461 2014 3530">
     <span class='ocr_line' id='line_1_36' title="bbox 441 3461 2014 3530; baseline 0.001 -17"><span class='ocrx_word' id='word_1_287' title='bbox 441 3461 691 3525; x_wconf 87' lang='lat' dir='ltr'><strong>credant,</strong></span> <span class='ocrx_word' id='word_1_288' title='bbox 731 3469 788 3514; x_wconf 83' lang='lat' dir='ltr'><strong>et</strong></span> <span class='ocrx_word' id='word_1_289' title='bbox 823 3461 948 3530; x_wconf 90' lang='lat' dir='ltr'><strong>quia</strong></span> <span class='ocrx_word' id='word_1_290' title='bbox 978 3476 1081 3512; x_wconf 91' lang='lat' dir='ltr'><strong>non</strong></span> <span class='ocrx_word' id='word_1_291' title='bbox 1118 3461 1323 3516; x_wconf 89' lang='lat' dir='ltr'><strong>idcirco</strong></span> <span class='ocrx_word' id='word_1_292' title='bbox 1353 3461 1555 3528; x_wconf 89' lang='lat' dir='ltr'><strong>repulsi</strong></span> <span class='ocrx_word' id='word_1_293' title='bbox 1591 3471 1715 3514; x_wconf 90' lang='lat' dir='ltr'><strong>sunt</strong></span> <span class='ocrx_word' id='word_1_294' title='bbox 1743 3461 1870 3530; x_wconf 88' lang='lat' dir='ltr'><strong>quia</strong></span> <span class='ocrx_word' id='word_1_295' title='bbox 1920 3476 2014 3530; x_wconf 89' lang='lat' dir='ltr'><strong>ge-</strong></span> 
     </span>
    </p>
   </div>
   <div class='ocr_carea' id='block_1_37' title="bbox 442 3550 2010 3622">
    <p class='ocr_par' dir='ltr' id='par_1_37' title="bbox 442 3550 2010 3622">
     <span class='ocr_line' id='line_1_37' title="bbox 442 3550 2010 3622; baseline 0 -16"><span class='ocrx_word' id='word_1_296' title='bbox 442 3567 545 3606; x_wconf 88' lang='lat' dir='ltr'><strong>nus</strong></span> <span class='ocrx_word' id='word_1_297' title='bbox 569 3552 680 3606; x_wconf 89' lang='lat' dir='ltr'><strong>sint</strong></span> <span class='ocrx_word' id='word_1_298' title='bbox 712 3551 878 3606; x_wconf 89' lang='lat' dir='ltr'><strong>Israel</strong></span> <span class='ocrx_word' id='word_1_299' title='bbox 909 3550 1144 3622; x_wconf 86' lang='lat' dir='ltr'><strong>(77),sed</strong></span> <span class='ocrx_word' id='word_1_300' title='bbox 1179 3553 1306 3620; x_wconf 89' lang='lat' dir='ltr'><strong>quia</strong></span> <span class='ocrx_word' id='word_1_301' title='bbox 1341 3553 1605 3606; x_wconf 89' lang='lat' dir='ltr'><strong>increduli</strong></span> <span class='ocrx_word' id='word_1_302' title='bbox 1629 3551 1860 3616; x_wconf 80' lang='lat' dir='ltr'><strong>fuerint,</strong></span> <span class='ocrx_word' id='word_1_303' title='bbox 1893 3554 2010 3607; x_wconf 91' lang='lat' dir='ltr'><strong>ait:</strong></span> 
     </span>
    </p>
   </div>
   <div class='ocr_carea' id='block_1_38' title="bbox 447 3643 2004 3714">
    <p class='ocr_par' dir='ltr' id='par_1_38' title="bbox 447 3643 2004 3714">
     <span class='ocr_line' id='line_1_38' title="bbox 447 3643 2004 3714; baseline 0.002 -20"><span class='ocrx_word' id='word_1_304' title='bbox 447 3662 465 3693; x_wconf 77' lang='grc' dir='ltr'>ι</span> <span class='ocrx_word' id='word_1_305' title='bbox 502 3643 615 3697; x_wconf 80' lang='lat' dir='ltr'><strong>Non</strong></span> <span class='ocrx_word' id='word_1_306' title='bbox 645 3643 842 3712; x_wconf 85' lang='lat' dir='ltr'><strong>repulit</strong></span> <span class='ocrx_word' id='word_1_307' title='bbox 883 3643 1026 3698; x_wconf 88' lang='lat' dir='ltr'><strong>Deus</strong></span> <span class='ocrx_word' id='word_1_308' title='bbox 1061 3645 1269 3714; x_wconf 88' lang='lat' dir='ltr'><strong>plebem</strong></span> <span class='ocrx_word' id='word_1_309' title='bbox 1299 3660 1451 3699; x_wconf 88' lang='lat' dir='ltr'><strong>suam</strong></span> <span class='ocrx_word' id='word_1_310' title='bbox 1481 3661 1644 3714; x_wconf 88' lang='lat' dir='ltr'><strong>quant</strong></span> <span class='ocrx_word' id='word_1_311' title='bbox 1671 3645 1960 3714; x_wconf 68' lang='lat' dir='ltr'><strong>pt&#39;arscivit.</strong></span> <span class='ocrx_word' id='word_1_312' title='bbox 1985 3663 2004 3697; x_wconf 72' lang='grc' dir='ltr'>ι</span> 
     </span>
    </p>
   </div>
   <div class='ocr_carea' id='block_1_39' title="bbox 441 3735 2009 3806">
    <p class='ocr_par' dir='ltr' id='par_1_39' title="bbox 441 3735 2009 3806">
     <span class='ocr_line' id='line_1_39' title="bbox 441 3735 2009 3806; baseline 0.003 -17"><span class='ocrx_word' id='word_1_313' title='bbox 441 3735 509 3789; x_wconf 87' lang='grc' dir='ltr'><strong>Ει</strong></span> <span class='ocrx_word' id='word_1_314' title='bbox 539 3744 596 3788; x_wconf 92' lang='lat' dir='ltr'><strong>ut</strong></span> <span class='ocrx_word' id='word_1_315' title='bbox 641 3735 744 3790; x_wconf 85' lang='lat' dir='ltr'><strong>hoc</strong></span> <span class='ocrx_word' id='word_1_316' title='bbox 773 3737 1025 3804; x_wconf 64' lang='lat' dir='ltr'><strong>praesenti</strong></span> <span class='ocrx_word' id='word_1_317' title='bbox 1071 3736 1328 3806; x_wconf 85' lang='lat' dir='ltr'><strong>probaret</strong></span> <span class='ocrx_word' id='word_1_318' title='bbox 1357 3737 1607 3806; x_wconf 84' lang='lat' dir='ltr'><strong>exemplo</strong></span> <span class='ocrx_word' id='word_1_319' title='bbox 1633 3779 1649 3804; x_wconf 92' lang='lat'><strong>,</strong></span> <span class='ocrx_word' id='word_1_320' title='bbox 1686 3737 1963 3806; x_wconf 83' lang='lat' dir='ltr'><strong>subiungit</strong></span> <span class='ocrx_word' id='word_1_321' title='bbox 1992 3753 2009 3793; x_wconf 86' lang='lat'><strong>:</strong></span> 
     </span>
    </p>
   </div>
   <div class='ocr_carea' id='block_1_40' title="bbox 446 3828 2008 3900">
    <p class='ocr_par' dir='ltr' id='par_1_40' title="bbox 446 3828 2008 3900">
     <span class='ocr_line' id='line_1_40' title="bbox 446 3828 2008 3900; baseline 0.002 -20"><span class='ocrx_word' id='word_1_322' title='bbox 446 3848 464 3880; x_wconf 84' lang='grc'><em>‹</em></span> <span class='ocrx_word' id='word_1_323' title='bbox 506 3829 640 3884; x_wconf 77' lang='lat' dir='ltr'><strong>Nam</strong></span> <span class='ocrx_word' id='word_1_324' title='bbox 673 3839 728 3884; x_wconf 89' lang='lat' dir='ltr'><strong>et</strong></span> <span class='ocrx_word' id='word_1_325' title='bbox 771 3845 869 3900; x_wconf 83' lang='lat' dir='ltr'><strong>ego</strong></span> <span class='ocrx_word' id='word_1_326' title='bbox 907 3828 1153 3885; x_wconf 89' lang='lat' dir='ltr'><strong>Israelita</strong></span> <span class='ocrx_word' id='word_1_327' title='bbox 1197 3848 1314 3885; x_wconf 89' lang='lat' dir='ltr'><strong>sum</strong></span> <span class='ocrx_word' id='word_1_328' title='bbox 1353 3846 1418 3886; x_wconf 81' lang='lat' dir='ltr'><strong>ex</strong></span> <span class='ocrx_word' id='word_1_329' title='bbox 1467 3833 1677 3887; x_wconf 91' lang='lat' dir='ltr'><strong>semine</strong></span> <span class='ocrx_word' id='word_1_330' title='bbox 1709 3832 2008 3896; x_wconf 86' lang='lat' dir='ltr'><strong>Abraham,</strong></span> 
     </span>
    </p>
   </div>
   <div class='ocr_carea' id='block_1_41' title="bbox 439 3921 2013 3991">
    <p class='ocr_par' dir='ltr' id='par_1_41' title="bbox 439 3921 2013 3991">
     <span class='ocr_line' id='line_1_41' title="bbox 439 3921 2013 3991; baseline 0.001 -16"><span class='ocrx_word' id='word_1_331' title='bbox 439 3933 494 3976; x_wconf 89' lang='lat' dir='ltr'><strong>et</strong></span> <span class='ocrx_word' id='word_1_332' title='bbox 527 3923 670 3977; x_wconf 92' lang='lat' dir='ltr'><strong>tribu</strong></span> <span class='ocrx_word' id='word_1_333' title='bbox 707 3921 1011 3991; x_wconf 88' lang='lat' dir='ltr'><strong>Benjamin,</strong></span> <span class='ocrx_word' id='word_1_334' title='bbox 1051 3942 1069 3974; x_wconf 75' lang='grc' dir='ltr'><strong><em>ι</em></strong></span> <span class='ocrx_word' id='word_1_335' title='bbox 1102 3932 1154 3977; x_wconf 91' lang='lat' dir='ltr'><strong>et</strong></span> <span class='ocrx_word' id='word_1_336' title='bbox 1181 3934 1358 3976; x_wconf 91' lang='lat' dir='ltr'><strong>tamen</strong></span> <span class='ocrx_word' id='word_1_337' title='bbox 1396 3923 1555 3977; x_wconf 85' lang='lat' dir='ltr'><strong>fidem</strong></span> <span class='ocrx_word' id='word_1_338' title='bbox 1588 3922 1713 3977; x_wconf 83' lang='lat' dir='ltr'><strong>.Iesu</strong></span> <span class='ocrx_word' id='word_1_339' title='bbox 1739 3924 1926 3986; x_wconf 85' lang='lat' dir='ltr'><strong>doceo.</strong></span> <span class='ocrx_word' id='word_1_340' title='bbox 1958 3933 2013 3977; x_wconf 89' lang='lat' dir='ltr'><strong>et</strong></span> 
     </span>
    </p>
   </div>
   <div class='ocr_carea' id='block_1_42' title="bbox 439 4016 2007 4086">
    <p class='ocr_par' dir='ltr' id='par_1_42' title="bbox 439 4016 2007 4086">
     <span class='ocr_line' id='line_1_42' title="bbox 439 4016 2007 4086; baseline 0.001 -18"><span class='ocrx_word' id='word_1_341' title='bbox 439 4016 702 4072; x_wconf 90' lang='lat' dir='ltr'><strong>annuntio</strong></span> <span class='ocrx_word' id='word_1_342' title='bbox 741 4019 867 4086; x_wconf 86' lang='lat' dir='ltr'><strong>quia</strong></span> <span class='ocrx_word' id='word_1_343' title='bbox 902 4017 1016 4086; x_wconf 87' lang='lat' dir='ltr'><strong>ipse</strong></span> <span class='ocrx_word' id='word_1_344' title='bbox 1050 4027 1134 4071; x_wconf 91' lang='lat' dir='ltr'><strong>est</strong></span> <span class='ocrx_word' id='word_1_345' title='bbox 1165 4017 1436 4072; x_wconf 89' lang='lat' dir='ltr'><strong>Christus.</strong></span> <span class='ocrx_word' id='word_1_346' title='bbox 1467 4017 1618 4083; x_wconf 82' lang='lat' dir='ltr'><strong>Quod</strong></span> <span class='ocrx_word' id='word_1_347' title='bbox 1654 4018 1700 4070; x_wconf 92' lang='lat' dir='ltr'><strong>si</strong></span> <span class='ocrx_word' id='word_1_348' title='bbox 1739 4017 1867 4071; x_wconf 90' lang='lat' dir='ltr'><strong>mihi</strong></span> <span class='ocrx_word' id='word_1_349' title='bbox 1899 4032 2007 4070; x_wconf 91' lang='lat' dir='ltr'><strong>non</strong></span> 
     </span>
    </p>
   </div>
   <div class='ocr_carea' id='block_1_43' title="bbox 436 4103 2012 4178">
    <p class='ocr_par' dir='ltr' id='par_1_43' title="bbox 436 4103 2012 4178">
     <span class='ocr_line' id='line_1_43' title="bbox 436 4103 2012 4178; baseline 0 -17"><span class='ocrx_word' id='word_1_350' title='bbox 436 4106 613 4163; x_wconf 74' lang='lat' dir='ltr'><strong>obfuit</strong></span> <span class='ocrx_word' id='word_1_351' title='bbox 651 4110 778 4178; x_wconf 88' lang='lat' dir='ltr'><strong>quia</strong></span> <span class='ocrx_word' id='word_1_352' title='bbox 805 4125 923 4164; x_wconf 91' lang='lat' dir='ltr'><strong>sum</strong></span> <span class='ocrx_word' id='word_1_353' title='bbox 953 4103 1197 4164; x_wconf 83' lang='lat' dir='ltr'><strong>Israelita</strong></span> <span class='ocrx_word' id='word_1_354' title='bbox 1226 4124 1290 4162; x_wconf 82' lang='lat' dir='ltr'><strong>ex</strong></span> <span class='ocrx_word' id='word_1_355' title='bbox 1333 4110 1542 4164; x_wconf 90' lang='lat' dir='ltr'><strong>semine</strong></span> <span class='ocrx_word' id='word_1_356' title='bbox 1563 4109 1858 4171; x_wconf 83' lang='lat' dir='ltr'><strong>Abraham,</strong></span> <span class='ocrx_word' id='word_1_357' title='bbox 1879 4123 2012 4177; x_wconf 90' lang='lat' dir='ltr'><strong>quo-</strong></span> 
     </span>
    </p>
   </div>
   <div class='ocr_carea' id='block_1_44' title="bbox 507 4227 1714 4296">
    <p class='ocr_par' dir='ltr' id='par_1_44' title="bbox 507 4227 1714 4296">
     <span class='ocr_line' id='line_1_44' title="bbox 507 4227 1714 4296; baseline 0.001 -16"><span class='ocrx_word' id='word_1_358' title='bbox 507 4227 555 4257; x_wconf 78' lang='grc'>’⁸</span> <span class='ocrx_word' id='word_1_359' title='bbox 591 4227 780 4282; x_wconf 79' lang='lat' dir='ltr'><strong>Matth.</strong></span> <span class='ocrx_word' id='word_1_360' title='bbox 808 4243 978 4292; x_wconf 80' lang='lat' dir='ltr'><strong>xxvtt,</strong></span> <span class='ocrx_word' id='word_1_361' title='bbox 1013 4228 1110 4292; x_wconf 67' lang='grc'>10,</span> <span class='ocrx_word' id='word_1_362' title='bbox 1143 4227 1231 4282; x_wconf 73' lang='grc'><strong>62.</strong></span> <span class='ocrx_word' id='word_1_363' title='bbox 1327 4229 1369 4257; x_wconf 83' lang='grc'><strong>⁷⁷</strong></span> <span class='ocrx_word' id='word_1_364' title='bbox 1409 4227 1536 4296; x_wconf 88' lang='lat' dir='ltr'><strong>Sap.</strong></span> <span class='ocrx_word' id='word_1_365' title='bbox 1575 4244 1626 4292; x_wconf 88' lang='lat' dir='ltr'><strong>t,</strong></span> <span class='ocrx_word' id='word_1_366' title='bbox 1658 4227 1714 4281; x_wconf 74' lang='lat'><strong>2.</strong></span> 
     </span>
    </p>
   </div>
   <div class='ocr_carea' id='block_1_45' title="bbox 508 4365 2003 4448">
    <p class='ocr_par' dir='ltr' id='par_1_45' title="bbox 508 4365 2003 4448">
     <span class='ocr_line' id='line_1_45' title="bbox 508 4365 2003 4448; baseline 0.003 -29"><span class='ocrx_word' id='word_1_367' title='bbox 508 4365 816 4448; x_wconf 35' lang='lat' dir='ltr'><strong>(72)LEditi,</strong></span> <span class='ocrx_word' id='word_1_368' title='bbox 853 4385 872 4422; x_wconf 70' lang='grc' dir='ltr'>ι</span> <span class='ocrx_word' id='word_1_369' title='bbox 914 4367 1130 4437; x_wconf 86' lang='lat' dir='ltr'><strong>scriptis</strong></span> <span class='ocrx_word' id='word_1_370' title='bbox 1165 4385 1179 4421; x_wconf 75' lang='grc' dir='ltr'>ε</span> <span class='ocrx_word' id='word_1_371' title='bbox 1211 4369 1350 4424; x_wconf 89' lang='lat' dir='ltr'><strong>sicut</strong></span> <span class='ocrx_word' id='word_1_372' title='bbox 1377 4368 1451 4423; x_wconf 85' lang='lat' dir='ltr'><strong>illi</strong></span> <span class='ocrx_word' id='word_1_373' title='bbox 1481 4369 1827 4439; x_wconf 89' lang='lat' dir='ltr'><strong>interpretati</strong></span> <span class='ocrx_word' id='word_1_374' title='bbox 1851 4379 2003 4434; x_wconf 88' lang='lat' dir='ltr'><strong>sunt,</strong></span> 
     </span>
    </p>
   </div>
   <div class='ocr_carea' id='block_1_46' title="bbox 437 4446 2006 4580">
    <p class='ocr_par' dir='ltr' id='par_1_46' title="bbox 437 4446 2006 4580">
     <span class='ocr_line' id='line_1_46' title="bbox 437 4446 2006 4580; baseline 0.003 -20"><span class='ocrx_word' id='word_1_375' title='bbox 437 4446 866 4580; x_wconf 27' lang='grc' dir='ltr'><strong>θέῗῗὲἶιῗΝωη</strong></span> <span class='ocrx_word' id='word_1_376' title='bbox 911 4518 965 4562; x_wconf 92' lang='lat' dir='ltr'><strong>et</strong></span> <span class='ocrx_word' id='word_1_377' title='bbox 992 4523 1094 4578; x_wconf 88' lang='lat' dir='ltr'><strong>ego</strong></span> <span class='ocrx_word' id='word_1_378' title='bbox 1127 4509 1367 4580; x_wconf 81' lang='lat' dir='ltr'><strong>Israelita</strong></span> <span class='ocrx_word' id='word_1_379' title='bbox 1409 4524 1528 4563; x_wconf 90' lang='lat' dir='ltr'><strong>sum</strong></span> <span class='ocrx_word' id='word_1_380' title='bbox 1554 4551 1567 4575; x_wconf 89' lang='lat'><strong>,</strong></span> <span class='ocrx_word' id='word_1_381' title='bbox 1613 4529 1630 4561; x_wconf 78' lang='grc' dir='ltr'><strong><em>ι</em></strong></span> <span class='ocrx_word' id='word_1_382' title='bbox 1659 4521 1800 4578; x_wconf 87' lang='lat' dir='ltr'><strong>etc.,</strong></span> <span class='ocrx_word' id='word_1_383' title='bbox 1835 4525 2006 4580; x_wconf 88' lang='lat' dir='ltr'><strong>usque</strong></span> 
     </span>
    </p>
   </div>
   <div class='ocr_carea' id='block_1_47' title="bbox 1807 4227 2336 4299">
    <p class='ocr_par' dir='ltr' id='par_1_47' title="bbox 1807 4227 2336 4299">
     <span class='ocr_line' id='line_1_47' title="bbox 1807 4227 2336 4299; baseline 0.008 -19"><span class='ocrx_word' id='word_1_384' title='bbox 1807 4227 1852 4258; x_wconf 78' lang='grc'><strong>⁷³</strong></span> <span class='ocrx_word' id='word_1_385' title='bbox 1878 4227 2030 4281; x_wconf 89' lang='lat' dir='ltr'><strong>Rom.</strong></span> <span class='ocrx_word' id='word_1_386' title='bbox 2061 4229 2194 4294; x_wconf 71' lang='lat'><strong>11,1,</strong></span> <span class='ocrx_word' id='word_1_387' title='bbox 2223 4244 2336 4299; x_wconf 89' lang='lat' dir='ltr'><strong>seq.</strong></span> 
     </span>
    </p>
   </div>
   <div class='ocr_carea' id='block_1_48' title="bbox 2140 600 3674 674">
    <p class='ocr_par' dir='ltr' id='par_1_48' title="bbox 2140 600 3674 674">
     <span class='ocr_line' id='line_1_48' title="bbox 2140 600 3674 674; baseline 0.007 -22"><span class='ocrx_word' id='word_1_388' title='bbox 2140 614 2271 663; x_wconf 89' lang='lat' dir='ltr'><strong>rer;</strong></span> <span class='ocrx_word' id='word_1_389' title='bbox 2319 609 2528 654; x_wconf 90' lang='lat' dir='ltr'><strong>certum</strong></span> <span class='ocrx_word' id='word_1_390' title='bbox 2577 608 2662 653; x_wconf 89' lang='lat' dir='ltr'><strong>est</strong></span> <span class='ocrx_word' id='word_1_391' title='bbox 2705 600 2830 668; x_wconf 89' lang='lat' dir='ltr'><strong>quia</strong></span> <span class='ocrx_word' id='word_1_392' title='bbox 2882 619 2901 650; x_wconf 77' lang='grc' dir='ltr'>ι</span> <span class='ocrx_word' id='word_1_393' title='bbox 2952 616 3058 654; x_wconf 91' lang='lat' dir='ltr'><strong>non</strong></span> <span class='ocrx_word' id='word_1_394' title='bbox 3101 602 3299 671; x_wconf 88' lang='lat' dir='ltr'><strong>repulit</strong></span> <span class='ocrx_word' id='word_1_395' title='bbox 3336 605 3475 658; x_wconf 88' lang='lat' dir='ltr'><strong>Deus</strong></span> <span class='ocrx_word' id='word_1_396' title='bbox 3504 605 3674 674; x_wconf 72' lang='lat' dir='ltr'><strong>plebem</strong></span> 
     </span>
    </p>
   </div>
   <div class='ocr_carea' id='block_1_49' title="bbox 2138 691 3674 768">
    <p class='ocr_par' dir='ltr' id='par_1_49' title="bbox 2138 691 3674 768">
     <span class='ocr_line' id='line_1_49' title="bbox 2138 691 3674 768; baseline 0.006 -24"><span class='ocrx_word' id='word_1_397' title='bbox 2138 707 2292 744; x_wconf 90' lang='lat' dir='ltr'><strong>suam</strong></span> <span class='ocrx_word' id='word_1_398' title='bbox 2347 706 2510 760; x_wconf 91' lang='lat' dir='ltr'><strong>quam</strong></span> <span class='ocrx_word' id='word_1_399' title='bbox 2554 691 2855 761; x_wconf 75' lang='lat' dir='ltr'><strong>praescivit.</strong></span> <span class='ocrx_word' id='word_1_400' title='bbox 2902 712 2920 744; x_wconf 76' lang='grc' dir='ltr'><strong>ι</strong></span> <span class='ocrx_word' id='word_1_401' title='bbox 2953 691 3238 758; x_wconf 85' lang='lat' dir='ltr'><strong>Quomodo</strong></span> <span class='ocrx_word' id='word_1_402' title='bbox 3286 705 3471 750; x_wconf 85' lang='lat' dir='ltr'><strong>autem</strong></span> <span class='ocrx_word' id='word_1_403' title='bbox 3520 716 3537 747; x_wconf 74' lang='grc' dir='ltr'>ι</span> <span class='ocrx_word' id='word_1_404' title='bbox 3570 715 3674 768; x_wconf 72' lang='lat' dir='ltr'><strong>quos</strong></span> 
     </span>
    </p>
   </div>
   <div class='ocr_carea' id='block_1_50' title="bbox 2138 782 3676 853">
    <p class='ocr_par' dir='ltr' id='par_1_50' title="bbox 2138 782 3676 853">
     <span class='ocr_line' id='line_1_50' title="bbox 2138 782 3676 853; baseline 0.006 -18"><span class='ocrx_word' id='word_1_405' title='bbox 2138 783 2431 851; x_wconf 70' lang='lat' dir='ltr'><strong>praescivit,</strong></span> <span class='ocrx_word' id='word_1_406' title='bbox 2460 782 2582 837; x_wconf 90' lang='lat' dir='ltr'><strong>illos</strong></span> <span class='ocrx_word' id='word_1_407' title='bbox 2621 794 2672 836; x_wconf 89' lang='lat' dir='ltr'><strong>et</strong></span> <span class='ocrx_word' id='word_1_408' title='bbox 2707 784 2959 848; x_wconf 86' lang='lat' dir='ltr'><strong>vocavit;</strong></span> <span class='ocrx_word' id='word_1_409' title='bbox 2993 794 3045 838; x_wconf 89' lang='lat' dir='ltr'><strong>et</strong></span> <span class='ocrx_word' id='word_1_410' title='bbox 3078 801 3213 852; x_wconf 90' lang='lat' dir='ltr'><strong>quos</strong></span> <span class='ocrx_word' id='word_1_411' title='bbox 3246 789 3482 853; x_wconf 80' lang='lat' dir='ltr'><strong>vocavit,</strong></span> <span class='ocrx_word' id='word_1_412' title='bbox 3515 790 3617 843; x_wconf 83' lang='lat' dir='ltr'><strong>illos</strong></span> <span class='ocrx_word' id='word_1_413' title='bbox 3638 803 3676 844; x_wconf 75' lang='lat' dir='ltr'><strong>et</strong></span> 
     </span>
    </p>
   </div>
   <div class='ocr_carea' id='block_1_51' title="bbox 2130 874 3674 949">
    <p class='ocr_par' dir='ltr' id='par_1_51' title="bbox 2130 874 3674 949">
     <span class='ocr_line' id='line_1_51' title="bbox 2130 874 3674 949; baseline 0.006 -23"><span class='ocrx_word' id='word_1_414' title='bbox 2130 874 2449 942; x_wconf 85' lang='lat' dir='ltr'><strong>justificavit</strong></span> <span class='ocrx_word' id='word_1_415' title='bbox 2488 875 2557 940; x_wconf 78' lang='grc' dir='ltr'><strong>³ο,</strong></span> <span class='ocrx_word' id='word_1_416' title='bbox 2619 894 2638 927; x_wconf 72' lang='grc' dir='ltr'><strong>ι</strong></span> <span class='ocrx_word' id='word_1_417' title='bbox 2683 891 2843 945; x_wconf 89' lang='lat' dir='ltr'><strong>supra</strong></span> <span class='ocrx_word' id='word_1_418' title='bbox 2885 875 2998 943; x_wconf 86' lang='lat' dir='ltr'><strong>jam</strong></span> <span class='ocrx_word' id='word_1_419' title='bbox 3046 880 3249 931; x_wconf 87' lang='lat' dir='ltr'><strong>dictum</strong></span> <span class='ocrx_word' id='word_1_420' title='bbox 3300 889 3428 934; x_wconf 85' lang='lat' dir='ltr'><strong>est:</strong></span> <span class='ocrx_word' id='word_1_421' title='bbox 3465 893 3518 935; x_wconf 85' lang='lat' dir='ltr'><strong>et</strong></span> <span class='ocrx_word' id='word_1_422' title='bbox 3565 891 3674 949; x_wconf 82' lang='lat' dir='ltr'><strong>quod</strong></span> 
     </span>
    </p>
   </div>
   <div class='ocr_carea' id='block_1_52' title="bbox 2139 967 3674 1041">
    <p class='ocr_par' dir='ltr' id='par_1_52' title="bbox 2139 967 3674 1041">
     <span class='ocr_line' id='line_1_52' title="bbox 2139 967 3674 1041; baseline 0.007 -23"><span class='ocrx_word' id='word_1_423' title='bbox 2139 967 2394 1035; x_wconf 75' lang='lat' dir='ltr'><strong>praescire</strong></span> <span class='ocrx_word' id='word_1_424' title='bbox 2417 967 2583 1032; x_wconf 89' lang='lat' dir='ltr'><strong>Deus,</strong></span> <span class='ocrx_word' id='word_1_425' title='bbox 2624 983 2728 1022; x_wconf 90' lang='lat' dir='ltr'><strong>non</strong></span> <span class='ocrx_word' id='word_1_426' title='bbox 2768 980 2975 1022; x_wconf 90' lang='lat' dir='ltr'><strong>tantum</strong></span> <span class='ocrx_word' id='word_1_427' title='bbox 3016 969 3129 1041; x_wconf 85' lang='lat'><strong>(78)</strong></span> <span class='ocrx_word' id='word_1_428' title='bbox 3161 988 3505 1040; x_wconf 68' lang='lat' dir='ltr'><strong>praenoscere</strong></span> <span class='ocrx_word' id='word_1_429' title='bbox 3531 974 3674 1028; x_wconf 81' lang='lat' dir='ltr'><strong>futura</strong></span> 
     </span>
    </p>
   </div>
   <div class='ocr_carea' id='block_1_53' title="bbox 2137 1058 3673 1131">
    <p class='ocr_par' dir='ltr' id='par_1_53' title="bbox 2137 1058 3673 1131">
     <span class='ocr_line' id='line_1_53' title="bbox 2137 1058 3673 1131; baseline 0.006 -21"><span class='ocrx_word' id='word_1_430' title='bbox 2137 1058 2304 1128; x_wconf 89' lang='lat' dir='ltr'><strong>(quod</strong></span> <span class='ocrx_word' id='word_1_431' title='bbox 2339 1074 2438 1113; x_wconf 89' lang='lat' dir='ltr'><strong>nec</strong></span> <span class='ocrx_word' id='word_1_432' title='bbox 2469 1059 2702 1114; x_wconf 79' lang='lat' dir='ltr'><strong>dubitari</strong></span> <span class='ocrx_word' id='word_1_433' title='bbox 2733 1063 2957 1130; x_wconf 85' lang='lat' dir='ltr'><strong>potest),</strong></span> <span class='ocrx_word' id='word_1_434' title='bbox 2982 1063 3074 1114; x_wconf 79' lang='lat' dir='ltr'><strong>sed</strong></span> <span class='ocrx_word' id='word_1_435' title='bbox 3117 1065 3370 1131; x_wconf 88' lang='lat' dir='ltr'><strong>probare,</strong></span> <span class='ocrx_word' id='word_1_436' title='bbox 3411 1076 3467 1118; x_wconf 87' lang='lat' dir='ltr'><strong>et</strong></span> <span class='ocrx_word' id='word_1_437' title='bbox 3489 1067 3673 1120; x_wconf 79' lang='lat' dir='ltr'><strong>scicntia</strong></span> 
     </span>
    </p>
   </div>
   <div class='ocr_carea' id='block_1_54' title="bbox 2135 1153 3677 1224">
    <p class='ocr_par' dir='ltr' id='par_1_54' title="bbox 2135 1153 3677 1224">
     <span class='ocr_line' id='line_1_54' title="bbox 2135 1153 3677 1224; baseline 0.005 -20"><span class='ocrx_word' id='word_1_438' title='bbox 2135 1168 2230 1204; x_wconf 89' lang='lat' dir='ltr'><strong>sua</strong></span> <span class='ocrx_word' id='word_1_439' title='bbox 2270 1154 2428 1222; x_wconf 84' lang='lat' dir='ltr'><strong>digna</strong></span> <span class='ocrx_word' id='word_1_440' title='bbox 2476 1155 2695 1218; x_wconf 86' lang='lat' dir='ltr'><strong>ducere,</strong></span> <span class='ocrx_word' id='word_1_441' title='bbox 2729 1155 2780 1206; x_wconf 91' lang='lat' dir='ltr'><strong>in</strong></span> <span class='ocrx_word' id='word_1_442' title='bbox 2807 1153 3108 1223; x_wconf 83' lang='lat' dir='ltr'><strong>Scripturis</strong></span> <span class='ocrx_word' id='word_1_443' title='bbox 3138 1167 3394 1224; x_wconf 86' lang='lat' dir='ltr'><strong>ponatur.</strong></span> <span class='ocrx_word' id='word_1_444' title='bbox 3422 1156 3605 1210; x_wconf 75' lang='lat' dir='ltr'><strong>Verum</strong></span> <span class='ocrx_word' id='word_1_445' title='bbox 3625 1176 3677 1212; x_wconf 84' lang='lat' dir='ltr'><strong>ne</strong></span> 
     </span>
    </p>
   </div>
   <div class='ocr_carea' id='block_1_55' title="bbox 2135 1247 3679 1319">
    <p class='ocr_par' dir='ltr' id='par_1_55' title="bbox 2135 1247 3679 1319">
     <span class='ocr_line' id='line_1_55' title="bbox 2135 1247 3679 1319; baseline 0.006 -23"><span class='ocrx_word' id='word_1_446' title='bbox 2135 1259 2360 1314; x_wconf 81' lang='lat' dir='ltr'><strong>parvum</strong></span> <span class='ocrx_word' id='word_1_447' title='bbox 2409 1247 2687 1302; x_wconf 90' lang='lat' dir='ltr'><strong>videretur</strong></span> <span class='ocrx_word' id='word_1_448' title='bbox 2728 1250 2870 1314; x_wconf 88' lang='lat' dir='ltr'><strong>quod</strong></span> <span class='ocrx_word' id='word_1_449' title='bbox 2899 1249 3154 1318; x_wconf 81' lang='lat' dir='ltr'><strong>exctnplo</strong></span> <span class='ocrx_word' id='word_1_450' title='bbox 3183 1251 3261 1304; x_wconf 88' lang='lat' dir='ltr'><strong>sui</strong></span> <span class='ocrx_word' id='word_1_451' title='bbox 3296 1251 3412 1319; x_wconf 86' lang='grc'>(79)</span> <span class='ocrx_word' id='word_1_452' title='bbox 3445 1267 3548 1304; x_wconf 89' lang='lat' dir='ltr'><strong>non</strong></span> <span class='ocrx_word' id='word_1_453' title='bbox 3584 1269 3679 1306; x_wconf 66' lang='lat' dir='ltr'><strong>esse</strong></span> 
     </span>
    </p>
   </div>
   <div class='ocr_carea' id='block_1_56' title="bbox 2136 1337 3675 1410">
    <p class='ocr_par' dir='ltr' id='par_1_56' title="bbox 2136 1337 3675 1410">
     <span class='ocr_line' id='line_1_56' title="bbox 2136 1337 3675 1410; baseline 0.005 -21"><span class='ocrx_word' id='word_1_454' title='bbox 2136 1337 2410 1406; x_wconf 86' lang='lat' dir='ltr'><strong>repulsam</strong></span> <span class='ocrx_word' id='word_1_455' title='bbox 2455 1341 2667 1407; x_wconf 89' lang='lat' dir='ltr'><strong>plebem</strong></span> <span class='ocrx_word' id='word_1_456' title='bbox 2717 1341 2808 1394; x_wconf 87' lang='lat' dir='ltr'><strong>Dei</strong></span> <span class='ocrx_word' id='word_1_457' title='bbox 2845 1342 3070 1396; x_wconf 78' lang='lat' dir='ltr'><strong>docebat</strong></span> <span class='ocrx_word' id='word_1_458' title='bbox 3099 1343 3415 1410; x_wconf 85' lang='lat' dir='ltr'><strong>Apostolus,</strong></span> <span class='ocrx_word' id='word_1_459' title='bbox 3447 1345 3675 1397; x_wconf 78' lang='lat' dir='ltr'><strong>validiora</strong></span> 
     </span>
    </p>
   </div>
   <div class='ocr_carea' id='block_1_57' title="bbox 2134 1429 3676 1501">
    <p class='ocr_par' dir='ltr' id='par_1_57' title="bbox 2134 1429 3676 1501">
     <span class='ocr_line' id='line_1_57' title="bbox 2134 1429 3676 1501; baseline 0.005 -20"><span class='ocrx_word' id='word_1_460' title='bbox 2134 1429 2363 1497; x_wconf 84' lang='lat' dir='ltr'><strong>requirit</strong></span> <span class='ocrx_word' id='word_1_461' title='bbox 2401 1432 2672 1501; x_wconf 79' lang='lat' dir='ltr'><strong>exempia,</strong></span> <span class='ocrx_word' id='word_1_462' title='bbox 2718 1442 2773 1487; x_wconf 92' lang='lat' dir='ltr'><strong>et</strong></span> <span class='ocrx_word' id='word_1_463' title='bbox 2801 1435 2935 1486; x_wconf 83' lang='lat' dir='ltr'><strong>dicit</strong></span> <span class='ocrx_word' id='word_1_464' title='bbox 2969 1451 2983 1487; x_wconf 90' lang='lat'><strong>:</strong></span> <span class='ocrx_word' id='word_1_465' title='bbox 3014 1453 3033 1484; x_wconf 73' lang='grc' dir='ltr'>ι</span> <span class='ocrx_word' id='word_1_466' title='bbox 3061 1434 3142 1486; x_wconf 88' lang='lat' dir='ltr'><strong>An</strong></span> <span class='ocrx_word' id='word_1_467' title='bbox 3226 1435 3453 1488; x_wconf 88' lang='lat' dir='ltr'><strong>nescitis</strong></span> <span class='ocrx_word' id='word_1_468' title='bbox 3498 1437 3546 1488; x_wconf 92' lang='lat' dir='ltr'><strong>in</strong></span> <span class='ocrx_word' id='word_1_469' title='bbox 3584 1436 3676 1488; x_wconf 83' lang='lat' dir='ltr'><strong>Elia</strong></span> 
     </span>
    </p>
   </div>
   <div class='ocr_carea' id='block_1_58' title="bbox 2132 1524 3676 1596">
    <p class='ocr_par' dir='ltr' id='par_1_58' title="bbox 2132 1524 3676 1596">
     <span class='ocr_line' id='line_1_58' title="bbox 2132 1524 3676 1596; baseline 0.003 -20"><span class='ocrx_word' id='word_1_470' title='bbox 2132 1526 2261 1594; x_wconf 92' lang='lat' dir='ltr'><strong>quid</strong></span> <span class='ocrx_word' id='word_1_471' title='bbox 2307 1524 2440 1578; x_wconf 92' lang='lat' dir='ltr'><strong>dicit</strong></span> <span class='ocrx_word' id='word_1_472' title='bbox 2481 1525 2820 1594; x_wconf 86' lang='lat' dir='ltr'><strong>Scriptura?</strong></span> <span class='ocrx_word' id='word_1_473' title='bbox 2861 1526 3146 1592; x_wconf 81' lang='lat' dir='ltr'><strong>Quomodo</strong></span> <span class='ocrx_word' id='word_1_474' title='bbox 3193 1527 3506 1596; x_wconf 85' lang='lat' dir='ltr'><strong>interpellat</strong></span> <span class='ocrx_word' id='word_1_475' title='bbox 3540 1529 3676 1581; x_wconf 76' lang='lat' dir='ltr'><strong>Deum</strong></span> 
     </span>
    </p>
   </div>
   <div class='ocr_carea' id='block_1_59' title="bbox 2132 1619 3678 1688">
    <p class='ocr_par' dir='ltr' id='par_1_59' title="bbox 2132 1619 3678 1688">
     <span class='ocr_line' id='line_1_59' title="bbox 2132 1619 3678 1688; baseline 0.003 -17"><span class='ocrx_word' id='word_1_476' title='bbox 2132 1620 2419 1672; x_wconf 86' lang='lat' dir='ltr'><strong>adversum</strong></span> <span class='ocrx_word' id='word_1_477' title='bbox 2453 1619 2666 1674; x_wconf 86' lang='lat' dir='ltr'><strong>Israel?</strong></span> <span class='ocrx_word' id='word_1_478' title='bbox 2703 1620 2956 1679; x_wconf 86' lang='lat' dir='ltr'><strong>Domine,</strong></span> <span class='ocrx_word' id='word_1_479' title='bbox 2986 1622 3285 1688; x_wconf 83' lang='lat' dir='ltr'><strong>prophetas</strong></span> <span class='ocrx_word' id='word_1_480' title='bbox 3323 1631 3448 1673; x_wconf 88' lang='lat' dir='ltr'><strong>tuos</strong></span> <span class='ocrx_word' id='word_1_481' title='bbox 3495 1623 3678 1675; x_wconf 79' lang='lat' dir='ltr'><strong>occide-</strong></span> 
     </span>
    </p>
   </div>
   <div class='ocr_carea' id='block_1_60' title="bbox 2133 1712 3675 1783">
    <p class='ocr_par' dir='ltr' id='par_1_60' title="bbox 2133 1712 3675 1783">
     <span class='ocr_line' id='line_1_60' title="bbox 2133 1712 3675 1783; baseline 0.003 -20"><span class='ocrx_word' id='word_1_482' title='bbox 2133 1719 2259 1764; x_wconf 88' lang='lat' dir='ltr'><strong>runt</strong></span> <span class='ocrx_word' id='word_1_483' title='bbox 2280 1753 2296 1779; x_wconf 87' lang='lat'><strong>,</strong></span> <span class='ocrx_word' id='word_1_484' title='bbox 2325 1712 2517 1767; x_wconf 87' lang='lat' dir='ltr'><strong>altaria</strong></span> <span class='ocrx_word' id='word_1_485' title='bbox 2564 1721 2656 1766; x_wconf 89' lang='lat' dir='ltr'><strong>tua</strong></span> <span class='ocrx_word' id='word_1_486' title='bbox 2705 1712 3043 1768; x_wconf 80' lang='lat' dir='ltr'><strong>suﬂ&#39;oderunt</strong></span> <span class='ocrx_word' id='word_1_487' title='bbox 3069 1752 3083 1774; x_wconf 87' lang='lat'><strong>,</strong></span> <span class='ocrx_word' id='word_1_488' title='bbox 3115 1723 3168 1766; x_wconf 88' lang='lat' dir='ltr'><strong>et</strong></span> <span class='ocrx_word' id='word_1_489' title='bbox 3195 1728 3297 1783; x_wconf 87' lang='lat' dir='ltr'><strong>ego</strong></span> <span class='ocrx_word' id='word_1_490' title='bbox 3327 1713 3547 1769; x_wconf 90' lang='lat' dir='ltr'><strong>relictus</strong></span> <span class='ocrx_word' id='word_1_491' title='bbox 3582 1730 3675 1768; x_wconf 83' lang='lat' dir='ltr'><strong>sum</strong></span> 
     </span>
    </p>
   </div>
   <div class='ocr_carea' id='block_1_61' title="bbox 2132 1805 3677 1876">
    <p class='ocr_par' dir='ltr' id='par_1_61' title="bbox 2132 1805 3677 1876">
     <span class='ocr_line' id='line_1_61' title="bbox 2132 1805 3677 1876; baseline 0.003 -19"><span class='ocrx_word' id='word_1_492' title='bbox 2132 1805 2280 1859; x_wconf 89' lang='lat' dir='ltr'><strong>solus</strong></span> <span class='ocrx_word' id='word_1_493' title='bbox 2309 1845 2324 1870; x_wconf 91' lang='lat'><strong>,</strong></span> <span class='ocrx_word' id='word_1_494' title='bbox 2358 1815 2415 1858; x_wconf 91' lang='lat' dir='ltr'><strong>et</strong></span> <span class='ocrx_word' id='word_1_495' title='bbox 2443 1814 2696 1875; x_wconf 66' lang='lat' dir='ltr'><strong>quaerunt</strong></span> <span class='ocrx_word' id='word_1_496' title='bbox 2745 1807 2983 1859; x_wconf 80' lang='lat' dir='ltr'><strong>animam</strong></span> <span class='ocrx_word' id='word_1_497' title='bbox 3025 1821 3222 1859; x_wconf 89' lang='lat' dir='ltr'><strong>meam.</strong></span> <span class='ocrx_word' id='word_1_498' title='bbox 3259 1805 3371 1861; x_wconf 87' lang='lat' dir='ltr'><strong>Sed</strong></span> <span class='ocrx_word' id='word_1_499' title='bbox 3400 1807 3528 1876; x_wconf 90' lang='lat' dir='ltr'><strong>quid</strong></span> <span class='ocrx_word' id='word_1_500' title='bbox 3572 1811 3677 1862; x_wconf 85' lang='lat' dir='ltr'><strong>dicit</strong></span> 
     </span>
    </p>
   </div>
   <div class='ocr_carea' id='block_1_62' title="bbox 2133 1897 3678 1969">
    <p class='ocr_par' dir='ltr' id='par_1_62' title="bbox 2133 1897 3678 1969">
     <span class='ocr_line' id='line_1_62' title="bbox 2133 1897 3678 1969; baseline 0.003 -18"><span class='ocrx_word' id='word_1_501' title='bbox 2133 1897 2208 1951; x_wconf 93' lang='lat' dir='ltr'><strong>illi</strong></span> <span class='ocrx_word' id='word_1_502' title='bbox 2239 1913 2562 1966; x_wconf 89' lang='lat' dir='ltr'><strong>responsum</strong></span> <span class='ocrx_word' id='word_1_503' title='bbox 2595 1899 2838 1952; x_wconf 92' lang='lat' dir='ltr'><strong>divinum</strong></span> <span class='ocrx_word' id='word_1_504' title='bbox 2867 1898 3028 1965; x_wconf 88' lang='lat'><strong>(80)?</strong></span> <span class='ocrx_word' id='word_1_505' title='bbox 3064 1918 3082 1950; x_wconf 73' lang='grc' dir='ltr'>ι</span> <span class='ocrx_word' id='word_1_506' title='bbox 3124 1899 3180 1952; x_wconf 86' lang='grc' dir='ltr'>1η</span> <span class='ocrx_word' id='word_1_507' title='bbox 3231 1901 3441 1969; x_wconf 85' lang='lat' dir='ltr'><strong>quibus</strong></span> <span class='ocrx_word' id='word_1_508' title='bbox 3485 1905 3678 1957; x_wconf 76' lang='lat' dir='ltr'><strong>docetur</strong></span> 
     </span>
    </p>
   </div>
   <div class='ocr_carea' id='block_1_63' title="bbox 2131 1991 3676 2063">
    <p class='ocr_par' dir='ltr' id='par_1_63' title="bbox 2131 1991 3676 2063">
     <span class='ocr_line' id='line_1_63' title="bbox 2131 1991 3676 2063; baseline 0.004 -20"><span class='ocrx_word' id='word_1_509' title='bbox 2131 1991 2393 2060; x_wconf 83' lang='lat' dir='ltr'><strong>prepheta</strong></span> <span class='ocrx_word' id='word_1_510' title='bbox 2445 1991 2733 2060; x_wconf 88' lang='lat' dir='ltr'><strong>aliquando</strong></span> <span class='ocrx_word' id='word_1_511' title='bbox 2782 1992 2899 2046; x_wconf 82' lang='lat' dir='ltr'><strong>zelo</strong></span> <span class='ocrx_word' id='word_1_512' title='bbox 2943 1992 3035 2046; x_wconf 90' lang='lat' dir='ltr'><strong>Dei</strong></span> <span class='ocrx_word' id='word_1_513' title='bbox 3071 1991 3333 2060; x_wconf 88' lang='lat' dir='ltr'><strong>repletus,</strong></span> <span class='ocrx_word' id='word_1_514' title='bbox 3391 2008 3515 2046; x_wconf 90' lang='lat' dir='ltr'><strong>cum</strong></span> <span class='ocrx_word' id='word_1_515' title='bbox 3562 1999 3676 2063; x_wconf 82' lang='lat' dir='ltr'><strong>apud</strong></span> 
     </span>
    </p>
   </div>
   <div class='ocr_carea' id='block_1_64' title="bbox 2130 2082 3678 2156">
    <p class='ocr_par' dir='ltr' id='par_1_64' title="bbox 2130 2082 3678 2156">
     <span class='ocr_line' id='line_1_64' title="bbox 2130 2082 3678 2156; baseline 0.003 -20"><span class='ocrx_word' id='word_1_516' title='bbox 2130 2083 2298 2136; x_wconf 87' lang='lat' dir='ltr'><strong>Deum</strong></span> <span class='ocrx_word' id='word_1_517' title='bbox 2334 2082 2447 2154; x_wconf 87' lang='grc'>(81)</span> <span class='ocrx_word' id='word_1_518' title='bbox 2479 2083 2758 2152; x_wconf 89' lang='lat' dir='ltr'><strong>querelam</strong></span> <span class='ocrx_word' id='word_1_519' title='bbox 2793 2084 2972 2153; x_wconf 92' lang='lat' dir='ltr'><strong>populi</strong></span> <span class='ocrx_word' id='word_1_520' title='bbox 2999 2085 3441 2152; x_wconf 66' lang='lat' dir='ltr'><strong>praevaricatoris</strong></span> <span class='ocrx_word' id='word_1_521' title='bbox 3469 2103 3678 2156; x_wconf 73' lang='lat' dir='ltr'><strong>expone-</strong></span> 
     </span>
    </p>
   </div>
   <div class='ocr_carea' id='block_1_65' title="bbox 2128 2175 3674 2243">
    <p class='ocr_par' dir='ltr' id='par_1_65' title="bbox 2128 2175 3674 2243">
     <span class='ocr_line' id='line_1_65' title="bbox 2128 2175 3674 2243; baseline 0.003 -15"><span class='ocrx_word' id='word_1_522' title='bbox 2128 2183 2210 2228; x_wconf 90' lang='lat' dir='ltr'><strong>ret</strong></span> <span class='ocrx_word' id='word_1_523' title='bbox 2238 2213 2253 2238; x_wconf 92' lang='lat'><strong>,</strong></span> <span class='ocrx_word' id='word_1_524' title='bbox 2282 2176 2373 2242; x_wconf 93' lang='lat' dir='ltr'><strong>qui</strong></span> <span class='ocrx_word' id='word_1_525' title='bbox 2409 2189 2518 2228; x_wconf 91' lang='lat' dir='ltr'><strong>non</strong></span> <span class='ocrx_word' id='word_1_526' title='bbox 2552 2175 2729 2228; x_wconf 87' lang='lat' dir='ltr'><strong>solum</strong></span> <span class='ocrx_word' id='word_1_527' title='bbox 2761 2175 3056 2243; x_wconf 86' lang='lat' dir='ltr'><strong>prophetas</strong></span> <span class='ocrx_word' id='word_1_528' title='bbox 3085 2178 3397 2241; x_wconf 88' lang='lat' dir='ltr'><strong>occidisset,</strong></span> <span class='ocrx_word' id='word_1_529' title='bbox 3433 2189 3486 2232; x_wconf 91' lang='lat' dir='ltr'><strong>et</strong></span> <span class='ocrx_word' id='word_1_530' title='bbox 3512 2180 3674 2232; x_wconf 79' lang='lat' dir='ltr'><strong>altaria</strong></span> 
     </span>
    </p>
   </div>
   <div class='ocr_carea' id='block_1_66' title="bbox 2127 2263 3677 2338">
    <p class='ocr_par' dir='ltr' id='par_1_66' title="bbox 2127 2263 3677 2338">
     <span class='ocr_line' id='line_1_66' title="bbox 2127 2263 3677 2338; baseline 0.002 -17"><span class='ocrx_word' id='word_1_531' title='bbox 2127 2263 2521 2331; x_wconf 84' lang='lat' dir='ltr'><strong>subvertisset,</strong></span> <span class='ocrx_word' id='word_1_532' title='bbox 2553 2283 2740 2320; x_wconf 89' lang='lat' dir='ltr'><strong>verum</strong></span> <span class='ocrx_word' id='word_1_533' title='bbox 2797 2277 2851 2321; x_wconf 90' lang='lat' dir='ltr'><strong>et</strong></span> <span class='ocrx_word' id='word_1_534' title='bbox 2897 2267 3069 2320; x_wconf 88' lang='lat' dir='ltr'><strong>Eliatn</strong></span> <span class='ocrx_word' id='word_1_535' title='bbox 3109 2271 3202 2338; x_wconf 89' lang='lat' dir='ltr'><strong>qui</strong></span> <span class='ocrx_word' id='word_1_536' title='bbox 3241 2271 3529 2324; x_wconf 83' lang='lat' dir='ltr'><strong>videbatur</strong></span> <span class='ocrx_word' id='word_1_537' title='bbox 3558 2274 3677 2326; x_wconf 80' lang='lat' dir='ltr'><strong>solus</strong></span> 
     </span>
    </p>
   </div>
   <div class='ocr_carea' id='block_1_67' title="bbox 2124 2359 3676 2428">
    <p class='ocr_par' dir='ltr' id='par_1_67' title="bbox 2124 2359 3676 2428">
     <span class='ocr_line' id='line_1_67' title="bbox 2124 2359 3676 2428; baseline 0.001 -16"><span class='ocrx_word' id='word_1_538' title='bbox 2124 2373 2413 2426; x_wconf 89' lang='lat' dir='ltr'><strong>superesse</strong></span> <span class='ocrx_word' id='word_1_539' title='bbox 2447 2369 2502 2415; x_wconf 88' lang='lat' dir='ltr'><strong>et</strong></span> <span class='ocrx_word' id='word_1_540' title='bbox 2531 2359 2815 2428; x_wconf 91' lang='lat' dir='ltr'><strong>prophetis</strong></span> <span class='ocrx_word' id='word_1_541' title='bbox 2866 2359 3117 2426; x_wconf 89' lang='lat' dir='ltr'><strong>Domini,</strong></span> <span class='ocrx_word' id='word_1_542' title='bbox 3159 2373 3459 2416; x_wconf 87' lang='lat' dir='ltr'><strong>conaretur</strong></span> <span class='ocrx_word' id='word_1_543' title='bbox 3496 2366 3676 2417; x_wconf 78' lang='lat' dir='ltr'><strong>exstin-</strong></span> 
     </span>
    </p>
   </div>
   <div class='ocr_carea' id='block_1_68' title="bbox 2123 2452 3676 2524">
    <p class='ocr_par' dir='ltr' id='par_1_68' title="bbox 2123 2452 3676 2524">
     <span class='ocr_line' id='line_1_68' title="bbox 2123 2452 3676 2524; baseline 0.003 -20"><span class='ocrx_word' id='word_1_544' title='bbox 2123 2467 2308 2520; x_wconf 88' lang='lat' dir='ltr'><strong>guere.</strong></span> <span class='ocrx_word' id='word_1_545' title='bbox 2358 2452 2427 2506; x_wconf 90' lang='lat' dir='ltr'><strong>Et</strong></span> <span class='ocrx_word' id='word_1_546' title='bbox 2476 2452 2579 2506; x_wconf 89' lang='lat' dir='ltr'><strong>hoc</strong></span> <span class='ocrx_word' id='word_1_547' title='bbox 2628 2453 2739 2506; x_wconf 88' lang='lat' dir='ltr'><strong>Elia</strong></span> <span class='ocrx_word' id='word_1_548' title='bbox 2773 2454 2914 2522; x_wconf 87' lang='lat' dir='ltr'><strong>apud</strong></span> <span class='ocrx_word' id='word_1_549' title='bbox 2957 2454 3123 2507; x_wconf 91' lang='lat' dir='ltr'><strong>Deum</strong></span> <span class='ocrx_word' id='word_1_550' title='bbox 3171 2455 3531 2524; x_wconf 85' lang='lat' dir='ltr'><strong>deplorante.</strong></span> <span class='ocrx_word' id='word_1_551' title='bbox 3575 2460 3676 2509; x_wconf 81' lang='lat' dir='ltr'><strong>audi</strong></span> 
     </span>
    </p>
   </div>
   <div class='ocr_carea' id='block_1_69' title="bbox 2121 2545 3677 2616">
    <p class='ocr_par' dir='ltr' id='par_1_69' title="bbox 2121 2545 3677 2616">
     <span class='ocr_line' id='line_1_69' title="bbox 2121 2545 3677 2616; baseline 0.004 -21"><span class='ocrx_word' id='word_1_552' title='bbox 2121 2545 2249 2612; x_wconf 92' lang='lat' dir='ltr'><strong>quid</strong></span> <span class='ocrx_word' id='word_1_553' title='bbox 2281 2545 2346 2598; x_wconf 91' lang='lat' dir='ltr'><strong>ad</strong></span> <span class='ocrx_word' id='word_1_554' title='bbox 2377 2559 2500 2598; x_wconf 90' lang='lat' dir='ltr'><strong>eum</strong></span> <span class='ocrx_word' id='word_1_555' title='bbox 2533 2548 2752 2599; x_wconf 87' lang='lat' dir='ltr'><strong>oracula</strong></span> <span class='ocrx_word' id='word_1_556' title='bbox 2784 2547 2966 2600; x_wconf 85' lang='lat' dir='ltr'><strong>divina</strong></span> <span class='ocrx_word' id='word_1_557' title='bbox 2996 2548 3367 2616; x_wconf 87' lang='lat' dir='ltr'><strong>respondeant</strong></span> <span class='ocrx_word' id='word_1_558' title='bbox 3397 2565 3411 2601; x_wconf 90' lang='lat'><strong>:</strong></span> <span class='ocrx_word' id='word_1_559' title='bbox 3445 2568 3464 2598; x_wconf 76' lang='grc' dir='ltr'><strong>σ</strong></span> <span class='ocrx_word' id='word_1_560' title='bbox 3493 2547 3677 2616; x_wconf 86' lang='lat' dir='ltr'><strong>Reliqui</strong></span> 
     </span>
    </p>
   </div>
   <div class='ocr_carea' id='block_1_70' title="bbox 2123 2638 3679 2712">
    <p class='ocr_par' dir='ltr' id='par_1_70' title="bbox 2123 2638 3679 2712">
     <span class='ocr_line' id='line_1_70' title="bbox 2123 2638 3679 2712; baseline 0.002 -20"><span class='ocrx_word' id='word_1_561' title='bbox 2123 2639 2252 2693; x_wconf 89' lang='lat' dir='ltr'><strong>mihi</strong></span> <span class='ocrx_word' id='word_1_562' title='bbox 2289 2638 2401 2710; x_wconf 67' lang='lat'><strong>(89)</strong></span> <span class='ocrx_word' id='word_1_563' title='bbox 2435 2651 2640 2708; x_wconf 87' lang='lat' dir='ltr'><strong>septem</strong></span> <span class='ocrx_word' id='word_1_564' title='bbox 2678 2642 2845 2694; x_wconf 91' lang='lat' dir='ltr'><strong>millia</strong></span> <span class='ocrx_word' id='word_1_565' title='bbox 2897 2645 3137 2696; x_wconf 78' lang='lat' dir='ltr'><strong>virorum</strong></span> <span class='ocrx_word' id='word_1_566' title='bbox 3171 2643 3263 2712; x_wconf 92' lang='lat' dir='ltr'><strong>qui</strong></span> <span class='ocrx_word' id='word_1_567' title='bbox 3299 2659 3412 2696; x_wconf 86' lang='lat' dir='ltr'><strong>non</strong></span> <span class='ocrx_word' id='word_1_568' title='bbox 3445 2658 3679 2696; x_wconf 81' lang='lat' dir='ltr'><strong>curvavr-</strong></span> 
     </span>
    </p>
   </div>
   <div class='ocr_carea' id='block_1_71' title="bbox 2120 2731 3679 2804">
    <p class='ocr_par' dir='ltr' id='par_1_71' title="bbox 2120 2731 3679 2804">
     <span class='ocr_line' id='line_1_71' title="bbox 2120 2731 3679 2804; baseline 0.004 -21"><span class='ocrx_word' id='word_1_569' title='bbox 2120 2738 2246 2784; x_wconf 85' lang='lat' dir='ltr'><strong>runt</strong></span> <span class='ocrx_word' id='word_1_570' title='bbox 2274 2746 2448 2801; x_wconf 87' lang='lat' dir='ltr'><strong>genua</strong></span> <span class='ocrx_word' id='word_1_571' title='bbox 2474 2731 2621 2786; x_wconf 88' lang='lat' dir='ltr'><strong>Baal.</strong></span> <span class='ocrx_word' id='word_1_572' title='bbox 2664 2751 2682 2784; x_wconf 72' lang='lat' dir='ltr'><strong>t</strong></span> <span class='ocrx_word' id='word_1_573' title='bbox 2715 2732 2840 2786; x_wconf 87' lang='lat' dir='ltr'><strong>Baal</strong></span> <span class='ocrx_word' id='word_1_574' title='bbox 2877 2734 3007 2787; x_wconf 88' lang='lat' dir='ltr'><strong>idoli</strong></span> <span class='ocrx_word' id='word_1_575' title='bbox 3055 2749 3251 2789; x_wconf 86' lang='lat' dir='ltr'><strong>nomen</strong></span> <span class='ocrx_word' id='word_1_576' title='bbox 3299 2746 3414 2794; x_wconf 86' lang='lat' dir='ltr'><strong>est.</strong></span> <span class='ocrx_word' id='word_1_577' title='bbox 3455 2738 3520 2789; x_wconf 89' lang='lat' dir='ltr'><strong>ad</strong></span> <span class='ocrx_word' id='word_1_578' title='bbox 3548 2737 3679 2804; x_wconf 82' lang='lat' dir='ltr'><strong>cujus</strong></span> 
     </span>
    </p>
   </div>
   <div class='ocr_carea' id='block_1_72' title="bbox 2119 2823 3677 2896">
    <p class='ocr_par' dir='ltr' id='par_1_72' title="bbox 2119 2823 3677 2896">
     <span class='ocr_line' id='line_1_72' title="bbox 2119 2823 3677 2896; baseline 0.001 -19"><span class='ocrx_word' id='word_1_579' title='bbox 2119 2823 2320 2877; x_wconf 87' lang='lat' dir='ltr'><strong>cultum</strong></span> <span class='ocrx_word' id='word_1_580' title='bbox 2345 2823 2574 2893; x_wconf 88' lang='lat' dir='ltr'><strong>populus</strong></span> <span class='ocrx_word' id='word_1_581' title='bbox 2597 2825 2707 2889; x_wconf 90' lang='lat' dir='ltr'><strong>ille,</strong></span> <span class='ocrx_word' id='word_1_582' title='bbox 2745 2825 2932 2879; x_wconf 80' lang='lat' dir='ltr'><strong>relicta</strong></span> <span class='ocrx_word' id='word_1_583' title='bbox 2969 2825 3058 2880; x_wconf 88' lang='lat' dir='ltr'><strong>Dei</strong></span> <span class='ocrx_word' id='word_1_584' title='bbox 3084 2827 3221 2896; x_wconf 84' lang='lat' dir='ltr'><strong>lege,</strong></span> <span class='ocrx_word' id='word_1_585' title='bbox 3249 2827 3548 2881; x_wconf 84' lang='lat' dir='ltr'><strong>deciderat.</strong></span> <span class='ocrx_word' id='word_1_586' title='bbox 3574 2827 3677 2881; x_wconf 65' lang='lat' dir='ltr'><strong>Ilaec</strong></span> 
     </span>
    </p>
   </div>
   <div class='ocr_carea' id='block_1_73' title="bbox 2118 2916 3678 2988">
    <p class='ocr_par' dir='ltr' id='par_1_73' title="bbox 2118 2916 3678 2988">
     <span class='ocr_line' id='line_1_73' title="bbox 2118 2916 3678 2988; baseline 0 -20"><span class='ocrx_word' id='word_1_587' title='bbox 2118 2924 2244 2968; x_wconf 87' lang='lat' dir='ltr'><strong>sunt</strong></span> <span class='ocrx_word' id='word_1_588' title='bbox 2272 2931 2393 2984; x_wconf 68' lang='lat' dir='ltr'><strong>qua:</strong></span> <span class='ocrx_word' id='word_1_589' title='bbox 2422 2916 2714 2984; x_wconf 75' lang='lat' dir='ltr'><strong>Apostolus</strong></span> <span class='ocrx_word' id='word_1_590' title='bbox 2745 2918 2810 2970; x_wconf 89' lang='lat' dir='ltr'><strong>ad</strong></span> <span class='ocrx_word' id='word_1_591' title='bbox 2835 2917 3145 2984; x_wconf 71' lang='lat' dir='ltr'><strong>exetnplum</strong></span> <span class='ocrx_word' id='word_1_592' title='bbox 3176 2921 3446 2988; x_wconf 90' lang='lat' dir='ltr'><strong>temporis</strong></span> <span class='ocrx_word' id='word_1_593' title='bbox 3471 2936 3678 2987; x_wconf 70' lang='lat' dir='ltr'><strong>praesen-</strong></span> 
     </span>
    </p>
   </div>
   <div class='ocr_carea' id='block_1_74' title="bbox 2119 3003 3676 3076">
    <p class='ocr_par' dir='ltr' id='par_1_74' title="bbox 2119 3003 3676 3076">
     <span class='ocr_line' id='line_1_74' title="bbox 2119 3003 3676 3076; baseline 0.005 -20"><span class='ocrx_word' id='word_1_594' title='bbox 2119 3004 2187 3059; x_wconf 86' lang='lat' dir='ltr'><strong>tis</strong></span> <span class='ocrx_word' id='word_1_595' title='bbox 2220 3003 2466 3059; x_wconf 85' lang='lat' dir='ltr'><strong>adducit.</strong></span> <span class='ocrx_word' id='word_1_596' title='bbox 2498 3004 2565 3059; x_wconf 88' lang='lat' dir='ltr'><strong>Et</strong></span> <span class='ocrx_word' id='word_1_597' title='bbox 2593 3006 2782 3060; x_wconf 85' lang='lat' dir='ltr'><strong>addit:</strong></span> <span class='ocrx_word' id='word_1_598' title='bbox 2820 3027 2839 3058; x_wconf 73' lang='grc' dir='ltr'>ι</span> <span class='ocrx_word' id='word_1_599' title='bbox 2876 3008 2968 3062; x_wconf 90' lang='lat' dir='ltr'><strong>Sic</strong></span> <span class='ocrx_word' id='word_1_600' title='bbox 3013 3008 3182 3076; x_wconf 85' lang='lat' dir='ltr'><strong>igitur</strong></span> <span class='ocrx_word' id='word_1_601' title='bbox 3209 3023 3266 3063; x_wconf 86' lang='lat' dir='ltr'><strong>et</strong></span> <span class='ocrx_word' id='word_1_602' title='bbox 3307 3011 3362 3064; x_wconf 87' lang='lat' dir='ltr'><strong>in</strong></span> <span class='ocrx_word' id='word_1_603' title='bbox 3414 3011 3518 3064; x_wconf 86' lang='lat' dir='ltr'><strong>hoc</strong></span> <span class='ocrx_word' id='word_1_604' title='bbox 3561 3023 3676 3064; x_wconf 78' lang='lat' dir='ltr'><strong>tern-</strong></span> 
     </span>
    </p>
   </div>
   <div class='ocr_carea' id='block_1_75' title="bbox 2120 3096 3674 3172">
    <p class='ocr_par' dir='ltr' id='par_1_75' title="bbox 2120 3096 3674 3172">
     <span class='ocr_line' id='line_1_75' title="bbox 2120 3096 3674 3172; baseline 0.004 -26"><span class='ocrx_word' id='word_1_605' title='bbox 2120 3108 2250 3161; x_wconf 88' lang='lat' dir='ltr'><strong>pore</strong></span> <span class='ocrx_word' id='word_1_606' title='bbox 2271 3096 2516 3166; x_wconf 66' lang='lat' dir='ltr'><strong>reliquia:</strong></span> <span class='ocrx_word' id='word_1_607' title='bbox 2539 3098 2834 3152; x_wconf 91' lang='lat' dir='ltr'><strong>secundum</strong></span> <span class='ocrx_word' id='word_1_608' title='bbox 2873 3099 3196 3154; x_wconf 82' lang='lat' dir='ltr'><strong>eiectionem</strong></span> <span class='ocrx_word' id='word_1_609' title='bbox 3234 3103 3431 3170; x_wconf 74' lang='lat' dir='ltr'><strong>gratia:</strong></span> <span class='ocrx_word' id='word_1_610' title='bbox 3457 3103 3566 3172; x_wconf 75' lang='lat'><strong>(83)</strong></span> <span class='ocrx_word' id='word_1_611' title='bbox 3587 3102 3674 3154; x_wconf 80' lang='lat' dir='ltr'><strong>sal-</strong></span> 
     </span>
    </p>
   </div>
   <div class='ocr_carea' id='block_1_76' title="bbox 2122 3187 3677 3264">
    <p class='ocr_par' dir='ltr' id='par_1_76' title="bbox 2122 3187 3677 3264">
     <span class='ocr_line' id='line_1_76' title="bbox 2122 3187 3677 3264; baseline 0.005 -25"><span class='ocrx_word' id='word_1_612' title='bbox 2122 3202 2201 3241; x_wconf 70' lang='lat' dir='ltr'><strong>va:</strong></span> <span class='ocrx_word' id='word_1_613' title='bbox 2229 3187 2386 3243; x_wconf 53' lang='lat' dir='ltr'><strong>facta).</strong></span> <span class='ocrx_word' id='word_1_614' title='bbox 2415 3199 2562 3246; x_wconf 90' lang='lat' dir='ltr'><strong>sunt.</strong></span> <span class='ocrx_word' id='word_1_615' title='bbox 2596 3187 2652 3245; x_wconf 92' lang='lat' dir='ltr'><strong>Si</strong></span> <span class='ocrx_word' id='word_1_616' title='bbox 2690 3202 2868 3244; x_wconf 87' lang='lat' dir='ltr'><strong>autem</strong></span> <span class='ocrx_word' id='word_1_617' title='bbox 2913 3195 3110 3263; x_wconf 83' lang='lat' dir='ltr'><strong>gratia,</strong></span> <span class='ocrx_word' id='word_1_618' title='bbox 3135 3193 3395 3264; x_wconf 49' lang='lat' dir='ltr'><strong>jamuton</strong></span> <span class='ocrx_word' id='word_1_619' title='bbox 3425 3211 3492 3249; x_wconf 77' lang='lat' dir='ltr'><strong>ex</strong></span> <span class='ocrx_word' id='word_1_620' title='bbox 3527 3197 3677 3264; x_wconf 86' lang='lat' dir='ltr'><strong>operi-</strong></span> 
     </span>
    </p>
   </div>
   <div class='ocr_carea' id='block_1_77' title="bbox 2124 3281 3677 3354">
    <p class='ocr_par' dir='ltr' id='par_1_77' title="bbox 2124 3281 3677 3354">
     <span class='ocr_line' id='line_1_77' title="bbox 2124 3281 3677 3354; baseline 0.001 -18"><span class='ocrx_word' id='word_1_621' title='bbox 2124 3283 2223 3338; x_wconf 90' lang='lat' dir='ltr'><strong>bus</strong></span> <span class='ocrx_word' id='word_1_622' title='bbox 2261 3308 2272 3339; x_wconf 85' lang='lat'>;</span> <span class='ocrx_word' id='word_1_623' title='bbox 2307 3281 2546 3352; x_wconf 89' lang='lat' dir='ltr'><strong>alioquin</strong></span> <span class='ocrx_word' id='word_1_624' title='bbox 2576 3285 2746 3351; x_wconf 89' lang='lat' dir='ltr'><strong>gratia</strong></span> <span class='ocrx_word' id='word_1_625' title='bbox 2781 3285 2893 3354; x_wconf 86' lang='lat' dir='ltr'><strong>jam</strong></span> <span class='ocrx_word' id='word_1_626' title='bbox 2938 3301 3046 3340; x_wconf 91' lang='lat' dir='ltr'><strong>non</strong></span> <span class='ocrx_word' id='word_1_627' title='bbox 3085 3287 3142 3342; x_wconf 87' lang='lat' dir='ltr'><strong>fit</strong></span> <span class='ocrx_word' id='word_1_628' title='bbox 3179 3286 3384 3354; x_wconf 87' lang='lat' dir='ltr'><strong>gratia.</strong></span> <span class='ocrx_word' id='word_1_629' title='bbox 3443 3306 3463 3336; x_wconf 75' lang='grc' dir='ltr'>ι</span> <span class='ocrx_word' id='word_1_630' title='bbox 3509 3287 3677 3342; x_wconf 86' lang='lat' dir='ltr'><strong>Osten-</strong></span> 
     </span>
    </p>
   </div>
   <div class='ocr_carea' id='block_1_78' title="bbox 2122 3376 3676 3449">
    <p class='ocr_par' dir='ltr' id='par_1_78' title="bbox 2122 3376 3676 3449">
     <span class='ocr_line' id='line_1_78' title="bbox 2122 3376 3676 3449; baseline 0.003 -21"><span class='ocrx_word' id='word_1_631' title='bbox 2122 3376 2354 3432; x_wconf 90' lang='lat' dir='ltr'><strong>dendum</strong></span> <span class='ocrx_word' id='word_1_632' title='bbox 2396 3391 2528 3445; x_wconf 85' lang='lat' dir='ltr'><strong>ergo</strong></span> <span class='ocrx_word' id='word_1_633' title='bbox 2559 3391 2658 3445; x_wconf 90' lang='lat' dir='ltr'><strong>pro</strong></span> <span class='ocrx_word' id='word_1_634' title='bbox 2687 3377 2892 3432; x_wconf 84' lang='lat' dir='ltr'><strong>viribus</strong></span> <span class='ocrx_word' id='word_1_635' title='bbox 2940 3379 3098 3433; x_wconf 92' lang='lat' dir='ltr'><strong>nobis</strong></span> <span class='ocrx_word' id='word_1_636' title='bbox 3123 3391 3224 3442; x_wconf 88' lang='lat' dir='ltr'><strong>est,</strong></span> <span class='ocrx_word' id='word_1_637' title='bbox 3251 3382 3530 3449; x_wconf 90' lang='lat' dir='ltr'><strong>quomodo</strong></span> <span class='ocrx_word' id='word_1_638' title='bbox 3557 3382 3676 3433; x_wconf 84' lang='lat' dir='ltr'><strong>sicut</strong></span> 
     </span>
    </p>
   </div>
   <div class='ocr_carea' id='block_1_79' title="bbox 2122 3467 3678 3541">
    <p class='ocr_par' dir='ltr' id='par_1_79' title="bbox 2122 3467 3678 3541">
     <span class='ocr_line' id='line_1_79' title="bbox 2122 3467 3678 3541; baseline 0.003 -21"><span class='ocrx_word' id='word_1_639' title='bbox 2122 3468 2323 3522; x_wconf 84' lang='lat' dir='ltr'><strong>factum</strong></span> <span class='ocrx_word' id='word_1_640' title='bbox 2354 3477 2437 3520; x_wconf 89' lang='lat' dir='ltr'><strong>est</strong></span> <span class='ocrx_word' id='word_1_641' title='bbox 2463 3468 2566 3521; x_wconf 85' lang='lat' dir='ltr'><strong>sub</strong></span> <span class='ocrx_word' id='word_1_642' title='bbox 2615 3467 2732 3521; x_wconf 85' lang='lat' dir='ltr'><strong>Elia</strong></span> <span class='ocrx_word' id='word_1_643' title='bbox 2761 3509 2776 3532; x_wconf 92' lang='lat'><strong>,</strong></span> <span class='ocrx_word' id='word_1_644' title='bbox 2829 3469 2915 3522; x_wconf 90' lang='lat' dir='ltr'><strong>ubi</strong></span> <span class='ocrx_word' id='word_1_645' title='bbox 2965 3469 3182 3524; x_wconf 78' lang='lat' dir='ltr'><strong>omnem</strong></span> <span class='ocrx_word' id='word_1_646' title='bbox 3228 3471 3492 3540; x_wconf 84' lang='lat' dir='ltr'><strong>pupulum</strong></span> <span class='ocrx_word' id='word_1_647' title='bbox 3539 3471 3678 3541; x_wconf 78' lang='lat'><strong>630</strong></span> 
     </span>
    </p>
   </div>
   <div class='ocr_carea' id='block_1_80' title="bbox 2122 3561 3676 3632">
    <p class='ocr_par' dir='ltr' id='par_1_80' title="bbox 2122 3561 3676 3632">
     <span class='ocr_line' id='line_1_80' title="bbox 2122 3561 3676 3632; baseline 0.001 -20"><span class='ocrx_word' id='word_1_648' title='bbox 2122 3563 2380 3630; x_wconf 87' lang='lat' dir='ltr'><strong>propheta</strong></span> <span class='ocrx_word' id='word_1_649' title='bbox 2417 3561 2576 3615; x_wconf 90' lang='lat' dir='ltr'><strong>simul</strong></span> <span class='ocrx_word' id='word_1_650' title='bbox 2604 3572 2888 3630; x_wconf 87' lang='lat' dir='ltr'><strong>potaverat</strong></span> <span class='ocrx_word' id='word_1_651' title='bbox 2923 3563 3214 3618; x_wconf 83' lang='lat' dir='ltr'><strong>refutatum</strong></span> <span class='ocrx_word' id='word_1_652' title='bbox 3247 3564 3386 3632; x_wconf 70' lang='grc'>(84),</span> <span class='ocrx_word' id='word_1_653' title='bbox 3422 3565 3676 3620; x_wconf 66' lang='lat' dir='ltr'><strong>inveniun-</strong></span> 
     </span>
    </p>
   </div>
   <div class='ocr_carea' id='block_1_81' title="bbox 2121 3651 3673 3723">
    <p class='ocr_par' dir='ltr' id='par_1_81' title="bbox 2121 3651 3673 3723">
     <span class='ocr_line' id='line_1_81' title="bbox 2121 3651 3673 3723; baseline 0 -18"><span class='ocrx_word' id='word_1_654' title='bbox 2121 3662 2208 3705; x_wconf 88' lang='lat' dir='ltr'><strong>tur</strong></span> <span class='ocrx_word' id='word_1_655' title='bbox 2239 3661 2442 3719; x_wconf 86' lang='lat' dir='ltr'><strong>scptetn</strong></span> <span class='ocrx_word' id='word_1_656' title='bbox 2488 3651 2654 3706; x_wconf 88' lang='lat' dir='ltr'><strong>millia</strong></span> <span class='ocrx_word' id='word_1_657' title='bbox 2684 3652 2806 3716; x_wconf 83' lang='lat' dir='ltr'><strong>viri,</strong></span> <span class='ocrx_word' id='word_1_658' title='bbox 2835 3659 2928 3722; x_wconf 83' lang='lat' dir='ltr'><strong>qui</strong></span> <span class='ocrx_word' id='word_1_659' title='bbox 2976 3657 3388 3723; x_wconf 81' lang='lat' dir='ltr'><strong>permanserint</strong></span> <span class='ocrx_word' id='word_1_660' title='bbox 3425 3657 3478 3709; x_wconf 91' lang='lat' dir='ltr'><strong>in</strong></span> <span class='ocrx_word' id='word_1_661' title='bbox 3527 3666 3673 3708; x_wconf 81' lang='lat' dir='ltr'><strong>testa-</strong></span> 
     </span>
    </p>
   </div>
   <div class='ocr_carea' id='block_1_82' title="bbox 2113 3743 3673 3810">
    <p class='ocr_par' dir='ltr' id='par_1_82' title="bbox 2113 3743 3673 3810">
     <span class='ocr_line' id='line_1_82' title="bbox 2113 3743 3673 3810; baseline -0.001 -12"><span class='ocrx_word' id='word_1_662' title='bbox 2113 3754 2296 3798; x_wconf 89' lang='lat' dir='ltr'><strong>mento</strong></span> <span class='ocrx_word' id='word_1_663' title='bbox 2322 3743 2448 3810; x_wconf 89' lang='lat' dir='ltr'><strong>Dei;</strong></span> <span class='ocrx_word' id='word_1_664' title='bbox 2484 3744 2566 3798; x_wconf 87' lang='lat' dir='ltr'><strong>sic</strong></span> <span class='ocrx_word' id='word_1_665' title='bbox 2598 3743 2798 3797; x_wconf 88' lang='lat' dir='ltr'><strong>factum</strong></span> <span class='ocrx_word' id='word_1_666' title='bbox 2823 3755 2906 3800; x_wconf 90' lang='lat' dir='ltr'><strong>est</strong></span> <span class='ocrx_word' id='word_1_667' title='bbox 2931 3747 3094 3800; x_wconf 88' lang='lat' dir='ltr'><strong>etiam</strong></span> <span class='ocrx_word' id='word_1_668' title='bbox 3129 3747 3441 3801; x_wconf 85' lang='lat' dir='ltr'><strong>inadvemu</strong></span> <span class='ocrx_word' id='word_1_669' title='bbox 3475 3747 3673 3808; x_wconf 81' lang='lat' dir='ltr'><strong>Christi,</strong></span> 
     </span>
    </p>
   </div>
   <div class='ocr_carea' id='block_1_83' title="bbox 2112 3837 3675 3908">
    <p class='ocr_par' dir='ltr' id='par_1_83' title="bbox 2112 3837 3675 3908">
     <span class='ocr_line' id='line_1_83' title="bbox 2112 3837 3675 3908; baseline 0 -18"><span class='ocrx_word' id='word_1_670' title='bbox 2112 3845 2168 3890; x_wconf 91' lang='lat' dir='ltr'><strong>et</strong></span> <span class='ocrx_word' id='word_1_671' title='bbox 2215 3837 2300 3890; x_wconf 91' lang='lat' dir='ltr'><strong>his</strong></span> <span class='ocrx_word' id='word_1_672' title='bbox 2355 3837 2690 3906; x_wconf 84' lang='lat' dir='ltr'><strong>temporibus</strong></span> <span class='ocrx_word' id='word_1_673' title='bbox 2737 3840 2937 3906; x_wconf 86' lang='lat' dir='ltr'><strong>quibus</strong></span> <span class='ocrx_word' id='word_1_674' title='bbox 2975 3840 3310 3908; x_wconf 69' lang='lat' dir='ltr'><strong>praedicabat</strong></span> <span class='ocrx_word' id='word_1_675' title='bbox 3358 3839 3580 3894; x_wconf 83' lang='lat' dir='ltr'><strong>Paulus.</strong></span> <span class='ocrx_word' id='word_1_676' title='bbox 3624 3838 3675 3891; x_wconf 86' lang='lat' dir='ltr'><strong>Et</strong></span> 
     </span>
    </p>
   </div>
   <div class='ocr_carea' id='block_1_84' title="bbox 2121 3929 3677 4000">
    <p class='ocr_par' dir='ltr' id='par_1_84' title="bbox 2121 3929 3677 4000">
     <span class='ocr_line' id='line_1_84' title="bbox 2121 3929 3677 4000; baseline 0.002 -21"><span class='ocrx_word' id='word_1_677' title='bbox 2121 3929 2243 3982; x_wconf 90' lang='lat' dir='ltr'><strong>vide</strong></span> <span class='ocrx_word' id='word_1_678' title='bbox 2266 3929 2309 3985; x_wconf 83' lang='lat' dir='ltr'><strong>si</strong></span> <span class='ocrx_word' id='word_1_679' title='bbox 2344 3929 2482 3982; x_wconf 88' lang='lat' dir='ltr'><strong>forte</strong></span> <span class='ocrx_word' id='word_1_680' title='bbox 2509 3945 2794 3998; x_wconf 86' lang='lat' dir='ltr'><strong>possumus</strong></span> <span class='ocrx_word' id='word_1_681' title='bbox 2815 3929 3078 3985; x_wconf 84' lang='lat' dir='ltr'><strong>Joannem</strong></span> <span class='ocrx_word' id='word_1_682' title='bbox 3107 3931 3433 3999; x_wconf 88' lang='lat' dir='ltr'><strong>Baptistam,</strong></span> <span class='ocrx_word' id='word_1_683' title='bbox 3469 3933 3558 4000; x_wconf 89' lang='lat' dir='ltr'><strong>qui</strong></span> <span class='ocrx_word' id='word_1_684' title='bbox 3581 3931 3677 3984; x_wconf 69' lang='lat' dir='ltr'><strong>SaI&#39;</strong></span> 
     </span>
    </p>
   </div>
   <div class='ocr_carea' id='block_1_85' title="bbox 2118 4019 3672 4091">
    <p class='ocr_par' dir='ltr' id='par_1_85' title="bbox 2118 4019 3672 4091">
     <span class='ocr_line' id='line_1_85' title="bbox 2118 4019 3672 4091; baseline 0.002 -22"><span class='ocrx_word' id='word_1_685' title='bbox 2118 4019 2325 4072; x_wconf 82' lang='lat' dir='ltr'><strong>vatoris</strong></span> <span class='ocrx_word' id='word_1_686' title='bbox 2374 4019 2650 4086; x_wconf 62' lang='lat' dir='ltr'><strong>praecessit</strong></span> <span class='ocrx_word' id='word_1_687' title='bbox 2701 4021 3037 4085; x_wconf 89' lang='lat' dir='ltr'><strong>adventum,</strong></span> <span class='ocrx_word' id='word_1_688' title='bbox 3091 4037 3296 4091; x_wconf 89' lang='lat' dir='ltr'><strong>ponere</strong></span> <span class='ocrx_word' id='word_1_689' title='bbox 3345 4022 3472 4077; x_wconf 91' lang='lat' dir='ltr'><strong>loco</strong></span> <span class='ocrx_word' id='word_1_690' title='bbox 3520 4022 3672 4075; x_wconf 61' lang='lat' dir='ltr'><strong>Elis:</strong></span> 
     </span>
    </p>
   </div>
   <div class='ocr_carea' id='block_1_86' title="bbox 2120 4110 3674 4182">
    <p class='ocr_par' dir='ltr' id='par_1_86' title="bbox 2120 4110 3674 4182">
     <span class='ocr_line' id='line_1_86' title="bbox 2120 4110 3674 4182; baseline 0.003 -19"><span class='ocrx_word' id='word_1_691' title='bbox 2120 4110 2557 4180; x_wconf 86' lang='lat' dir='ltr'><strong>quandoquidem</strong></span> <span class='ocrx_word' id='word_1_692' title='bbox 2587 4121 2642 4165; x_wconf 89' lang='lat' dir='ltr'><strong>et</strong></span> <span class='ocrx_word' id='word_1_693' title='bbox 2663 4111 3016 4182; x_wconf 83' lang='lat' dir='ltr'><strong>Evangelium</strong></span> <span class='ocrx_word' id='word_1_694' title='bbox 3053 4113 3170 4182; x_wconf 71' lang='grc' dir='ltr'>(δεῖ)</span> <span class='ocrx_word' id='word_1_695' title='bbox 3207 4115 3314 4170; x_wconf 87' lang='lat' dir='ltr'><strong>tale</strong></span> <span class='ocrx_word' id='word_1_696' title='bbox 3345 4116 3401 4170; x_wconf 87' lang='lat' dir='ltr'><strong>ei</strong></span> <span class='ocrx_word' id='word_1_697' title='bbox 3451 4117 3674 4170; x_wconf 72' lang='lat' dir='ltr'><strong>teatimo-</strong></span> 
     </span>
    </p>
   </div>
   <div class='ocr_carea' id='block_1_87' title="bbox 2413 4228 3583 4301">
    <p class='ocr_par' dir='ltr' id='par_1_87' title="bbox 2413 4228 3583 4301">
     <span class='ocr_line' id='line_1_87' title="bbox 2413 4228 3583 4301; baseline 0.003 -17"><span class='ocrx_word' id='word_1_698' title='bbox 2413 4228 2458 4260; x_wconf 77' lang='grc'><strong>⁷⁸</strong></span> <span class='ocrx_word' id='word_1_699' title='bbox 2484 4229 2642 4286; x_wconf 87' lang='lat' dir='ltr'><strong>Rom.</strong></span> <span class='ocrx_word' id='word_1_700' title='bbox 2679 4246 2737 4296; x_wconf 77' lang='grc' dir='ltr'><strong>Χ,</strong></span> <span class='ocrx_word' id='word_1_701' title='bbox 2767 4231 2869 4299; x_wconf 84' lang='grc'><strong>19,</strong></span> <span class='ocrx_word' id='word_1_702' title='bbox 2889 4232 2978 4287; x_wconf 77' lang='grc'><strong>20.</strong></span> <span class='ocrx_word' id='word_1_703' title='bbox 3067 4232 3114 4266; x_wconf 86' lang='grc'><strong>⁸⁰</strong></span> <span class='ocrx_word' id='word_1_704' title='bbox 3151 4237 3306 4290; x_wconf 85' lang='lat' dir='ltr'><strong>Rom.</strong></span> <span class='ocrx_word' id='word_1_705' title='bbox 3339 4252 3475 4301; x_wconf 84' lang='lat' dir='ltr'><strong>vm,</strong></span> <span class='ocrx_word' id='word_1_706' title='bbox 3499 4236 3583 4288; x_wconf 81' lang='lat'><strong>50.</strong></span> 
     </span>
    </p>
   </div>
   <div class='ocr_carea' id='block_1_88' title="bbox 2114 4367 3672 4494">
    <p class='ocr_par' dir='ltr' id='par_1_88' title="bbox 2114 4367 3672 4494">
     <span class='ocr_line' id='line_1_88' title="bbox 2114 4367 3672 4494; baseline -0.013 -47"><span class='ocrx_word' id='word_1_707' title='bbox 2114 4367 2300 4494; x_wconf 51' lang='lat'><strong>“379)</strong></span> <span class='ocrx_word' id='word_1_708' title='bbox 2331 4369 2475 4493; x_wconf 45' lang='lat' dir='ltr'><strong>Erebi</strong></span> <span class='ocrx_word' id='word_1_709' title='bbox 2499 4411 2517 4439; x_wconf 91' lang='lat'><strong>,</strong></span> <span class='ocrx_word' id='word_1_710' title='bbox 2565 4389 2585 4424; x_wconf 74' lang='grc' dir='ltr'><strong>α</strong></span> <span class='ocrx_word' id='word_1_711' title='bbox 2621 4386 2692 4428; x_wconf 89' lang='lat' dir='ltr'><strong>ne</strong></span> <span class='ocrx_word' id='word_1_712' title='bbox 2718 4386 2910 4442; x_wconf 89' lang='lat' dir='ltr'><strong>parum</strong></span> <span class='ocrx_word' id='word_1_713' title='bbox 2945 4373 3222 4430; x_wconf 86' lang='lat' dir='ltr'><strong>videretur</strong></span> <span class='ocrx_word' id='word_1_714' title='bbox 3258 4379 3408 4446; x_wconf 86' lang='lat' dir='ltr'><strong>quod</strong></span> <span class='ocrx_word' id='word_1_715' title='bbox 3442 4377 3672 4446; x_wconf 75' lang='lat' dir='ltr'><strong>exemplo</strong></span> 
     </span>
     <span class='ocr_line' id='line_1_89' title="bbox 2224 4459 2444 4494; baseline -0.036 0"><span class='ocrx_word' id='word_1_716' title='bbox 2224 4479 2239 4494; x_wconf 93' lang='lat'><strong>.</strong></span> <span class='ocrx_word' id='word_1_717' title='bbox 2281 4459 2300 4492; x_wconf 73' lang='grc' dir='ltr'><strong><em>ι</em></strong></span> <span class='ocrx_word' id='word_1_718' title='bbox 2428 4479 2444 4494; x_wconf 90' lang='grc'><em>,</em></span> 
     </span>
    </p>
   </div>
   <div class='ocr_carea' id='block_1_89' title="bbox 2224 4459 2444 4498">
    <p class='ocr_par' dir='ltr' id='par_1_89' title="bbox 2224 4459 2444 4498">
     <span class='ocr_line' id='line_1_90' title="bbox 2224 4459 2444 4498; baseline 0.014 -7"><span class='ocrx_word' id='word_1_719' title='bbox 2224 4479 2239 4498; x_wconf 73' lang='grc' dir='ltr'><strong><em>ο</em></strong></span> <span class='ocrx_word' id='word_1_720' title='bbox 2281 4459 2300 4492; x_wconf 72' lang='grc' dir='ltr'><strong><em>ι</em></strong></span> <span class='ocrx_word' id='word_1_721' title='bbox 2334 4459 2444 4494; x_wconf 71' lang='lat' dir='ltr'><strong>CIC.</strong></span> 
     </span>
    </p>
   </div>
   <div class='ocr_carea' id='block_1_90' title="bbox 2185 4507 3668 4581">
    <p class='ocr_par' dir='ltr' id='par_1_90' title="bbox 2185 4507 3668 4581">
     <span class='ocr_line' id='line_1_91' title="bbox 2185 4507 3668 4581; baseline 0.004 -19"><span class='ocrx_word' id='word_1_722' title='bbox 2185 4508 2297 4579; x_wconf 87' lang='lat'><strong>(80)</strong></span> <span class='ocrx_word' id='word_1_723' title='bbox 2327 4507 2430 4564; x_wconf 85' lang='lat' dir='ltr'><strong>Sed</strong></span> <span class='ocrx_word' id='word_1_724' title='bbox 2453 4510 2578 4580; x_wconf 81' lang='lat' dir='ltr'><strong>quid</strong></span> <span class='ocrx_word' id='word_1_725' title='bbox 2614 4511 2742 4564; x_wconf 81' lang='lat' dir='ltr'><strong>dicit</strong></span> <span class='ocrx_word' id='word_1_726' title='bbox 2770 4529 3077 4581; x_wconf 80' lang='lat' dir='ltr'><strong>responsum</strong></span> <span class='ocrx_word' id='word_1_727' title='bbox 3125 4516 3359 4570; x_wconf 83' lang='lat' dir='ltr'><strong>divinum</strong></span> <span class='ocrx_word' id='word_1_728' title='bbox 3389 4519 3416 4572; x_wconf 80' lang='lat'><strong><em>?</em></strong></span> <span class='ocrx_word' id='word_1_729' title='bbox 3461 4517 3580 4572; x_wconf 56' lang='lat' dir='ltr'><strong>Haec</strong></span> <span class='ocrx_word' id='word_1_730' title='bbox 3626 4518 3668 4568; x_wconf 88' lang='lat' dir='ltr'><strong>in</strong></span> 
     </span>
    </p>
   </div>
   <div class='ocr_carea' id='block_1_91' title="bbox 435 4577 3666 4657">
    <p class='ocr_par' dir='ltr' id='par_1_91' title="bbox 435 4577 3666 4657">
     <span class='ocr_line' id='line_1_92' title="bbox 435 4577 3666 4657; baseline 0.004 -27"><span class='ocrx_word' id='word_1_731' title='bbox 435 4577 544 4643; x_wconf 77' lang='lat' dir='ltr'><strong>ad,</strong></span> <span class='ocrx_word' id='word_1_732' title='bbox 594 4595 614 4627; x_wconf 70' lang='grc' dir='ltr'>ι</span> <span class='ocrx_word' id='word_1_733' title='bbox 653 4577 897 4657; x_wconf 73' lang='lat' dir='ltr'><strong>alioquin</strong></span> <span class='ocrx_word' id='word_1_734' title='bbox 939 4577 1113 4657; x_wconf 77' lang='lat' dir='ltr'><strong>gratia</strong></span> <span class='ocrx_word' id='word_1_735' title='bbox 1155 4579 1266 4657; x_wconf 81' lang='lat' dir='ltr'><strong>jam</strong></span> <span class='ocrx_word' id='word_1_736' title='bbox 1296 4596 1400 4632; x_wconf 91' lang='lat' dir='ltr'><strong>non</strong></span> <span class='ocrx_word' id='word_1_737' title='bbox 1447 4581 1504 4633; x_wconf 86' lang='lat' dir='ltr'><strong>Iit</strong></span> <span class='ocrx_word' id='word_1_738' title='bbox 1538 4582 1752 4657; x_wconf 74' lang='lat' dir='ltr'><strong>gratia,</strong></span> <span class='ocrx_word' id='word_1_739' title='bbox 1791 4601 1809 4633; x_wconf 76' lang='grc' dir='ltr'><strong>ι</strong></span> <span class='ocrx_word' id='word_1_740' title='bbox 1845 4577 2006 4634; x_wconf 76' lang='lat' dir='ltr'><strong>oniit-</strong></span> <span class='ocrx_word' id='word_1_741' title='bbox 2040 4593 2083 4648; x_wconf 81' lang='grc' dir='ltr'>ι)</span> <span class='ocrx_word' id='word_1_742' title='bbox 2116 4577 2613 4657; x_wconf 28' lang='grc' dir='ltr'><strong>ωεξηζιᾳδιιοίέαιιοη</strong></span> <span class='ocrx_word' id='word_1_743' title='bbox 2639 4577 2972 4657; x_wconf 67' lang='lat' dir='ltr'><strong>comparent.</strong></span> <span class='ocrx_word' id='word_1_744' title='bbox 3012 4584 3212 4640; x_wconf 85' lang='lat' dir='ltr'><strong>Deinde</strong></span> <span class='ocrx_word' id='word_1_745' title='bbox 3253 4603 3388 4641; x_wconf 88' lang='lat' dir='ltr'><strong>mss.</strong></span> <span class='ocrx_word' id='word_1_746' title='bbox 3422 4590 3666 4657; x_wconf 72' lang='lat' dir='ltr'><strong>plerique.</strong></span> 
     </span>
    </p>
   </div>
   <div class='ocr_carea' id='block_1_92' title="bbox 436 4648 2002 4710">
    <p class='ocr_par' dir='ltr' id='par_1_92' title="bbox 436 4648 2002 4710">
     <span class='ocr_line' id='line_1_93' title="bbox 436 4648 2002 4710; baseline 0.004 -11"><span class='ocrx_word' id='word_1_747' title='bbox 436 4657 624 4702; x_wconf 91' lang='lat' dir='ltr'><strong>tuntur</strong></span> <span class='ocrx_word' id='word_1_748' title='bbox 662 4649 713 4701; x_wconf 91' lang='lat' dir='ltr'><strong>in</strong></span> <span class='ocrx_word' id='word_1_749' title='bbox 740 4648 902 4702; x_wconf 90' lang='lat' dir='ltr'><strong>editis</strong></span> <span class='ocrx_word' id='word_1_750' title='bbox 935 4664 950 4710; x_wconf 84' lang='lat'><strong>;</strong></span> <span class='ocrx_word' id='word_1_751' title='bbox 986 4648 1081 4702; x_wconf 84' lang='lat' dir='ltr'><strong>sed</strong></span> <span class='ocrx_word' id='word_1_752' title='bbox 1118 4650 1475 4704; x_wconf 89' lang='lat' dir='ltr'><strong>restituuntur</strong></span> <span class='ocrx_word' id='word_1_753' title='bbox 1499 4648 1566 4704; x_wconf 61' lang='lat' dir='ltr'><strong>ei</strong></span> <span class='ocrx_word' id='word_1_754' title='bbox 1587 4653 1838 4706; x_wconf 92' lang='lat' dir='ltr'><strong>omnibus</strong></span> <span class='ocrx_word' id='word_1_755' title='bbox 1867 4667 2002 4705; x_wconf 89' lang='lat' dir='ltr'><strong>mss.</strong></span> 
     </span>
    </p>
   </div>
   <div class='ocr_carea' id='block_1_93' title="bbox 508 4716 2004 4790">
    <p class='ocr_par' dir='ltr' id='par_1_93' title="bbox 508 4716 2004 4790">
     <span class='ocr_line' id='line_1_94' title="bbox 508 4716 2004 4790; baseline 0.003 -20"><span class='ocrx_word' id='word_1_756' title='bbox 508 4717 623 4787; x_wconf 73' lang='grc'>(74)</span> <span class='ocrx_word' id='word_1_757' title='bbox 660 4716 880 4790; x_wconf 77' lang='lat' dir='ltr'><strong>Factus.</strong></span> <span class='ocrx_word' id='word_1_758' title='bbox 921 4717 1080 4790; x_wconf 66' lang='lat' dir='ltr'><strong>Deest</strong></span> <span class='ocrx_word' id='word_1_759' title='bbox 1109 4720 1162 4772; x_wconf 93' lang='lat' dir='ltr'><strong>in</strong></span> <span class='ocrx_word' id='word_1_760' title='bbox 1189 4721 1374 4784; x_wconf 91' lang='lat' dir='ltr'><strong>editis,</strong></span> <span class='ocrx_word' id='word_1_761' title='bbox 1409 4731 1463 4772; x_wconf 90' lang='lat' dir='ltr'><strong>et</strong></span> <span class='ocrx_word' id='word_1_762' title='bbox 1495 4722 1547 4774; x_wconf 92' lang='lat' dir='ltr'><strong>in</strong></span> <span class='ocrx_word' id='word_1_763' title='bbox 1572 4721 1822 4790; x_wconf 90' lang='lat' dir='ltr'><strong>pluribus</strong></span> <span class='ocrx_word' id='word_1_764' title='bbox 1849 4737 2004 4784; x_wconf 90' lang='lat' dir='ltr'><strong>mss.,</strong></span> 
     </span>
    </p>
   </div>
   <div class='ocr_carea' id='block_1_94' title="bbox 434 4788 2006 4860">
    <p class='ocr_par' dir='ltr' id='par_1_94' title="bbox 434 4788 2006 4860">
     <span class='ocr_line' id='line_1_95' title="bbox 434 4788 2006 4860; baseline -0.001 -14"><span class='ocrx_word' id='word_1_765' title='bbox 434 4791 531 4853; x_wconf 78' lang='lat' dir='ltr'><strong>sed</strong></span> <span class='ocrx_word' id='word_1_766' title='bbox 558 4789 817 4853; x_wconf 77' lang='lat' dir='ltr'><strong>exstatin</strong></span> <span class='ocrx_word' id='word_1_767' title='bbox 865 4804 968 4845; x_wconf 90' lang='lat' dir='ltr'><strong>ms.</strong></span> <span class='ocrx_word' id='word_1_768' title='bbox 1008 4788 1184 4860; x_wconf 81' lang='lat' dir='ltr'><strong>Regio</strong></span> <span class='ocrx_word' id='word_1_769' title='bbox 1214 4807 1362 4844; x_wconf 89' lang='lat' dir='ltr'><strong>num.</strong></span> <span class='ocrx_word' id='word_1_770' title='bbox 1399 4791 1536 4846; x_wconf 79' lang='grc'>1659</span> <span class='ocrx_word' id='word_1_771' title='bbox 1565 4788 1620 4846; x_wconf 86' lang='lat' dir='ltr'><strong>et</strong></span> <span class='ocrx_word' id='word_1_772' title='bbox 1642 4793 1782 4860; x_wconf 90' lang='lat' dir='ltr'><strong>apud</strong></span> <span class='ocrx_word' id='word_1_773' title='bbox 1825 4793 2006 4846; x_wconf 88' lang='lat' dir='ltr'><strong>Raba-</strong></span> 
     </span>
    </p>
   </div>
   <div class='ocr_carea' id='block_1_95' title="bbox 436 4884 588 4923">
    <p class='ocr_par' dir='ltr' id='par_1_95' title="bbox 436 4884 588 4923">
     <span class='ocr_line' id='line_1_96' title="bbox 436 4884 588 4923; baseline -0.013 0"><span class='ocrx_word' id='word_1_774' title='bbox 436 4884 588 4923; x_wconf 79' lang='grc' dir='ltr'><strong>ιιυηη.</strong></span> 
     </span>
    </p>
   </div>
   <div class='ocr_carea' id='block_1_96' title="bbox 506 4929 1790 5008">
    <p class='ocr_par' dir='ltr' id='par_1_96' title="bbox 506 4929 1790 5008">
     <span class='ocr_line' id='line_1_97' title="bbox 506 4929 1790 5008; baseline -0.005 -17"><span class='ocrx_word' id='word_1_775' title='bbox 506 4939 619 5008; x_wconf 80' lang='grc'>(75)</span> <span class='ocrx_word' id='word_1_776' title='bbox 657 4929 824 5008; x_wconf 69' lang='lat' dir='ltr'><strong>Editi,</strong></span> <span class='ocrx_word' id='word_1_777' title='bbox 851 4949 870 4980; x_wconf 73' lang='grc' dir='ltr'><strong><em>ο</em></strong></span> <span class='ocrx_word' id='word_1_778' title='bbox 910 4932 978 4985; x_wconf 90' lang='lat' dir='ltr'><strong>ab</strong></span> <span class='ocrx_word' id='word_1_779' title='bbox 997 4948 1062 4988; x_wconf 92' lang='lat' dir='ltr'><strong>eo</strong></span> <span class='ocrx_word' id='word_1_780' title='bbox 1077 4932 1166 4999; x_wconf 89' lang='lat' dir='ltr'><strong>qui</strong></span> <span class='ocrx_word' id='word_1_781' title='bbox 1195 4945 1301 4983; x_wconf 92' lang='lat' dir='ltr'><strong>non</strong></span> <span class='ocrx_word' id='word_1_782' title='bbox 1333 4931 1728 5008; x_wconf 75' lang='lat' dir='ltr'><strong>interrogabat.</strong></span> <span class='ocrx_word' id='word_1_783' title='bbox 1771 4951 1790 4984; x_wconf 86' lang='grc'><strong>›</strong></span> 
     </span>
    </p>
   </div>
   <div class='ocr_carea' id='block_1_97' title="bbox 511 5001 1999 5082">
    <p class='ocr_par' dir='ltr' id='par_1_97' title="bbox 511 5001 1999 5082">
     <span class='ocr_line' id='line_1_98' title="bbox 511 5001 1999 5082; baseline -0.001 -26"><span class='ocrx_word' id='word_1_784' title='bbox 511 5001 626 5082; x_wconf 82' lang='grc'>(76)</span> <span class='ocrx_word' id='word_1_785' title='bbox 668 5002 807 5082; x_wconf 66' lang='lat' dir='ltr'><strong>Iidm&#39;</strong></span> <span class='ocrx_word' id='word_1_786' title='bbox 834 5041 848 5065; x_wconf 94' lang='lat'><strong>,</strong></span> <span class='ocrx_word' id='word_1_787' title='bbox 880 5019 901 5052; x_wconf 71' lang='grc' dir='ltr'>ι</span> <span class='ocrx_word' id='word_1_788' title='bbox 935 5012 1202 5082; x_wconf 65' lang='lat' dir='ltr'><strong>quantum</strong></span> <span class='ocrx_word' id='word_1_789' title='bbox 1233 5004 1468 5069; x_wconf 86' lang='lat' dir='ltr'><strong>supersit</strong></span> <span class='ocrx_word' id='word_1_790' title='bbox 1495 5001 1686 5054; x_wconf 87' lang='lat' dir='ltr'><strong>salutis</strong></span> <span class='ocrx_word' id='word_1_791' title='bbox 1727 5001 1944 5082; x_wconf 66' lang='lat' dir='ltr'><strong>populo,</strong></span> <span class='ocrx_word' id='word_1_792' title='bbox 1979 5021 1999 5054; x_wconf 73' lang='grc' dir='ltr'><strong><em>ι</em></strong></span> 
     </span>
    </p>
   </div>
   <div class='ocr_carea' id='block_1_98' title="bbox 436 5072 2008 5140">
    <p class='ocr_par' dir='ltr' id='par_1_98' title="bbox 436 5072 2008 5140">
     <span class='ocr_line' id='line_1_99' title="bbox 436 5072 2008 5140; baseline -0.004 -10"><span class='ocrx_word' id='word_1_793' title='bbox 436 5072 545 5134; x_wconf 80' lang='lat' dir='ltr'><strong>etc.</strong></span> <span class='ocrx_word' id='word_1_794' title='bbox 578 5072 757 5134; x_wconf 77' lang='lat' dir='ltr'><strong>Codex</strong></span> <span class='ocrx_word' id='word_1_795' title='bbox 780 5089 917 5131; x_wconf 86' lang='lat' dir='ltr'><strong>vero</strong></span> <span class='ocrx_word' id='word_1_796' title='bbox 935 5072 1322 5132; x_wconf 70' lang='lat' dir='ltr'><strong>Vallis-Clarae,</strong></span> <span class='ocrx_word' id='word_1_797' title='bbox 1348 5089 1366 5121; x_wconf 68' lang='grc' dir='ltr'>ι</span> <span class='ocrx_word' id='word_1_798' title='bbox 1402 5088 1561 5140; x_wconf 87' lang='lat' dir='ltr'><strong>quam</strong></span> <span class='ocrx_word' id='word_1_799' title='bbox 1605 5073 1839 5140; x_wconf 85' lang='lat' dir='ltr'><strong>supersit</strong></span> <span class='ocrx_word' id='word_1_800' title='bbox 1862 5073 2008 5124; x_wconf 82' lang='lat' dir='ltr'><strong>salu-</strong></span> 
     </span>
    </p>
   </div>
   <div class='ocr_carea' id='block_1_99' title="bbox 437 5142 2006 5216">
    <p class='ocr_par' dir='ltr' id='par_1_99' title="bbox 437 5142 2006 5216">
     <span class='ocr_line' id='line_1_100' title="bbox 437 5142 2006 5216; baseline -0.001 -17"><span class='ocrx_word' id='word_1_801' title='bbox 437 5149 512 5201; x_wconf 88' lang='lat' dir='ltr'><strong>tis</strong></span> <span class='ocrx_word' id='word_1_802' title='bbox 537 5164 649 5202; x_wconf 82' lang='lat' dir='ltr'><strong>suae</strong></span> <span class='ocrx_word' id='word_1_803' title='bbox 673 5151 891 5216; x_wconf 88' lang='lat' dir='ltr'><strong>populo,</strong></span> <span class='ocrx_word' id='word_1_804' title='bbox 916 5160 1049 5204; x_wconf 74' lang='lat' dir='ltr'><strong>«etc.</strong></span> <span class='ocrx_word' id='word_1_805' title='bbox 1074 5142 1330 5216; x_wconf 66' lang='lat' dir='ltr'><strong>Rabanus</strong></span> <span class='ocrx_word' id='word_1_806' title='bbox 1360 5155 1378 5198; x_wconf 75' lang='grc' dir='ltr'>ς</span> <span class='ocrx_word' id='word_1_807' title='bbox 1417 5161 1434 5194; x_wconf 71' lang='grc' dir='ltr'>ι</span> <span class='ocrx_word' id='word_1_808' title='bbox 1468 5157 1586 5212; x_wconf 61' lang='lat' dir='ltr'><strong>quae</strong></span> <span class='ocrx_word' id='word_1_809' title='bbox 1631 5143 1869 5216; x_wconf 81' lang='lat' dir='ltr'><strong>supersit</strong></span> <span class='ocrx_word' id='word_1_810' title='bbox 1913 5158 2006 5197; x_wconf 86' lang='lat' dir='ltr'><strong>sa-</strong></span> 
     </span>
    </p>
   </div>
   <div class='ocr_carea' id='block_1_100' title="bbox 438 5214 2006 5285">
    <p class='ocr_par' dir='ltr' id='par_1_100' title="bbox 438 5214 2006 5285">
     <span class='ocr_line' id='line_1_101' title="bbox 438 5214 2006 5285; baseline -0.003 -14"><span class='ocrx_word' id='word_1_811' title='bbox 438 5219 538 5271; x_wconf 90' lang='lat' dir='ltr'><strong>luti</strong></span> <span class='ocrx_word' id='word_1_812' title='bbox 563 5214 979 5285; x_wconf 37' lang='lat' dir='ltr'><strong>sute‘a‘populo,</strong></span> <span class='ocrx_word' id='word_1_813' title='bbox 1012 5238 1030 5270; x_wconf 75' lang='grc' dir='ltr'><strong><em>ι</em></strong></span> <span class='ocrx_word' id='word_1_814' title='bbox 1056 5229 1161 5272; x_wconf 91' lang='lat' dir='ltr'><strong>etc.</strong></span> <span class='ocrx_word' id='word_1_815' title='bbox 1193 5214 1298 5270; x_wconf 91' lang='lat' dir='ltr'><strong>Sed</strong></span> <span class='ocrx_word' id='word_1_816' title='bbox 1327 5229 1474 5269; x_wconf 88' lang='lat' dir='ltr'><strong>recte</strong></span> <span class='ocrx_word' id='word_1_817' title='bbox 1503 5232 1604 5268; x_wconf 90' lang='lat' dir='ltr'><strong>ms.</strong></span> <span class='ocrx_word' id='word_1_818' title='bbox 1633 5231 1773 5267; x_wconf 83' lang='lat' dir='ltr'><strong>unus</strong></span> <span class='ocrx_word' id='word_1_819' title='bbox 1807 5215 2006 5282; x_wconf 79' lang='lat' dir='ltr'><strong>Regius</strong></span> 
     </span>
    </p>
   </div>
   <div class='ocr_carea' id='block_1_101' title="bbox 438 5285 2001 5356">
    <p class='ocr_par' dir='ltr' id='par_1_101' title="bbox 438 5285 2001 5356">
     <span class='ocr_line' id='line_1_102' title="bbox 438 5285 2001 5356; baseline -0.004 -15"><span class='ocrx_word' id='word_1_820' title='bbox 438 5303 588 5341; x_wconf 91' lang='lat' dir='ltr'><strong>num.</strong></span> <span class='ocrx_word' id='word_1_821' title='bbox 625 5287 762 5340; x_wconf 78' lang='grc'>1659</span> <span class='ocrx_word' id='word_1_822' title='bbox 790 5331 804 5351; x_wconf 82' lang='lat'><strong>,</strong></span> <span class='ocrx_word' id='word_1_823' title='bbox 846 5307 864 5338; x_wconf 75' lang='grc' dir='ltr'>ι</span> <span class='ocrx_word' id='word_1_824' title='bbox 908 5289 1030 5356; x_wconf 88' lang='lat' dir='ltr'><strong>quia</strong></span> <span class='ocrx_word' id='word_1_825' title='bbox 1081 5287 1323 5356; x_wconf 82' lang='lat' dir='ltr'><strong>supersit</strong></span> <span class='ocrx_word' id='word_1_826' title='bbox 1363 5286 1557 5338; x_wconf 85' lang='lat' dir='ltr'><strong>salutis</strong></span> <span class='ocrx_word' id='word_1_827' title='bbox 1582 5286 1666 5337; x_wconf 76' lang='lat' dir='ltr'><strong>via</strong></span> <span class='ocrx_word' id='word_1_828' title='bbox 1703 5285 1899 5352; x_wconf 89' lang='lat' dir='ltr'><strong>popqu</strong></span> <span class='ocrx_word' id='word_1_829' title='bbox 1926 5325 1942 5350; x_wconf 93' lang='lat'><strong>,</strong></span> <span class='ocrx_word' id='word_1_830' title='bbox 1982 5303 2001 5335; x_wconf 72' lang='grc' dir='ltr'>ι</span> 
     </span>
    </p>
   </div>
   <div class='ocr_carea' id='block_1_102' title="bbox 436 5356 2000 5425">
    <p class='ocr_par' dir='ltr' id='par_1_102' title="bbox 436 5356 2000 5425">
     <span class='ocr_line' id='line_1_103' title="bbox 436 5356 2000 5425; baseline -0.003 -15"><span class='ocrx_word' id='word_1_831' title='bbox 436 5372 544 5411; x_wconf 88' lang='lat' dir='ltr'><strong>etc.</strong></span> <span class='ocrx_word' id='word_1_832' title='bbox 577 5358 771 5412; x_wconf 76' lang='lat' dir='ltr'><strong>Cteteri</strong></span> <span class='ocrx_word' id='word_1_833' title='bbox 801 5374 929 5411; x_wconf 84' lang='lat' dir='ltr'><strong>mss.</strong></span> <span class='ocrx_word' id='word_1_834' title='bbox 956 5359 1154 5411; x_wconf 90' lang='lat' dir='ltr'><strong>habent</strong></span> <span class='ocrx_word' id='word_1_835' title='bbox 1186 5357 1367 5409; x_wconf 85' lang='lat' dir='ltr'><strong>itidem</strong></span> <span class='ocrx_word' id='word_1_836' title='bbox 1400 5373 1418 5405; x_wconf 73' lang='grc' dir='ltr'><strong><em>ι</em></strong></span> <span class='ocrx_word' id='word_1_837' title='bbox 1449 5356 1598 5425; x_wconf 89' lang='lat' dir='ltr'><strong>quia,</strong></span> <span class='ocrx_word' id='word_1_838' title='bbox 1628 5373 1646 5404; x_wconf 75' lang='grc' dir='ltr'><strong><em>ι</em></strong></span> <span class='ocrx_word' id='word_1_839' title='bbox 1675 5359 1765 5408; x_wconf 83' lang='lat' dir='ltr'><strong>sed</strong></span> <span class='ocrx_word' id='word_1_840' title='bbox 1794 5373 1811 5404; x_wconf 71' lang='grc' dir='ltr'>ι</span> <span class='ocrx_word' id='word_1_841' title='bbox 1843 5371 1952 5408; x_wconf 78' lang='lat' dir='ltr'><strong>sua:</strong></span> <span class='ocrx_word' id='word_1_842' title='bbox 1978 5371 2000 5406; x_wconf 80' lang='grc'><strong><em>›</em></strong></span> 
     </span>
    </p>
   </div>
   <div class='ocr_carea' id='block_1_103' title="bbox 437 5425 2008 5495">
    <p class='ocr_par' dir='ltr' id='par_1_103' title="bbox 437 5425 2008 5495">
     <span class='ocr_line' id='line_1_104' title="bbox 437 5425 2008 5495; baseline -0.003 -17"><span class='ocrx_word' id='word_1_843' title='bbox 437 5444 536 5494; x_wconf 82' lang='lat' dir='ltr'><strong>pro</strong></span> <span class='ocrx_word' id='word_1_844' title='bbox 580 5446 600 5478; x_wconf 73' lang='grc' dir='ltr'><strong><em>ι</em></strong></span> <span class='ocrx_word' id='word_1_845' title='bbox 634 5428 741 5480; x_wconf 83' lang='lat' dir='ltr'><strong>via.</strong></span> <span class='ocrx_word' id='word_1_846' title='bbox 789 5448 807 5477; x_wconf 71' lang='grc' dir='ltr'><strong><em>ι</em></strong></span> <span class='ocrx_word' id='word_1_847' title='bbox 849 5426 1053 5482; x_wconf 84' lang='lat' dir='ltr'><strong>Deinde</strong></span> <span class='ocrx_word' id='word_1_848' title='bbox 1077 5444 1210 5481; x_wconf 87' lang='lat' dir='ltr'><strong>tnss.</strong></span> <span class='ocrx_word' id='word_1_849' title='bbox 1253 5426 1497 5495; x_wconf 87' lang='lat' dir='ltr'><strong>plerique</strong></span> <span class='ocrx_word' id='word_1_850' title='bbox 1537 5439 1593 5479; x_wconf 87' lang='lat' dir='ltr'><strong>et</strong></span> <span class='ocrx_word' id='word_1_851' title='bbox 1627 5427 1756 5478; x_wconf 86' lang='lat' dir='ltr'><strong>editi</strong></span> <span class='ocrx_word' id='word_1_852' title='bbox 1785 5425 2008 5487; x_wconf 85' lang='lat' dir='ltr'><strong>habent,</strong></span> 
     </span>
    </p>
   </div>
   <div class='ocr_carea' id='block_1_104' title="bbox 445 5497 2008 5562">
    <p class='ocr_par' dir='ltr' id='par_1_104' title="bbox 445 5497 2008 5562">
     <span class='ocr_line' id='line_1_105' title="bbox 445 5497 2008 5562; baseline -0.004 -8"><span class='ocrx_word' id='word_1_853' title='bbox 445 5517 462 5547; x_wconf 72' lang='grc' dir='ltr'><strong>ε</strong></span> <span class='ocrx_word' id='word_1_854' title='bbox 525 5508 579 5553; x_wconf 91' lang='lat' dir='ltr'><strong>et</strong></span> <span class='ocrx_word' id='word_1_855' title='bbox 631 5511 734 5549; x_wconf 90' lang='lat' dir='ltr'><strong>non</strong></span> <span class='ocrx_word' id='word_1_856' title='bbox 778 5497 1021 5561; x_wconf 85' lang='lat' dir='ltr'><strong>idcirco,</strong></span> <span class='ocrx_word' id='word_1_857' title='bbox 1062 5517 1080 5548; x_wconf 76' lang='grc' dir='ltr'><strong><em>ι</em></strong></span> <span class='ocrx_word' id='word_1_858' title='bbox 1113 5507 1222 5549; x_wconf 89' lang='lat' dir='ltr'><strong>etc.</strong></span> <span class='ocrx_word' id='word_1_859' title='bbox 1251 5537 1266 5560; x_wconf 93' lang='lat'><strong>,</strong></span> <span class='ocrx_word' id='word_1_860' title='bbox 1298 5498 1498 5551; x_wconf 86' lang='lat' dir='ltr'><strong>omisso</strong></span> <span class='ocrx_word' id='word_1_861' title='bbox 1535 5516 1552 5544; x_wconf 74' lang='grc' dir='ltr'><strong><em>ι</em></strong></span> <span class='ocrx_word' id='word_1_862' title='bbox 1605 5497 1730 5562; x_wconf 89' lang='lat' dir='ltr'><strong>quia</strong></span> <span class='ocrx_word' id='word_1_863' title='bbox 1757 5536 1770 5560; x_wconf 94' lang='lat'><strong>,</strong></span> <span class='ocrx_word' id='word_1_864' title='bbox 1826 5515 1844 5546; x_wconf 74' lang='grc' dir='ltr'><strong><em>ι</em></strong></span> <span class='ocrx_word' id='word_1_865' title='bbox 1889 5511 2008 5561; x_wconf 76' lang='lat' dir='ltr'><strong>quae</strong></span> 
     </span>
    </p>
   </div>
   <div class='ocr_carea' id='block_1_105' title="bbox 441 5564 2006 5635">
    <p class='ocr_par' dir='ltr' id='par_1_105' title="bbox 441 5564 2006 5635">
     <span class='ocr_line' id='line_1_106' title="bbox 441 5564 2006 5635; baseline 0.001 -19"><span class='ocrx_word' id='word_1_866' title='bbox 441 5583 543 5621; x_wconf 80' lang='lat' dir='ltr'><strong>vox</strong></span> <span class='ocrx_word' id='word_1_867' title='bbox 584 5567 890 5620; x_wconf 87' lang='lat' dir='ltr'><strong>restituitur</strong></span> <span class='ocrx_word' id='word_1_868' title='bbox 930 5581 996 5620; x_wconf 72' lang='lat' dir='ltr'><strong>ex</strong></span> <span class='ocrx_word' id='word_1_869' title='bbox 1045 5581 1147 5620; x_wconf 90' lang='lat' dir='ltr'><strong>ms.</strong></span> <span class='ocrx_word' id='word_1_870' title='bbox 1195 5566 1365 5635; x_wconf 82' lang='lat' dir='ltr'><strong>Regio</strong></span> <span class='ocrx_word' id='word_1_871' title='bbox 1411 5583 1559 5622; x_wconf 84' lang='lat' dir='ltr'><strong>num.</strong></span> <span class='ocrx_word' id='word_1_872' title='bbox 1605 5565 1741 5619; x_wconf 76' lang='grc'>1659</span> <span class='ocrx_word' id='word_1_873' title='bbox 1789 5574 1844 5621; x_wconf 87' lang='lat' dir='ltr'><strong>et</strong></span> <span class='ocrx_word' id='word_1_874' title='bbox 1893 5564 2006 5618; x_wconf 85' lang='lat' dir='ltr'><strong>Ra-</strong></span> 
     </span>
    </p>
   </div>
   <div class='ocr_carea' id='block_1_106' title="bbox 442 5640 600 5690">
    <p class='ocr_par' dir='ltr' id='par_1_106' title="bbox 442 5640 600 5690">
     <span class='ocr_line' id='line_1_107' title="bbox 442 5640 600 5690; baseline 0 0"><span class='ocrx_word' id='word_1_875' title='bbox 442 5640 600 5690; x_wconf 79' lang='lat' dir='ltr'><strong>Imtlo.</strong></span> 
     </span>
    </p>
   </div>
   <div class='ocr_carea' id='block_1_107' title="bbox 513 5705 1557 5776">
    <p class='ocr_par' dir='ltr' id='par_1_107' title="bbox 513 5705 1557 5776">
     <span class='ocr_line' id='line_1_108' title="bbox 513 5705 1557 5776; baseline 0.001 -18"><span class='ocrx_word' id='word_1_876' title='bbox 513 5707 626 5773; x_wconf 86' lang='grc'>(77)</span> <span class='ocrx_word' id='word_1_877' title='bbox 659 5705 823 5776; x_wconf 73' lang='lat' dir='ltr'><strong>Editi,</strong></span> <span class='ocrx_word' id='word_1_878' title='bbox 857 5724 875 5757; x_wconf 72' lang='grc' dir='ltr'>ι</span> <span class='ocrx_word' id='word_1_879' title='bbox 907 5707 1032 5776; x_wconf 90' lang='lat' dir='ltr'><strong>quia</strong></span> <span class='ocrx_word' id='word_1_880' title='bbox 1063 5721 1194 5774; x_wconf 84' lang='lat' dir='ltr'><strong>gens</strong></span> <span class='ocrx_word' id='word_1_881' title='bbox 1227 5706 1297 5761; x_wconf 91' lang='lat' dir='ltr'><strong>sit</strong></span> <span class='ocrx_word' id='word_1_882' title='bbox 1322 5708 1503 5760; x_wconf 86' lang='lat' dir='ltr'><strong>Israel.</strong></span> <span class='ocrx_word' id='word_1_883' title='bbox 1539 5725 1557 5759; x_wconf 70' lang='lat' dir='ltr'><strong>i</strong></span> 
     </span>
    </p>
   </div>
   <div class='ocr_carea' id='block_1_108' title="bbox 516 5775 2005 5842">
    <p class='ocr_par' dir='ltr' id='par_1_108' title="bbox 516 5775 2005 5842">
     <span class='ocr_line' id='line_1_109' title="bbox 516 5775 2005 5842; baseline 0 -11"><span class='ocrx_word' id='word_1_884' title='bbox 516 5777 626 5842; x_wconf 84' lang='lat' dir='ltr'><strong>t78)</strong></span> <span class='ocrx_word' id='word_1_885' title='bbox 659 5775 796 5828; x_wconf 86' lang='lat' dir='ltr'><strong>Editi</strong></span> <span class='ocrx_word' id='word_1_886' title='bbox 824 5814 839 5837; x_wconf 92' lang='lat'><strong>,</strong></span> <span class='ocrx_word' id='word_1_887' title='bbox 879 5795 895 5826; x_wconf 79' lang='grc' dir='ltr'>ι</span> <span class='ocrx_word' id='word_1_888' title='bbox 929 5775 1102 5830; x_wconf 85' lang='lat' dir='ltr'><strong>Deum</strong></span> <span class='ocrx_word' id='word_1_889' title='bbox 1133 5817 1148 5841; x_wconf 90' lang='lat'><strong>,</strong></span> <span class='ocrx_word' id='word_1_890' title='bbox 1184 5794 1286 5831; x_wconf 93' lang='lat' dir='ltr'><strong>non</strong></span> <span class='ocrx_word' id='word_1_891' title='bbox 1327 5789 1533 5830; x_wconf 89' lang='lat' dir='ltr'><strong>tantum</strong></span> <span class='ocrx_word' id='word_1_892' title='bbox 1562 5818 1574 5841; x_wconf 93' lang='lat'><strong>,</strong></span> <span class='ocrx_word' id='word_1_893' title='bbox 1623 5796 1640 5828; x_wconf 84' lang='grc'><strong>›</strong></span> <span class='ocrx_word' id='word_1_894' title='bbox 1669 5789 1770 5833; x_wconf 89' lang='lat' dir='ltr'><strong>etc.</strong></span> <span class='ocrx_word' id='word_1_895' title='bbox 1807 5777 2005 5832; x_wconf 86' lang='lat' dir='ltr'><strong>Omnes</strong></span> 
     </span>
    </p>
   </div>
   <div class='ocr_carea' id='block_1_109' title="bbox 444 5845 1536 5909">
    <p class='ocr_par' dir='ltr' id='par_1_109' title="bbox 444 5845 1536 5909">
     <span class='ocr_line' id='line_1_110' title="bbox 444 5845 1536 5909; baseline 0.006 -13"><span class='ocrx_word' id='word_1_896' title='bbox 444 5861 575 5900; x_wconf 80' lang='lat' dir='ltr'><strong>mss.</strong></span> <span class='ocrx_word' id='word_1_897' title='bbox 602 5845 791 5909; x_wconf 87' lang='lat' dir='ltr'><strong>nostri,</strong></span> <span class='ocrx_word' id='word_1_898' title='bbox 831 5865 849 5898; x_wconf 71' lang='grc' dir='ltr'><strong>ε</strong></span> <span class='ocrx_word' id='word_1_899' title='bbox 883 5845 1046 5909; x_wconf 86' lang='lat' dir='ltr'><strong>Deus,</strong></span> <span class='ocrx_word' id='word_1_900' title='bbox 1073 5863 1176 5902; x_wconf 91' lang='lat' dir='ltr'><strong>non</strong></span> <span class='ocrx_word' id='word_1_901' title='bbox 1202 5857 1330 5909; x_wconf 88' lang='lat' dir='ltr'><strong>tam,</strong></span> <span class='ocrx_word' id='word_1_902' title='bbox 1379 5867 1396 5898; x_wconf 72' lang='grc' dir='ltr'><strong>ι</strong></span> <span class='ocrx_word' id='word_1_903' title='bbox 1432 5859 1536 5903; x_wconf 90' lang='lat' dir='ltr'><strong>etc.</strong></span> 
     </span>
    </p>
   </div>
   <div class='ocr_carea' id='block_1_110' title="bbox 2113 4650 3666 4725">
    <p class='ocr_par' dir='ltr' id='par_1_110' title="bbox 2113 4650 3666 4725">
     <span class='ocr_line' id='line_1_111' title="bbox 2113 4650 3666 4725; baseline 0.006 -25"><span class='ocrx_word' id='word_1_904' title='bbox 2113 4660 2166 4725; x_wconf 82' lang='lat' dir='ltr'><strong>_e_t</strong></span> <span class='ocrx_word' id='word_1_905' title='bbox 2203 4650 2331 4725; x_wconf 75' lang='lat' dir='ltr'><strong>editi</strong></span> <span class='ocrx_word' id='word_1_906' title='bbox 2373 4668 2396 4725; x_wconf 85' lang='lat'><strong>:_</strong></span> <span class='ocrx_word' id='word_1_907' title='bbox 2431 4669 2448 4700; x_wconf 78' lang='grc' dir='ltr'><strong><em>ο</em></strong></span> <span class='ocrx_word' id='word_1_908' title='bbox 2487 4650 2539 4704; x_wconf 92' lang='lat' dir='ltr'><strong>ln</strong></span> <span class='ocrx_word' id='word_1_909' title='bbox 2585 4652 2969 4725; x_wconf 72' lang='lat' dir='ltr'><strong>quihusdocet</strong></span> <span class='ocrx_word' id='word_1_910' title='bbox 3011 4657 3154 4724; x_wconf 91' lang='lat' dir='ltr'><strong>quod</strong></span> <span class='ocrx_word' id='word_1_911' title='bbox 3196 4650 3485 4725; x_wconf 71' lang='lat' dir='ltr'><strong>propheta,</strong></span> <span class='ocrx_word' id='word_1_912' title='bbox 3526 4679 3545 4709; x_wconf 71' lang='grc' dir='ltr'><strong>ι</strong></span> <span class='ocrx_word' id='word_1_913' title='bbox 3576 4650 3666 4711; x_wconf 71' lang='lat' dir='ltr'><strong>etc.</strong></span> 
     </span>
    </p>
   </div>
   <div class='ocr_carea' id='block_1_111' title="bbox 2111 4720 3669 4793">
    <p class='ocr_par' dir='ltr' id='par_1_111' title="bbox 2111 4720 3669 4793">
     <span class='ocr_line' id='line_1_112' title="bbox 2111 4720 3669 4793; baseline 0.003 -21"><span class='ocrx_word' id='word_1_914' title='bbox 2111 4720 2218 4773; x_wconf 88' lang='lat' dir='ltr'><strong>Sed</strong></span> <span class='ocrx_word' id='word_1_915' title='bbox 2267 4721 2467 4775; x_wconf 89' lang='lat' dir='ltr'><strong>rectius</strong></span> <span class='ocrx_word' id='word_1_916' title='bbox 2519 4736 2621 4776; x_wconf 89' lang='lat' dir='ltr'><strong>ms.</strong></span> <span class='ocrx_word' id='word_1_917' title='bbox 2672 4721 2872 4793; x_wconf 84' lang='lat' dir='ltr'><strong>Regius</strong></span> <span class='ocrx_word' id='word_1_918' title='bbox 2921 4720 3083 4778; x_wconf 83' lang='lat' dir='ltr'><strong>num.</strong></span> <span class='ocrx_word' id='word_1_919' title='bbox 3119 4726 3254 4781; x_wconf 77' lang='lat'><strong>1659</strong></span> <span class='ocrx_word' id='word_1_920' title='bbox 3301 4720 3358 4781; x_wconf 78' lang='lat' dir='ltr'><strong>ut</strong></span> <span class='ocrx_word' id='word_1_921' title='bbox 3408 4730 3461 4783; x_wconf 90' lang='lat' dir='ltr'><strong>in</strong></span> <span class='ocrx_word' id='word_1_922' title='bbox 3506 4740 3669 4782; x_wconf 88' lang='lat' dir='ltr'><strong>nostro</strong></span> 
     </span>
    </p>
   </div>
   <div class='ocr_carea' id='block_1_112' title="bbox 2112 4799 2283 4842">
    <p class='ocr_par' dir='ltr' id='par_1_112' title="bbox 2112 4799 2283 4842">
     <span class='ocr_line' id='line_1_113' title="bbox 2112 4799 2283 4842; baseline -0.006 0"><span class='ocrx_word' id='word_1_923' title='bbox 2112 4799 2283 4842; x_wconf 78' lang='lat' dir='ltr'><strong>textu.</strong></span> 
     </span>
    </p>
   </div>
   <div class='ocr_carea' id='block_1_113' title="bbox 2182 4859 3656 4933">
    <p class='ocr_par' dir='ltr' id='par_1_113' title="bbox 2182 4859 3656 4933">
     <span class='ocr_line' id='line_1_114' title="bbox 2182 4859 3656 4933; baseline 0.003 -20"><span class='ocrx_word' id='word_1_924' title='bbox 2182 4859 2296 4926; x_wconf 84' lang='grc'>(81)</span> <span class='ocrx_word' id='word_1_925' title='bbox 2330 4859 2550 4933; x_wconf 36' lang='grc' dir='ltr'><strong>Εὰίιῑιι</strong></span> <span class='ocrx_word' id='word_1_926' title='bbox 2599 4875 2722 4933; x_wconf 88' lang='lat' dir='ltr'><strong>cum</strong></span> <span class='ocrx_word' id='word_1_927' title='bbox 2766 4862 3058 4931; x_wconf 89' lang='lat' dir='ltr'><strong>aliquando</strong></span> <span class='ocrx_word' id='word_1_928' title='bbox 3101 4868 3241 4933; x_wconf 90' lang='lat' dir='ltr'><strong>apud</strong></span> <span class='ocrx_word' id='word_1_929' title='bbox 3277 4868 3474 4928; x_wconf 86' lang='lat' dir='ltr'><strong>Deum,</strong></span> <span class='ocrx_word' id='word_1_930' title='bbox 3506 4887 3525 4918; x_wconf 71' lang='grc' dir='ltr'><strong><em>ο</em></strong></span> <span class='ocrx_word' id='word_1_931' title='bbox 3569 4877 3656 4920; x_wconf 74' lang='lat' dir='ltr'><strong>etc.</strong></span> 
     </span>
    </p>
   </div>
   <div class='ocr_carea' id='block_1_114' title="bbox 2111 4929 3484 4998">
    <p class='ocr_par' dir='ltr' id='par_1_114' title="bbox 2111 4929 3484 4998">
     <span class='ocr_line' id='line_1_115' title="bbox 2111 4929 3484 4998; baseline 0.006 -16"><span class='ocrx_word' id='word_1_932' title='bbox 2111 4929 2218 4984; x_wconf 88' lang='lat' dir='ltr'><strong>Sed</strong></span> <span class='ocrx_word' id='word_1_933' title='bbox 2251 4945 2350 4982; x_wconf 86' lang='lat' dir='ltr'><strong>vox</strong></span> <span class='ocrx_word' id='word_1_934' title='bbox 2393 4948 2410 4978; x_wconf 73' lang='grc' dir='ltr'>ι</span> <span class='ocrx_word' id='word_1_935' title='bbox 2448 4932 2740 4997; x_wconf 88' lang='lat' dir='ltr'><strong>aliquando</strong></span> <span class='ocrx_word' id='word_1_936' title='bbox 2772 4951 2790 4983; x_wconf 69' lang='grc' dir='ltr'><strong><em>ι</em></strong></span> <span class='ocrx_word' id='word_1_937' title='bbox 2821 4929 2974 4988; x_wconf 81' lang='lat' dir='ltr'><strong>deest</strong></span> <span class='ocrx_word' id='word_1_938' title='bbox 3005 4937 3054 4988; x_wconf 92' lang='lat' dir='ltr'><strong>in</strong></span> <span class='ocrx_word' id='word_1_939' title='bbox 3090 4929 3220 4998; x_wconf 43' lang='lat' dir='ltr'><strong>III-SS.</strong></span> <span class='ocrx_word' id='word_1_940' title='bbox 3255 4940 3484 4992; x_wconf 89' lang='lat' dir='ltr'><strong>nostris.</strong></span> 
     </span>
    </p>
   </div>
   <div class='ocr_carea' id='block_1_115' title="bbox 2183 4998 3664 5075">
    <p class='ocr_par' dir='ltr' id='par_1_115' title="bbox 2183 4998 3664 5075">
     <span class='ocr_line' id='line_1_116' title="bbox 2183 4998 3664 5075; baseline 0.002 -23"><span class='ocrx_word' id='word_1_941' title='bbox 2487 5001 2753 5069; x_wconf 85' lang='lat' dir='ltr'><strong>plerique,</strong></span> <span class='ocrx_word' id='word_1_942' title='bbox 2786 5003 3063 5075; x_wconf 57' lang='lat' dir='ltr'><strong>(Reliqui</strong></span> <span class='ocrx_word' id='word_1_943' title='bbox 3102 5007 3254 5068; x_wconf 86' lang='lat' dir='ltr'><strong>mihi,</strong></span> <span class='ocrx_word' id='word_1_944' title='bbox 3289 5008 3488 5075; x_wconf 85' lang='lat' dir='ltr'><strong>inquit,</strong></span> <span class='ocrx_word' id='word_1_945' title='bbox 3530 5028 3546 5058; x_wconf 76' lang='grc' dir='ltr'>ι</span> <span class='ocrx_word' id='word_1_946' title='bbox 3571 5018 3664 5058; x_wconf 79' lang='lat' dir='ltr'><strong>etr.</strong></span> 
     </span>
    </p>
   </div>
   <div class='ocr_carea' id='block_1_116' title="bbox 2111 5071 3660 5144">
    <p class='ocr_par' dir='ltr' id='par_1_116' title="bbox 2111 5071 3660 5144">
     <span class='ocr_line' id='line_1_117' title="bbox 2111 5071 3660 5144; baseline 0.001 -20"><span class='ocrx_word' id='word_1_947' title='bbox 2111 5071 2311 5144; x_wconf 78' lang='lat' dir='ltr'><strong>Deinde</strong></span> <span class='ocrx_word' id='word_1_948' title='bbox 2345 5071 2660 5144; x_wconf 71' lang='lat' dir='ltr'><strong>iidentmss.</strong></span> <span class='ocrx_word' id='word_1_949' title='bbox 2687 5081 2740 5124; x_wconf 89' lang='lat' dir='ltr'><strong>et</strong></span> <span class='ocrx_word' id='word_1_950' title='bbox 2761 5073 2909 5144; x_wconf 85' lang='lat' dir='ltr'><strong>editi,</strong></span> <span class='ocrx_word' id='word_1_951' title='bbox 2947 5095 2964 5124; x_wconf 73' lang='grc' dir='ltr'>ι</span> <span class='ocrx_word' id='word_1_952' title='bbox 2991 5071 3172 5144; x_wconf 83' lang='lat' dir='ltr'><strong>genua</strong></span> <span class='ocrx_word' id='word_1_953' title='bbox 3203 5094 3300 5129; x_wconf 87' lang='lat' dir='ltr'><strong>sua</strong></span> <span class='ocrx_word' id='word_1_954' title='bbox 3325 5071 3455 5131; x_wconf 79' lang='lat' dir='ltr'><strong>ante</strong></span> <span class='ocrx_word' id='word_1_955' title='bbox 3481 5078 3616 5131; x_wconf 78' lang='lat' dir='ltr'><strong>Bual.</strong></span> <span class='ocrx_word' id='word_1_956' title='bbox 3645 5094 3660 5125; x_wconf 73' lang='grc' dir='ltr'><strong><em>ι</em></strong></span> 
     </span>
    </p>
   </div>
   <div class='ocr_carea' id='block_1_117' title="bbox 2111 5141 3314 5208">
    <p class='ocr_par' dir='ltr' id='par_1_117' title="bbox 2111 5141 3314 5208">
     <span class='ocr_line' id='line_1_118' title="bbox 2111 5141 3314 5208; baseline 0.005 -13"><span class='ocrx_word' id='word_1_957' title='bbox 2111 5143 2216 5195; x_wconf 86' lang='lat' dir='ltr'><strong>Sed</strong></span> <span class='ocrx_word' id='word_1_958' title='bbox 2248 5155 2344 5194; x_wconf 89' lang='lat' dir='ltr'><strong>ms.</strong></span> <span class='ocrx_word' id='word_1_959' title='bbox 2393 5141 2586 5208; x_wconf 84' lang='lat' dir='ltr'><strong>Regius</strong></span> <span class='ocrx_word' id='word_1_960' title='bbox 2617 5158 2766 5195; x_wconf 90' lang='lat' dir='ltr'><strong>num.</strong></span> <span class='ocrx_word' id='word_1_961' title='bbox 2798 5143 2934 5197; x_wconf 78' lang='lat' dir='ltr'><strong>I639</strong></span> <span class='ocrx_word' id='word_1_962' title='bbox 2967 5141 3022 5196; x_wconf 76' lang='lat' dir='ltr'><strong>ut</strong></span> <span class='ocrx_word' id='word_1_963' title='bbox 3053 5145 3106 5198; x_wconf 91' lang='lat' dir='ltr'><strong>in</strong></span> <span class='ocrx_word' id='word_1_964' title='bbox 3140 5157 3314 5201; x_wconf 76' lang='lat' dir='ltr'><strong>textu.</strong></span> 
     </span>
    </p>
   </div>
   <div class='ocr_carea' id='block_1_118' title="bbox 2181 5209 3660 5285">
    <p class='ocr_par' dir='ltr' id='par_1_118' title="bbox 2181 5209 3660 5285">
     <span class='ocr_line' id='line_1_119' title="bbox 2181 5209 3660 5285; baseline 0.005 -19"><span class='ocrx_word' id='word_1_965' title='bbox 2181 5209 2292 5285; x_wconf 55' lang='lat'><strong>(831)</strong></span> <span class='ocrx_word' id='word_1_966' title='bbox 2333 5209 2498 5285; x_wconf 70' lang='lat' dir='ltr'><strong>Edili,</strong></span> <span class='ocrx_word' id='word_1_967' title='bbox 2541 5228 2558 5260; x_wconf 85' lang='lat' dir='ltr'><strong>t</strong></span> <span class='ocrx_word' id='word_1_968' title='bbox 2600 5214 2897 5266; x_wconf 83' lang='lat' dir='ltr'><strong>secundum</strong></span> <span class='ocrx_word' id='word_1_969' title='bbox 2926 5214 3243 5269; x_wconf 81' lang='lat' dir='ltr'><strong>electionem</strong></span> <span class='ocrx_word' id='word_1_970' title='bbox 3272 5220 3462 5285; x_wconf 62' lang='lat' dir='ltr'><strong>gratim</strong></span> <span class='ocrx_word' id='word_1_971' title='bbox 3504 5217 3609 5274; x_wconf 86' lang='lat' dir='ltr'><strong>Dei.</strong></span> <span class='ocrx_word' id='word_1_972' title='bbox 3645 5235 3660 5264; x_wconf 75' lang='grc'><strong><em>⁸</em></strong></span> 
     </span>
    </p>
   </div>
   <div class='ocr_carea' id='block_1_119' title="bbox 2109 5283 3666 5341">
    <p class='ocr_par' dir='ltr' id='par_1_119' title="bbox 2109 5283 3666 5341">
     <span class='ocr_line' id='line_1_120' title="bbox 2109 5283 3666 5341; baseline -0.001 -5"><span class='ocrx_word' id='word_1_973' title='bbox 2109 5292 2213 5336; x_wconf 86' lang='lat' dir='ltr'><strong>etc.</strong></span> <span class='ocrx_word' id='word_1_974' title='bbox 2252 5283 2356 5334; x_wconf 89' lang='lat' dir='ltr'><strong>Sed</strong></span> <span class='ocrx_word' id='word_1_975' title='bbox 2407 5297 2597 5334; x_wconf 85' lang='lat' dir='ltr'><strong>omnes</strong></span> <span class='ocrx_word' id='word_1_976' title='bbox 2646 5299 2775 5336; x_wconf 88' lang='lat' dir='ltr'><strong>mss.</strong></span> <span class='ocrx_word' id='word_1_977' title='bbox 2810 5286 2977 5337; x_wconf 87' lang='lat' dir='ltr'><strong>nostri</strong></span> <span class='ocrx_word' id='word_1_978' title='bbox 3025 5296 3078 5338; x_wconf 89' lang='lat' dir='ltr'><strong>et</strong></span> <span class='ocrx_word' id='word_1_979' title='bbox 3121 5283 3378 5341; x_wconf 81' lang='lat' dir='ltr'><strong>Rabanus</strong></span> <span class='ocrx_word' id='word_1_980' title='bbox 3425 5292 3666 5341; x_wconf 74' lang='lat' dir='ltr'><strong>Olllilldﬂl</strong></span> 
     </span>
    </p>
   </div>
   <div class='ocr_carea' id='block_1_120' title="bbox 2117 5351 3661 5426">
    <p class='ocr_par' dir='ltr' id='par_1_120' title="bbox 2117 5351 3661 5426">
     <span class='ocr_line' id='line_1_121' title="bbox 2117 5351 3661 5426; baseline 0.001 -23"><span class='ocrx_word' id='word_1_981' title='bbox 2117 5371 2134 5403; x_wconf 74' lang='grc' dir='ltr'>ι</span> <span class='ocrx_word' id='word_1_982' title='bbox 2175 5353 2288 5406; x_wconf 88' lang='lat' dir='ltr'><strong>Dei.</strong></span> <span class='ocrx_word' id='word_1_983' title='bbox 2328 5369 2345 5402; x_wconf 83' lang='grc'><strong>›</strong></span> <span class='ocrx_word' id='word_1_984' title='bbox 2383 5351 2586 5426; x_wconf 84' lang='lat' dir='ltr'><strong>Deinde</strong></span> <span class='ocrx_word' id='word_1_985' title='bbox 2621 5352 2781 5426; x_wconf 77' lang='lat' dir='ltr'><strong>iidem</strong></span> <span class='ocrx_word' id='word_1_986' title='bbox 2811 5355 2939 5426; x_wconf 69' lang='lat' dir='ltr'><strong>editi</strong></span> <span class='ocrx_word' id='word_1_987' title='bbox 2964 5396 2977 5417; x_wconf 91' lang='lat'><strong>,</strong></span> <span class='ocrx_word' id='word_1_988' title='bbox 3006 5367 3061 5408; x_wconf 90' lang='lat' dir='ltr'><strong>et</strong></span> <span class='ocrx_word' id='word_1_989' title='bbox 3091 5372 3224 5411; x_wconf 85' lang='lat' dir='ltr'><strong>mss.</strong></span> <span class='ocrx_word' id='word_1_990' title='bbox 3260 5360 3441 5426; x_wconf 81' lang='lat' dir='ltr'><strong>plures</strong></span> <span class='ocrx_word' id='word_1_991' title='bbox 3466 5400 3480 5422; x_wconf 83' lang='lat'><strong>,</strong></span> <span class='ocrx_word' id='word_1_992' title='bbox 3517 5378 3534 5407; x_wconf 82' lang='lat' dir='ltr'><strong>r</strong></span> <span class='ocrx_word' id='word_1_993' title='bbox 3565 5359 3661 5424; x_wconf 82' lang='lat' dir='ltr'><strong>jam</strong></span> 
     </span>
    </p>
   </div>
   <div class='ocr_carea' id='block_1_121' title="bbox 2111 5423 3667 5497">
    <p class='ocr_par' dir='ltr' id='par_1_121' title="bbox 2111 5423 3667 5497">
     <span class='ocr_line' id='line_1_122' title="bbox 2111 5423 3667 5497; baseline -0.004 -16"><span class='ocrx_word' id='word_1_994' title='bbox 2111 5439 2218 5497; x_wconf 71' lang='lat' dir='ltr'><strong>twn</strong></span> <span class='ocrx_word' id='word_1_995' title='bbox 2245 5433 2326 5475; x_wconf 86' lang='lat' dir='ltr'><strong>est</strong></span> <span class='ocrx_word' id='word_1_996' title='bbox 2359 5423 2555 5497; x_wconf 82' lang='lat' dir='ltr'><strong>gratia,</strong></span> <span class='ocrx_word' id='word_1_997' title='bbox 2578 5441 2595 5472; x_wconf 77' lang='grc' dir='ltr'><strong><em>ι</em></strong></span> <span class='ocrx_word' id='word_1_998' title='bbox 2620 5423 2712 5474; x_wconf 87' lang='lat' dir='ltr'><strong>sed</strong></span> <span class='ocrx_word' id='word_1_999' title='bbox 2747 5439 2849 5476; x_wconf 90' lang='lat' dir='ltr'><strong>ms.</strong></span> <span class='ocrx_word' id='word_1_1000' title='bbox 2873 5423 3097 5497; x_wconf 61' lang='lat' dir='ltr'><strong>Regius,</strong></span> <span class='ocrx_word' id='word_1_1001' title='bbox 3129 5423 3283 5484; x_wconf 68' lang='lat' dir='ltr'><strong>nunt.</strong></span> <span class='ocrx_word' id='word_1_1002' title='bbox 3315 5429 3456 5482; x_wconf 77' lang='grc'>1639</span> <span class='ocrx_word' id='word_1_1003' title='bbox 3488 5423 3667 5496; x_wconf 83' lang='lat' dir='ltr'><strong>ubique</strong></span> 
     </span>
    </p>
   </div>
   <div class='ocr_carea' id='block_1_122' title="bbox 2112 5493 2872 5560">
    <p class='ocr_par' dir='ltr' id='par_1_122' title="bbox 2112 5493 2872 5560">
     <span class='ocr_line' id='line_1_123' title="bbox 2112 5493 2872 5560; baseline 0 -14"><span class='ocrx_word' id='word_1_1004' title='bbox 2112 5493 2274 5546; x_wconf 87' lang='lat' dir='ltr'><strong>habet</strong></span> <span class='ocrx_word' id='word_1_1005' title='bbox 2310 5509 2329 5542; x_wconf 73' lang='grc' dir='ltr'>ι</span> <span class='ocrx_word' id='word_1_1006' title='bbox 2369 5494 2440 5546; x_wconf 90' lang='lat' dir='ltr'><strong>sit</strong></span> <span class='ocrx_word' id='word_1_1007' title='bbox 2470 5510 2488 5542; x_wconf 76' lang='grc' dir='ltr'><strong><em>ι</em></strong></span> <span class='ocrx_word' id='word_1_1008' title='bbox 2528 5508 2623 5560; x_wconf 90' lang='lat' dir='ltr'><strong>pro</strong></span> <span class='ocrx_word' id='word_1_1009' title='bbox 2656 5511 2674 5541; x_wconf 74' lang='grc' dir='ltr'>ι</span> <span class='ocrx_word' id='word_1_1010' title='bbox 2713 5505 2814 5546; x_wconf 88' lang='lat' dir='ltr'><strong>est.</strong></span> <span class='ocrx_word' id='word_1_1011' title='bbox 2853 5513 2872 5546; x_wconf 75' lang='grc' dir='ltr'><strong><em>ι</em></strong></span> 
     </span>
    </p>
   </div>
   <div class='ocr_carea' id='block_1_123' title="bbox 2183 5561 3664 5632">
    <p class='ocr_par' dir='ltr' id='par_1_123' title="bbox 2183 5561 3664 5632">
     <span class='ocr_line' id='line_1_124' title="bbox 2183 5561 3664 5632; baseline -0.001 -17"><span class='ocrx_word' id='word_1_1012' title='bbox 2183 5561 2292 5630; x_wconf 70' lang='grc'>(84)</span> <span class='ocrx_word' id='word_1_1013' title='bbox 2328 5561 2622 5622; x_wconf 85' lang='lat' dir='ltr'><strong>Rabanus.</strong></span> <span class='ocrx_word' id='word_1_1014' title='bbox 2660 5581 2677 5612; x_wconf 78' lang='grc' dir='ltr'>ι</span> <span class='ocrx_word' id='word_1_1015' title='bbox 2729 5565 3036 5632; x_wconf 88' lang='lat' dir='ltr'><strong>repudiari;</strong></span> <span class='ocrx_word' id='word_1_1016' title='bbox 3093 5585 3112 5617; x_wconf 67' lang='grc' dir='ltr'><strong>ι</strong></span> <span class='ocrx_word' id='word_1_1017' title='bbox 3161 5568 3256 5622; x_wconf 89' lang='lat' dir='ltr'><strong>sed</strong></span> <span class='ocrx_word' id='word_1_1018' title='bbox 3309 5583 3500 5621; x_wconf 89' lang='lat' dir='ltr'><strong>omnes</strong></span> <span class='ocrx_word' id='word_1_1019' title='bbox 3547 5581 3664 5618; x_wconf 85' lang='lat' dir='ltr'><strong>mss.</strong></span> 
     </span>
    </p>
   </div>
   <div class='ocr_carea' id='block_1_124' title="bbox 2111 5633 3034 5698">
    <p class='ocr_par' dir='ltr' id='par_1_124' title="bbox 2111 5633 3034 5698">
     <span class='ocr_line' id='line_1_125' title="bbox 2111 5633 3034 5698; baseline -0.002 -10"><span class='ocrx_word' id='word_1_1020' title='bbox 2111 5635 2282 5688; x_wconf 87' lang='lat' dir='ltr'><strong>nostri</strong></span> <span class='ocrx_word' id='word_1_1021' title='bbox 2321 5643 2372 5687; x_wconf 89' lang='lat' dir='ltr'><strong>ct</strong></span> <span class='ocrx_word' id='word_1_1022' title='bbox 2401 5634 2557 5698; x_wconf 81' lang='lat' dir='ltr'><strong>editi,</strong></span> <span class='ocrx_word' id='word_1_1023' title='bbox 2601 5653 2617 5684; x_wconf 84' lang='lat' dir='ltr'><strong>t</strong></span> <span class='ocrx_word' id='word_1_1024' title='bbox 2662 5633 2975 5687; x_wconf 81' lang='lat' dir='ltr'><strong>refutatum.</strong></span> <span class='ocrx_word' id='word_1_1025' title='bbox 3017 5653 3034 5686; x_wconf 83' lang='grc'><strong>›</strong></span> 
     </span>
    </p>
   </div>
   <div class='ocr_carea' id='block_1_125' title="bbox 2181 5701 3662 5773">
    <p class='ocr_par' dir='ltr' id='par_1_125' title="bbox 2181 5701 3662 5773">
     <span class='ocr_line' id='line_1_126' title="bbox 2181 5701 3662 5773; baseline 0.002 -17"><span class='ocrx_word' id='word_1_1026' title='bbox 2181 5701 2295 5773; x_wconf 84' lang='grc'>(85)</span> <span class='ocrx_word' id='word_1_1027' title='bbox 2327 5701 2402 5756; x_wconf 88' lang='lat' dir='ltr'><strong>Ita</strong></span> <span class='ocrx_word' id='word_1_1028' title='bbox 2437 5719 2536 5756; x_wconf 82' lang='lat' dir='ltr'><strong>ms.</strong></span> <span class='ocrx_word' id='word_1_1029' title='bbox 2575 5704 2772 5772; x_wconf 81' lang='lat' dir='ltr'><strong>Regius</strong></span> <span class='ocrx_word' id='word_1_1030' title='bbox 2805 5722 2954 5758; x_wconf 90' lang='lat' dir='ltr'><strong>nutn.</strong></span> <span class='ocrx_word' id='word_1_1031' title='bbox 2991 5706 3127 5761; x_wconf 78' lang='grc'>1659</span> <span class='ocrx_word' id='word_1_1032' title='bbox 3159 5718 3212 5761; x_wconf 86' lang='lat' dir='ltr'><strong>et</strong></span> <span class='ocrx_word' id='word_1_1033' title='bbox 3247 5708 3522 5761; x_wconf 74' lang='lat' dir='ltr'><strong>Rabanus.</strong></span> <span class='ocrx_word' id='word_1_1034' title='bbox 3556 5705 3662 5759; x_wconf 71' lang='lat' dir='ltr'><strong>Cl:-</strong></span> 
     </span>
    </p>
   </div>
   <div class='ocr_carea' id='block_1_126' title="bbox 2112 5776 3664 5849">
    <p class='ocr_par' dir='ltr' id='par_1_126' title="bbox 2112 5776 3664 5849">
     <span class='ocr_line' id='line_1_127' title="bbox 2112 5776 3664 5849; baseline 0 -24"><span class='ocrx_word' id='word_1_1035' title='bbox 2112 5777 2212 5826; x_wconf 90' lang='lat' dir='ltr'><strong>teri</strong></span> <span class='ocrx_word' id='word_1_1036' title='bbox 2249 5789 2380 5828; x_wconf 80' lang='lat' dir='ltr'><strong>vero</strong></span> <span class='ocrx_word' id='word_1_1037' title='bbox 2418 5791 2544 5828; x_wconf 78' lang='lat' dir='ltr'><strong>mss.</strong></span> <span class='ocrx_word' id='word_1_1038' title='bbox 2584 5778 2751 5829; x_wconf 87' lang='lat' dir='ltr'><strong>nostri</strong></span> <span class='ocrx_word' id='word_1_1039' title='bbox 2789 5783 2844 5830; x_wconf 93' lang='lat' dir='ltr'><strong>ct</strong></span> <span class='ocrx_word' id='word_1_1040' title='bbox 2872 5776 3034 5836; x_wconf 80' lang='lat' dir='ltr'><strong>editi,</strong></span> <span class='ocrx_word' id='word_1_1041' title='bbox 3069 5795 3086 5828; x_wconf 86' lang='lat' dir='ltr'><strong>t</strong></span> <span class='ocrx_word' id='word_1_1042' title='bbox 3122 5790 3176 5833; x_wconf 88' lang='lat' dir='ltr'><strong>et</strong></span> <span class='ocrx_word' id='word_1_1043' title='bbox 3216 5778 3607 5849; x_wconf 75' lang='lat' dir='ltr'><strong>Evangetista,</strong></span> <span class='ocrx_word' id='word_1_1044' title='bbox 3639 5790 3664 5825; x_wconf 81' lang='grc'>›</span> 
     </span>
    </p>
   </div>
   <div class='ocr_carea' id='block_1_127' title="bbox 2110 5853 2218 5897">
    <p class='ocr_par' dir='ltr' id='par_1_127' title="bbox 2110 5853 2218 5897">
     <span class='ocr_line' id='line_1_128' title="bbox 2110 5853 2218 5897; baseline 0 -1"><span class='ocrx_word' id='word_1_1045' title='bbox 2110 5853 2218 5897; x_wconf 73' lang='grc' dir='ltr'><strong>εις.</strong></span> 
     </span>
    </p>
   </div>
  </div>
