3766 6536
31 408 135 463 1177

910 405 1272 462 COMMENT.
1318 405 1384 460 IN
1425 403 1643 462 EPIST.

1683 405 1774 460 AD
1811 405 1978 464 ROM.
2019 405 2146 461 LIB.
2190 403 2324 459 VIII.
3094 408 3232 464 H78

31 527 142 576 tium
167 521 438 592 perhibet,
459 522 583 590 quia
615 541 632 573 ι
669 522 723 576 in
752 523 946 592 spiritu
977 534 1032 580 et
1053 527 1251 579 virtute
1293 545 1312 578 ι
1351 526 1556 580 venerit
1592 535 1636 587 Α
1667 541 1762 592 per
1789 525 2038 592 gratiam,
2071 523 2162 577 sed
2198 537 2294 590 per
2329 539 2348 572 ι
2393 519 2714 576 electionem
2745 522 2934 591 gratim
2969 541 2988 574 ι
3025 524 3225 576 salvari

66 615 188 668 Elia:
213 615 297 681 3‘;
333 636 352 668 ι
384 625 438 669 et
476 617 588 685 ipse
641 618 900 672 Dominus
949 619 1147 672 dixerit
1181 619 1248 673 de
1285 634 1351 673 eo
1383 637 1396 672 :
1434 637 1452 671 ι
1498 621 1561 674 Et

37 712 230 766 ivultis
271 713 412 768 scire
437 753 452 776 ,
477 714 593 782 ipse
616 723 698 767 est
731 713 900 768 Elias.
936 713 1036 780 Qui
1071 713 1235 768 habet
1261 730 1421 770 aures
1461 729 1560 767 au-

31 805 193 869 liendi,
221 807 499 860 audiat”.
545 825 564 855 ι
597 805 697 860 llic
742 821 873 875 ergo
908 808 998 875 qui
1035 808 1086 862 in
1129 809 1320 876 spiritu
1357 816 1412 861 et
1450 808 1562 860 vir-

32 908 106 950 ute
129 906 356 951 venerat
375 895 586 960 Elize,in
608 904 820 950 tantum
857 897 1244 964 desperaverat
1270 898 1334 952 de
1362 898 1560 967 populo

31 988 87 1040 llo
112 1025 128 1051 ,
161 996 220 1040 ut
271 1003 376 1042 non
407 1004 501 1043 eos
542 989 892 1044 diceretesse
938 989 1343 1057 generationem
1384 991 1557 1045 Abra-

31 1096 76 1134 ιω
116 1079 226 1147 (86)
256 1122 272 1144 ,
311 1081 402 1133 sed
444 1083 850 1150 generationem
887 1083 1227 1150 viperarum;
1261 1091 1316 1137 et
1348 1082 1431 1136 his
1459 1084 1556 1136 ad-

32 1178 139 1224 leret
176 1189 190 1225 :
236 1190 255 1222 ε
301 1172 476 1226 Nolite
500 1173 683 1227 dicere
708 1175 835 1243 quia
861 1184 1067 1241 patrem
1095 1175 1361 1228 habemus
1389 1177 1559 1227 Abra-

31 1281 134 1316 ιειιιι.
188 1263 321 1317 Dico
369 1266 515 1328 enim
564 1267 720 1321 vobis
745 1307 760 1332 ,
801 1269 932 1333 quia
973 1276 1166 1334 potens
1203 1278 1286 1321 est
1323 1267 1460 1320 Deus
1493 1269 1558 1322 de

31 1357 257 1422 apitlibns
313 1358 427 1412 istis
476 1359 744 1414 suscitare
776 1359 916 1414 ﬁlios
956 1359 1190 1413 Abraha:
1232 1359 1298 1416 ⁸³.
1352 1379 1371 1410 ι
1422 1358 1556 1412 Huic

38 1463 116 1516 rgo
161 1447 266 1500 ista
322 1449 387 1502 de
433 1450 628 1517 populo
677 1452 1032 1520 conquerenti
1086 1453 1479 1520 respondeatur
1525 1467 1553 1503 a

32 1538 210 1591 loutino
254 1549 313 1592 et
353 1538 635 1594 Salvatore
661 1550 853 1596 nostro
887 1555 902 1594 :
954 1559 972 1591 ι
1011 1539 1122 1609 Ego
1151 1543 1265 1596 scio
1291 1556 1424 1609 quos
1447 1543 1556 1593 ele-

36 1628 149 1680 eritn
186 1627 269 1690 δδς
315 1647 334 1680 ι
375 1639 430 1682 et
458 1630 653 1683 iterum
687 1644 703 1683 :
733 1647 752 1680 ‹
796 1629 938 1684 Oves
986 1644 1118 1683 meae
1150 1643 1334 1682 vocem
1382 1643 1554 1682 meam

37 1720 238 1785 udiuut,
283 1730 340 1775 et
388 1736 492 1787 ego
538 1723 786 1789 prascedo
837 1737 967 1786 eas,
1015 1731 1070 1776 et
1121 1730 1422 1790 sequuntur
1472 1736 1557 1774 me

32 1826 117 1865 nec
141 1812 216 1876 8';
256 1831 278 1863 ι
316 1823 371 1867 et
407 1814 644 1867 iterum:
685 1833 703 1864 ς
744 1813 928 1868 Habeo
974 1813 1110 1868 alias
1139 1829 1268 1868 oves
1293 1828 1413 1882 qua:
1447 1829 1551 1867 non

33 1913 109 1956 unt
141 1905 204 1958 de
234 1906 340 1958 hoc
374 1906 504 1960 ovili
532 1923 545 1958 :
578 1916 794 1972 oportet
822 1920 906 1960 me
923 1919 978 1961 et
1011 1906 1132 1959 illas
1159 1905 1546 1960 adducere".i
1584 1881 1626 1936 Β

31 1994 118 2058 laid
151 2004 334 2049 autem
364 2004 419 2050 et
455 1997 572 2061 ipse
594 2011 852 2050 numerus
887 2007 1091 2065 septem
1121 1996 1286 2049 millia
1314 1998 1550 2050 virorum

31 2084 180 2138 udicet
229 2086 540 2144 videamus.
587 2089 949 2155 Septenarius
997 2105 1258 2144 numerus
1301 2088 1433 2158 (87)
1485 2089 1550 2141 ad

34 2177 214 2242 equiem
254 2179 518 2247 pertinet.
552 2198 569 2229 ι
610 2179 662 2232 In
690 2181 916 2249 septima
950 2201 968 2232 ι
1003 2181 1148 2235 enim
1175 2201 1192 2231 ι
1227 2181 1312 2234 die
1341 2181 1553 2247 requie-

32 2269 70 2320 it
96 2270 224 2323 Deus
247 2271 318 2322 ⁸⁷.
359 2290 378 2322 ι
431 2271 568 2326 Audi
595 2287 728 2339 ergo
755 2283 812 2327 et
856 2275 1104 2328 Christus
1139 2277 1422 2328 credentes
1449 2273 1549 2326 sibi

31 2362 248 2423 (nomodo
278 2364 348 2416 ad
377 2364 620 2431 requiem
660 2365 852 2418 invitat
875 2407 888 2428 ,
915 2376 970 2419 et
999 2366 1130 2420 dicit
1163 2384 1176 2418 :
1213 2383 1230 2414 ι
1271 2363 1458 2418 Venite
1485 2363 1552 2416 ad

31 2467 76 2504 ne
110 2469 298 2508 omnes
329 2457 422 2523 qui
470 2455 760 2520 laboratis,
790 2467 844 2511 et
877 2459 1085 2512 onerati
1113 2458 1243 2510 estis
1275 2474 1288 2510 :
1319 2466 1373 2509 et
1405 2457 1551 2508 inve-

32 2545 134 2598 lietis
166 2547 410 2614 requiem
446 2550 734 2603 animabus
761 2550 959 2603 vestris
991 2549 1058 2602 ⁸⁸.
1087 2568 1104 2600 ι
1133 2550 1211 2601 Ad
1238 2549 1397 2600 istum
1421 2563 1550 2615 ergo

31 2642 338 2705 eptenarium
390 2657 675 2695 numerum
713 2643 948 2709 pertinet
990 2642 1167 2695 omnis
1197 2641 1290 2708 qui
1321 2642 1548 2693 veniens

36 2731 59 2781 ό
95 2730 366 2787 Christum
421 2736 671 2800 deposuit
717 2749 883 2788 onera
930 2735 1178 2801 peccati,
1213 2742 1269 2786 et
1307 2733 1548 2802 requiem

34 2824 170 2878 alutis
217 2826 426 2880 invenit
479 2826 618 2897 (88).
676 2825 841 2881 Recte
890 2841 1019 2896 ergo
1049 2825 1335 2893 Apostolus
1374 2827 1549 2891 dicit,

32 2916 105 2976 mia
142 2935 160 2966 ι
209 2918 292 2971 sic
324 2927 380 2971 et
431 2918 485 2970 in
531 2919 633 2972 hoc
679 2928 926 2988 tempore
975 2919 1217 2987 reliquiae
1253 2918 1546 2973 secundum

35 3010 294 3064 lectionem
333 3011 522 3080 gratia:
551 3012 715 3065 salva:
740 3011 896 3065 facta:
923 3021 1086 3071 sunt;
1118 3031 1137 3063 ι
1182 3013 1434 3080 reliquias
1467 3013 1550 3065 di-

32 3116 110 3154 ens
151 3117 244 3158 eos
285 3105 380 3169 qui
424 3119 490 3156 ex
533 3104 953 3158 circumcisione
1002 3102 1396 3167 crediderunt,
1441 3114 1546 3157 tam

37 3194 240 3258 postolos
273 3211 401 3249 cum
435 3196 634 3264 quibus
666 3210 727 3249 se
763 3210 980 3264 quoque
1017 3206 1356 3256 annumerat,
1385 3213 1544 3264 quam

37 3296 49 3336 t
86 3297 304 3341 ceteros
347 3290 440 3357 qui
477 3303 601 3342 cum
637 3289 769 3356 ipsis
815 3289 986 3342 secuti
1032 3299 1160 3342 sunt
1213 3289 1370 3341 ﬁdem
1420 3287 1547 3340 Jesu

33 3375 194 3430 iitristi.
243 3376 355 3432 Sed
399 3380 544 3446 quod
581 3380 757 3442 dicit,
807 3399 824 3430 ι
879 3380 1174 3433 secundum
1228 3380 1549 3434 electionem

34 3470 159 3521 ratia:
196 3487 214 3520 ι
250 3469 437 3523 salvas
469 3470 640 3524 factas
664 3485 783 3523 esse
823 3471 1106 3538 reliquias,
1139 3472 1249 3523 haec
1279 3470 1408 3522 mihi
1444 3485 1549 3522 non

34 3560 187 3614 "aletur
235 3561 514 3630 superﬂua
547 3577 666 3615 esse
701 3563 988 3616 electionis
1020 3563 1252 3630 adiectio
1285 3561 1417 3632 (89).
1449 3561 1552 3614 Ρο-

34 3655 88 3704 uit
111 3655 246 3707 enim
295 3655 527 3708 dicere:
567 3671 586 3704 ι
623 3653 890 3724 Reliquias
928 3674 946 3706 ι
992 3671 1084 3721 per
1117 3655 1353 3722 gratiam
1388 3672 1406 3704 ι
1444 3654 1551 3706 sal-

36 3745 239 3800 elactae
276 3757 441 3811 sunt;
490 3765 510 3798 ι
547 3748 642 3800 sed
673 3748 909 3801 ostendit
957 3761 1050 3816 per
1101 3746 1214 3798 haec
1257 3759 1378 3798 esse
1429 3759 1554 3813 gra-

36 3839 109 3889 iam
139 3849 190 3892 et
223 3839 347 3893 sine
373 3838 664 3905 electione,
713 3847 769 3892 et
795 3854 916 3892 cum
953 3838 1242 3891 electione.
1271 3835 1404 3888 Nam
1435 3851 1552 3888 om-

35 3945 87 3982 les
108 3931 315 3998 quidem
355 3931 450 3999 qui
495 3945 593 4000 per
637 3930 794 3984 ﬁdem
847 3930 1151 3992 salvantur,
1187 3944 1284 3997 per
1327 3928 1550 3997 gratiam

38 4022 102 4075 ine
126 4024 284 4078 dubio
321 4023 606 4077 salvantur
652 4043 666 4078 :
710 4024 801 4091 qni
834 4033 1016 4074 autem
1047 4038 1145 4090 per
1177 4040 1194 4071 ι
1229 4022 1549 4074 electionem

35 4116 159 4174 gratiae
213 4136 231 4168 ι
286 4117 596 4180 salvantur,
648 4115 990 4183 perfectioris
1041 4113 1152 4186 (90)
1195 4114 1389 4167 anima:
1421 4113 1550 4164 mihi

38 4205 223 4259 'idenlur
254 4207 500 4261 ostendi.
538 4207 693 4261 Sicut
733 4207 876 4260 enim
927 4205 1090 4260 Israel
1133 4205 1336 4260 dicitur
1375 4205 1553 4259 omnis

37 4295 82 4357 (ui
121 4297 396 4350 descendit
444 4297 510 4350 de
537 4311 741 4365 genere
771 4296 934 4350 Israel
977 4316 990 4349 :
1025 4296 1116 4350 ille
1160 4304 1342 4349 autem
1392 4310 1554 4348 verus

38 4392 143 4443 srael
167 4400 269 4457 est,
306 4391 402 4459 qui
437 4401 616 4443 tuente
659 4406 790 4458 pura
833 4399 889 4443 et
945 4391 1109 4443 corde
1161 4389 1378 4450 sincero
1409 4389 1554 4441 videt

38 4485 146 4535 leum
175 4505 187 4537 :
219 4486 294 4538 ita
338 4493 394 4538 et
421 4483 490 4536 de
513 4483 616 4536 hoc
650 4484 906 4552 accipere
934 4497 1222 4552 possumus
1250 4483 1389 4550 (91),
1409 4481 1551 4550 quod

1661 613 1876 666 dicetur
1919 611 2032 682 (9'2)
2069 628 2096 664 a
2131 612 2374 667 Christo.
2421 611 2661 679 Denique
2706 622 2756 666 et
2805 612 2917 682 ipse
2953 613 3231 680 apostolus

1660 705 1858 760 Paulus
1884 744 1901 769 ,
1945 707 1991 760 si
2025 707 2149 776 quis
2173 721 2296 759 eum
2334 707 2386 760 in
2428 706 2611 760 verbis
2650 706 2764 759 suis
2799 706 3089 775 diligenter
3130 707 3232 760 ob-

1660 809 1840 854 servet
1890 801 2038 853 videt
2081 804 2356 868 quomodo
2421 799 2730 869 hujusmodi
2791 799 3232 854 distinctionibus

1658 893 1868 957 utitur;
1919 892 2046 946 alibi
2083 893 2380 948 secundum
2431 908 2650 946 carnem
2686 894 2973 946 nominans
3025 891 3231 956 Israel,

1659 985 1786 1039 alibi
1834 1001 1998 1054 super
2027 1001 2092 1040 eo
2120 985 2305 1040 carnis
2348 987 2570 1039 omnino
2598 1001 2700 1039 non
2747 985 2956 1040 faciens
3004 986 3235 1039 mentio-

1659 1094 1804 1142 nem,
1828 1079 1970 1133 sicut
1999 1079 2049 1132 in
2079 1080 2332 1148 prtesenti
2371 1079 2490 1132 loco
2511 1119 2524 1142 ,
2558 1079 2648 1132 ubi
2673 1095 2794 1132 cum
2826 1079 3054 1141 diceret,
3105 1079 3233 1146 quia

1665 1191 1684 1224 ς
1732 1186 1836 1225 non
1868 1172 2064 1240 repulit
2109 1173 2251 1226 Deus
2288 1173 2498 1242 plebem
2541 1189 2716 1238 suam,
2767 1191 2786 1224 ι
2818 1184 2872 1227 et
2899 1172 3230 1226 nobilitatem

1656 1264 1971 1321 Israelitica:
2006 1265 2202 1318 animae
2231 1265 2395 1318 vellet
2436 1279 2708 1333 exponere
2734 1303 2748 1326 ,
2797 1264 2874 1316 ait
2903 1281 2916 1316 :
2967 1281 2983 1313 ι
3015 1261 3149 1315 Nam
3177 1270 3234 1315 et

1656 1375 1756 1430 ego
1783 1361 2021 1416 Israelita
2046 1378 2186 1416 sum.
2232 1381 2250 1414 ›
2288 1361 2345 1416 In
2371 1363 2605 1417 secunda
2634 1378 2764 1416 vero
2803 1364 2869 1416 ad
2895 1361 3230 1426 Corinthios,

1656 1455 1746 1507 ubi
1781 1455 2100 1523 quibusdam
2123 1455 2190 1510 de
2222 1454 2529 1508 Israelitico
2561 1470 2759 1524 genere
2781 1455 3074 1508 secundum
3105 1469 3232 1506 car-

1657 1559 1779 1598 nem
1809 1545 2168 1614 gloriantibns
2201 1547 2412 1614 cogitur
2435 1546 2784 1616 respondere,
2814 1547 2936 1599 vide
2957 1562 3076 1614 qua:
3096 1559 3232 1613 pne-

1657 1635 1805 1690 misit
1838 1654 1852 1688 :
1891 1656 1909 1686 ‹
1953 1636 2082 1702 Qua:
2106 1637 2314 1706 loquor,
2341 1638 2538 1706 inquit,
2583 1654 2686 1691 non
2733 1637 3026 1691 secundum
3060 1635 3228 1689 Deum

1657 1725 1873 1796 loquor,
1907 1729 1999 1782 sed
2039 1731 2192 1797 quasi
2234 1730 2284 1782 in
2331 1731 2636 1798 insipientia
2685 1731 2735 1783 in
2783 1731 2883 1783 hac
2926 1729 3227 1783 substantia

1661 1819 1956 1889 gloriandi.
1987 1820 2253 1886 Quoniam
2281 1822 2495 1890 quidem
2523 1823 2673 1876 multi
2702 1823 3005 1890 gleriantur
3028 1836 3225 1874 secun-

1661 1912 1784 1964 dum
1817 1927 2076 1978 carnem;
2112 1924 2168 1965 et
2214 1928 2315 1981 ego
2360 1913 2637 1980 gloriabor
2666 1915 2734 1967 ⁸⁸.
2788 1933 2806 1964 ›
2851 1913 2918 1966 Ει
2959 1922 3082 1979 post
3127 1912 3231 1965 ali-

1660 2013 1861 2072 quanta
1883 2006 2049 2060 dicit:
2089 2023 2106 2055 r
2145 2004 2351 2058 Hebraei
2378 2017 2527 2069 sunt,
2561 2017 2615 2060 et
2643 2022 2770 2076 ego;
2801 2005 3062 2060 Israelita:
3079 2013 3229 2065 sunt,

1659 2105 1713 2147 et
1747 2110 1884 2163 ego;
1931 2109 2114 2149 semen
2150 2096 2382 2149 Abraha:
2408 2110 2577 2160 sunt,
2609 2108 2664 2150 et
2685 2113 2785 2165 ego
2811 2098 2876 2149 9°.
2920 2117 2937 2147 ›
2974 2095 3064 2148 Sic
3099 2111 3232 2164 ergo

1662 2186 1748 2238 ubi
1788 2188 1852 2239 de
1886 2186 2049 2240 Israel
2077 2188 2430 2256 loquebatur,
2473 2190 2561 2242 illo
2594 2189 2856 2242 interiore
2883 2189 3100 2240 homine
3125 2193 3232 2248 (ta-

1661 2275 1725 2328 lis
1749 2278 1892 2329 enim
1921 2291 2005 2331 eSt
2029 2278 2182 2344 plebs
2230 2280 2317 2331 illa
2349 2296 2508 2346 quam
2548 2281 2817 2347 praescivit
2851 2280 3011 2342 Deus,
3043 2290 3097 2331 et
3126 2295 3230 2330 nott

1662 2369 1876 2436 repulit)
1909 2409 1924 2432 ,
1971 2387 2076 2422 non
2111 2370 2245 2422 dicit
2284 2389 2302 2420 c
2349 2374 2646 2424 secundum
2692 2387 2912 2425 carnem
2961 2391 2980 2422 ι
3021 2369 3228 2432 Israel;

1661 2462 1726 2514 ad
1759 2477 1854 2515 eos
1877 2477 2004 2515 vero
2040 2464 2140 2530 qui.
2169 2463 2220 2516 in
2249 2464 2430 2516 carnis
2470 2478 2667 2532 genere
2690 2463 3064 2532 gloriabantur
3091 2478 3229 2530 prte-

1660 2555 1824 2618 misit,
1848 2554 1991 2621 quod
2020 2554 2086 2607 de
2109 2554 2413 2622 lmjusmodi
2439 2555 2763 2624 gloriatione
2785 2570 2958 2623 neque
2985 2573 3002 2606 ι
3041 2571 3235 2609 secun-

1661 2643 1788 2696 dutn
1837 2645 2003 2698 Deum
2051 2664 2069 2696 ι
2105 2645 2440 2713 loqueretur,
2479 2661 2654 2712 neque
2696 2645 2744 2697 in
2775 2645 3078 2711 sapientia;
3113 2645 3230 2707 sed,

1660 2745 1720 2789 ut
1748 2738 1861 2804 ipse
1893 2737 2067 2800 dicit,
2117 2755 2136 2788 ι
2172 2737 2224 2790 in
2269 2737 2602 2806 insipientia.
2654 2756 2673 2788 ι
2722 2737 2884 2790 Tales
2930 2747 3058 2790 sunt
3099 2751 3230 2804 ergo

1665 2847 1683 2880 ι
1722 2828 1966 2895 reliquiae
2021 2847 2038 2880 ι
2090 2844 2209 2898 qua:
2261 2847 2278 2877 c
2318 2829 2617 2881 secundum
2666 2827 2990 2881 electionem
3041 2827 3230 2894 gratia:

1657 2921 1820 2975 salva:
1845 2921 2000 2975 facta:
2041 2930 2184 2975 sunt.
2221 2939 2239 2972 ι
2282 2919 2346 2973 Ει
2372 2921 2575 2974 addidit
2606 2939 2618 2973 :
2652 2939 2670 2970 ‹
2707 2920 2762 2974 Si
2805 2928 2986 2973 autem
3019 2919 3227 2988 gratia,

1653 3017 1764 3082 jam
1816 3030 1920 3066 non
1968 3029 2033 3067 ex
2082 3013 2358 3082 operibus.
2405 3032 2424 3064 ι
2469 3011 2758 3066 Sciendum
2792 3021 2874 3066 est
2914 3027 3078 3079 opera
3109 3027 3230 3078 qua:

1658 3104 1858 3158 Paulus
1888 3105 2157 3172 repudiat,
2202 3115 2259 3159 et
2285 3105 2606 3174 frequenter
2630 3106 2921 3171 vituperat,
2957 3119 3064 3157 non
3109 3118 3230 3157 esse

1655 3212 1817 3266 Opera
1853 3197 2083 3266 iustitiae
2117 3213 2235 3266 quat
2267 3198 2596 3251 mandantur
2628 3197 2682 3250 in
2719 3198 2860 3265 lege,
2888 3197 2982 3249 sed
3009 3210 3068 3247 ea
3106 3195 3229 3264 qui-

1654 3289 1772 3341 dem
1807 3289 1858 3342 in
1882 3291 2079 3359 quilms
2121 3291 2174 3344 hi
2210 3291 2305 3360 qui
2337 3291 2637 3344 secundum
2665 3304 2884 3343 carnem
2931 3288 3100 3356 legem
3134 3303 3230 3341 cu-

1653 3381 1919 3444 stodiunt,
1947 3381 2271 3449 gloriantur,
2313 3381 2363 3435 id
2393 3391 2497 3442 est,
2529 3383 2610 3433 vel
2641 3379 2986 3434 circumcisio
3027 3379 3228 3442 carnis,

1653 3470 1736 3522 vel
1771 3471 2163 3526 sacriﬁciorum
2207 3471 2366 3535 ritus,
2409 3472 2492 3526 vel
2519 3469 2832 3525 observatio
2879 3468 3228 3522 sabbatorum

1653 3573 1708 3616 et
1741 3565 2175 3618 neomeniarum.
2219 3565 2344 3619 Iltec
2376 3575 2429 3618 et
2470 3563 2779 3632 huiusmodi
2808 3578 2940 3634 ergo
2974 3562 3230 3634 (95)sunt

1655 3668 1818 3721 opera
1849 3669 1914 3706 ex
1938 3653 2136 3721 quibus
2156 3655 2288 3708 dicit
2308 3657 2577 3710 neminem
2601 3656 2838 3723 potuisse
2855 3655 3074 3715 salvari,
3093 3654 3232 3708 etde

1654 3745 1850 3810 quibus
1874 3745 1926 3797 in
1947 3745 2192 3812 praesenti
2213 3745 2329 3799 loco
2351 3747 2504 3807 dicit,
2521 3746 2645 3814 quia
2665 3764 2682 3795 ι
2712 3759 2818 3798 non
2841 3759 2907 3797 ex
2932 3742 3227 3810 operibus:

1655 3837 1894 3904 alioquin
1929 3838 2100 3905 gratia
2125 3876 2138 3900 ,
2161 3837 2272 3904 jam
2308 3853 2414 3889 non
2449 3836 2508 3888 ﬁt
2554 3835 2754 3904 gratia.
2796 3852 2814 3884 ι
2861 3832 2916 3887 Si
2951 3833 3094 3886 enim
3132 3847 3230 3901 per

1656 3925 1768 3980 lucc
1798 3929 1922 3997 quis
1943 3927 2297 3996 justiﬁcatur,
2325 3941 2429 3978 non
2453 3925 2622 3994 gratis
2641 3923 2995 3990 justiﬁcatur.
3013 3921 3113 3986 Qui
3133 3937 3228 3973 au-

1656 4035 1767 4079 tein
1795 4038 1892 4090 per
1923 4019 2156 4090 gratiam
2185 4017 2541 4086 justiﬁcatur,
2576 4016 2676 4066 ista
2717 4014 2932 4082 quidem
2965 4027 3128 4080 Opera
3161 4013 3230 4065 ab

1654 4131 1718 4170 eo
1745 4113 2335 4180 minimequzeruntur;
2378 4109 2470 4161 sed
2497 4106 2790 4160 observare
2833 4105 2993 4157 debet
3032 4119 3100 4158 ne
3137 4119 3229 4157 ac—

1655 4221 1808 4280 cepta
1848 4207 2019 4279 gratia
2053 4204 2229 4258 inanis
2262 4201 2357 4255 ﬁat
2385 4202 2437 4254 in
2466 4216 2554 4262 eo,
2579 4201 2720 4252 sicut
2743 4208 2796 4250 et
2822 4195 3025 4250 Paulus
3049 4197 3219 4254 dicit.

1655 4299 1814 4370 631
1848 4297 1971 4364 quia
2008 4312 2026 4345 ε
2062 4292 2232 4363 gratia
2282 4289 2398 4354 ejus
2434 4289 2486 4342 in
2514 4302 2598 4339 me
2622 4286 2802 4338 inanis
2829 4299 2934 4337 non
2979 4282 3103 4346 fuit,
3137 4281 3229 4336 sed

1657 4389 1887 4458 amplius
1904 4402 2066 4456 quam
2085 4398 2272 4439 omnes
2291 4381 2362 4435 illi
2385 4379 2621 4433 laboravi
2640 4379 2708 4433 ".
2737 4399 2754 4430 i
2789 4379 2854 4431 Et
2875 4379 3068 4430 iterum
3084 4374 3234 4428 addit

1658 4491 1914 4548 tanquam
1937 4493 2146 4532 memor
2175 4475 2402 4546 gratiae:
2441 4492 2459 4523 ε
2485 4472 2597 4526 Νοιι
2627 4487 2748 4540 ego,
2774 4491 2792 4524 ι
2847 4470 3044 4538 inquit,
3089 4487 3109 4520 ι
3134 4469 3229 4523 sed

38 4588 166 4628 mnes
194 4575 417 4644 quidem
450 4576 540 4645 qui
585 4574 649 4627 ad
698 4574 859 4628 ﬁdem
908 4573 1137 4628 veniunt
1182 4573 1382 4628 Christi
1413 4611 1428 4634 ,
1457 4587 1554 4639 per
1590 4596 1630 4649 ο
1660 4573 1834 4644 gratia
1868 4572 1961 4626 Dei
1988 4585 2254 4624 mecum.»
2287 4566 2404 4620 Non
2442 4565 2571 4619 facit
2595 4581 2725 4635 ergo
2751 4565 2963 4616 inanem
2995 4563 3229 4630 gratiam

40 4665 202 4718 :ratiam
229 4666 464 4719 veniunt
492 4683 505 4717 :
541 4666 631 4733 qui
670 4680 799 4718 vero
846 4664 1045 4716 donum
1077 4663 1265 4730 gratize
1291 4664 1546 4732 operibus

39 4753 192 4808 'irtutis
215 4766 268 4810 et
295 4758 538 4826 puritate
567 4756 750 4808 cordis
781 4765 1005 4808 exornat
1034 4796 1049 4815 ,
1095 4757 1196 4809 iste
1242 4772 1347 4807 tton
1374 4755 1544 4808 solum

73 4866 245 4921 “Luc.
278 4885 320 4932 ι,
353 4869 443 4922 17.
540 4869 584 4899 δ’
619 4868 806 4921 Matth.
845 4883 921 4932 xt,
964 4869 1064 4931 14,
1102 4869 1188 4922 15.

39 4936 84 4988 l6.
147 4941 186 4968 ³⁷
214 4939 352 4994 Gen.
388 4955 446 4998 tt.
483 4942 535 4993 2.
614 4939 659 4969 ⁸⁸
685 4938 874 4991 Matth.
905 4956 980 5004 tt,
1013 4939 1207 4997 28.9.9.

76 5027 165 5095 (86)
195 5030 334 5083 Editi
358 5072 372 5092 ,
413 5048 432 5079 ‹
478 5032 602 5098 quia
646 5031 698 5084 in
734 5032 1021 5098 Spiritu....
1059 5041 1117 5084 ut
1147 5047 1250 5085 non
1283 5049 1375 5088 eos
1405 5033 1550 5086 dice-

123 5101 248 5216 lillios
295 5101 627 5155 Abraha:....
678 5103 743 5156 de
791 5101 1056 5170 lapidibus
1107 5102 1372 5158 suscitare
1414 5104 1555 5158 lilios

71 5184 131 5217 Τῖὶ
156 5188 274 5217 ΙΖΙΙΙΙ-
314 5189 334 5217 )

71 5172 274 5222 il’flilillll.
314 5189 334 5220 ι

71 5237 171 5315 (87)
202 5239 732 5315 Editi,ﬂc_Septimus
763 5259 1042 5297 numerus.
1085 5262 1104 5292 ι
1146 5242 1365 5307 Deinde,
1395 5261 1414 5294 ε
1461 5241 1558 5296 Se-

41 5311 152 5358 ttitna
178 5311 319 5362 enim
353 5313 460 5374 dic,
506 5331 524 5363 ι
563 5323 669 5368 etc.

81 5379 170 5445 (‘88)
198 5379 305 5460 .Sic
343 5398 533 5460 attines
556 5400 685 5438 mss.
719 5383 911 5437 nostri.
956 5382 1097 5436 Editi
1133 5398 1260 5436 vero
1291 5392 1344 5436 et
1374 5380 1558 5436 Raba-

42 5460 124 5503 tus.
152 5468 166 5497 r
198 5453 458 5505 inveniet.
493 5472 511 5502 ι

84 5517 284 5591 (89)”Sic
312 5531 461 5574 recte
506 5538 634 5575 mss.
675 5523 935 5591 plerique.
974 5521 1228 5576 Rabanns
1253 5538 1403 5586 vero,
1454 5539 1555 5575 ms.

44 5599 137 5640 inus
167 5588 362 5653 Regius
385 5609 539 5644 nunt.
579 5588 706 5647 lli/tl
749 5606 801 5646 et
833 5588 992 5653 editi,
1025 5613 1041 5643 ί
1084 5595 1195 5646 lucc
1235 5595 1365 5646 Inibi
1406 5595 1558 5644 vide-

44 5670 95 5708 .ur
118 5661 372 5730 superﬂua
405 5677 527 5716 esse
553 5664 837 5716 electionis
868 5663 1123 5730 adjectio.
1168 5683 1184 5713 ›
1223 5675 1270 5716 et
1290 5681 1328 5715 ξ.
1356 5662 1559 5716 Deinde

44 5739 106 5802 as.
136 5729 326 5799 Regius
354 5748 503 5788 num.
544 5733 703 5800 I659,
742 5753 759 5784 ‹
789 5744 844 5787 et
869 5729 986 5786 sine
1014 5734 1276 5787 electione
1305 5749 1423 5787 esse
1443 5735 1554 5786 ele-

43 5804 243 5853 1110118111.
293 5819 311 5851 1

87 5867 355 5946 (90iliecte
383 5887 484 5928 ms.
513 5871 714 5943 Regius
742 5890 886 5930 num.
919 5873 1075 5938 I659,
1104 5892 1120 5924 ι
1147 5871 1502 5942 perfectioris.
1530 5889 1550 5922 ι

1281 4870 1328 4900 ⁸³
1364 4869 1548 4922 Matth.
1590 4868 1726 4933 ttt,7,
1754 4866 1806 4919 9.

1283 4940 1330 4970 δ’
1356 4936 1396 4991 Il
1418 4939 1542 4993 Cor.
1581 4954 1656 5004 ιι,
1693 4938 1780 5001 17,
1811 4935 1898 4989 18.

1660 4663 1750 4718 ille
1775 4664 1864 4731 qui
1899 4662 2062 4731 digna
2087 4660 2136 4712 ei
2171 4659 2336 4726 opera
2371 4655 2672 4726 subiungit,
2701 4666 2754 4708 et
2780 4653 2969 4723 gratia:
3005 4653 3095 4705 Dei
3124 4667 3230 4704 non

1653 4751 1871 4807 exsistit
1906 4751 2174 4819 ingratus.
2219 4747 2319 4814 Qui
2365 4747 2510 4800 enim
2563 4755 2684 4812 pOst
2721 4751 3062 4797 consecutam
3107 4755 3228 4810 gra-

1902 4863 2416 4988 8‘300a3_hx;é,189.‘
2458 4857 2931 4984 ,δὲἰοειξῧιίυἳλ
3025 4855 3072 4886 ⁸⁵
3098 4853 3226 4907 ibid.

2049 4951 2061 4987 t
2108 4951 2118 4986 t
2163 4974 2175 4985 .
2283 4973 2296 4986 .
2560 4946 2640 4986 or.
2743 4968 2759 4988 .
2860 4963 2876 4981 .

2049 4946 2175 4988 tbtd.
2204 4946 2296 4986 ‘22.
2374 4946 2416 4963 "
2458 4946 2476 4982 ι
2517 4946 2640 4986 Cor.
2669 4946 2759 4992 xv.
2794 4946 2876 4981 ιυ.

1659 5030 1848 5085 Caeteri
1892 5045 2022 5082 vero
2072 5044 2202 5082 mss.
2250 5027 2504 5081 Rabanus
2555 5034 2610 5080 et
2668 5023 2839 5086 editi,
2897 5033 3227 5090 perperam,

1668 5121 1686 5153 ι
1720 5101 2089 5170 perfectiores.
2129 5119 2147 5149 ι

1735 5171 1845 5239 (91)
1881 5169 2046 5233 Editi,
2086 5186 2103 5217 ‹
2153 5177 2207 5222 et
2250 5168 2351 5222 hoc
2393 5165 2637 5232 accipere
2678 5175 3000 5232 possumus,
3042 5177 3061 5211 ›
3094 5168 3227 5227 etc.,

1662 5242 1866 5295 omisso
1899 5258 1915 5289 ι
1963 5241 2056 5292 ita.
2090 5257 2108 5290 ι

1738 5310 1848 5379 (9‘2)
1876 5310 2014 5362 Editi
2041 5351 2055 5372 ,
2094 5327 2112 5357 ‹
2146 5315 2435 5368 exornant,
2470 5305 2570 5379 isti
2595 5319 2700 5379 non
2734 5299 3228 5379 solttm.:._salvari

1667 5371 1940 5433 dicuntur.
1994 5371 2270 5431 rbi-inde
2333 5393 2461 5428 mss.
2523 5375 2762 5442 plerique
2814 5383 2866 5423 et
2933 5371 3230 5442 “abantis,

1673 5469 1691 5500 ι
1730 5451 1850 5502 vide
1880 5470 1896 5500 ι
1947 5449 2072 5512 (nis.
2108 5447 2305 5513 Regius
2351 5463 2496 5501 lllllll.
2523 5435 2688 5498 ’1659⁷
2711 5452 2764 5495 et
2797 5443 2964 5506 editi,
3000 5461 3019 5493 ι
3062 5435 3228 5512 videt)

1668 5521 1931 5588 quomodo
1961 5517 2260 5583 ltujusntodi
2285 5515 2751 5588 distitit-tionibus,
2788 5532 2806 5564 ι
2838 5522 2947 5588 _etc_.

1740 5589 1849 5659 (95)
1890 5607 1908 5638 ι
1949 5579 2087 5656 Ergo
2138 5607 2154 5637 ι
2204 5586 2476 5639 omittitur
2524 5585 2576 5659 i_n
2626 5584 2804 5659 editis.
2838 5581 3037 5659 Deinde
3065 5579 3230 5659 iidem

1667 5649 1796 5713 editi
1828 5649 1878 5712 et
1910 5649 2304 5724 tussrqnidatn,
2356 5676 2372 5706 ι
2426 5665 2479 5708 et
2515 5656 2582 5708 de
2611 5653 2805 5723 quibus
2831 5651 2898 5724 in
2947 5653 3083 5724 ipso_
3111 5649 3235 5724 loco

1663 5731 1816 5791 dicit,
1856 5748 1874 5780 ι
1909 5738 2037 5790 etc.,
2088 5718 2180 5780 sed
2221 5744 2322 5779 ms.
2363 5726 2560 5793 Regius
2590 5718 2738 5780 nutu.
2782 5723 2920 5779 1659
2963 5718 3018 5776 et
3046 5718 3228 5775 Raba-

1666 5817 1789 5864 nus,
1820 5800 2040 5861 rectius,
2073 5808 2127 5852 ut
2162 5799 2212 5850 in
2244 5806 2430 5852 nostro
2457 5805 2628 5850 textu.
