3766 6568
500 425 636 484 H79

1949 419 2293 490 ORIGEMS‘:

3584 420 3688 476 tm
3746 401 3747 430 ³

496 555 624 596 nam
673 548 886 611 peccat,
916 539 1162 610 ingratus
1193 537 1252 595 lit
1280 537 1328 595 ei
1382 541 1472 610 qui
1535 541 1788 610 praestitit
1815 543 2063 611 gratiam.
2095 552 2143 607 Α
2169 541 2342 610 pturis
2369 539 2586 608 divinis,
2617 538 2664 594 si
2703 538 2975 595 invenerit
3012 538 3346 594 manifestet.
3380 538 3514 595 Puto
3548 550 3687 596 lamen

493 635 552 688 Si
586 641 766 687 autem
803 647 911 687 non
943 633 1161 687 inanem
1203 631 1402 688 feceris
1431 635 1660 702 gratiam
1684 673 1701 698 ,
1734 633 2060 703 multiplica-

491 725 643 778 bitur
669 725 763 778 tibi
792 725 990 795 gratia,
1019 733 1074 778 et
1112 735 1368 793 tanquam
1393 726 1697 779 mercedem
1730 726 1854 780 boni
1880 727 2060 795 operis

491 819 790 886 gratiarum
828 816 1224 870 multitudinem
1258 817 1632 884 consequeris,
1665 817 1810 872 sicut
1859 829 1914 872 et
1945 819 2060 888 ipse

489 910 704 974 seribit,
746 919 800 963 et
835 908 1031 963 Petrus
1082 910 1134 962 in
1192 909 1432 978 Epistola
1478 924 1574 962 sua
1610 910 1786 964 dicit:
1827 927 1845 961 ι
1873 909 2057 964 Gratia

486 1003 648 1054 Vobis
687 1011 741 1054 et
798 1015 901 1068 pax
959 999 1355 1065 multiplicetur
1404 999 1515 1072 (94)
1582 1001 1635 1054 in
1689 1001 2060 1070 recognitione

495 1095 587 1146 Dei
619 1093 692 1158 ";
732 1110 751 1144 ι
783 1101 837 1146 et
880 1091 1074 1145 iterum
1107 1091 1237 1144 alibi
1271 1108 1286 1144 :
1320 1108 1338 1142 ι
1373 1090 1444 1145 Ut
1484 1091 1611 1146 boni
1661 1092 2060 1162 dispensatores

493 1181 810 1250 multiplicis
849 1181 1039 1250 gratiae
1073 1179 1166 1233 Dei
1189 1179 1256 1232 ⁸⁸.
1279 1198 1298 1230 ι

563 1277 615 1329 8.
655 1293 672 1324 ‹
697 1275 834 1341 Quid
882 1289 1010 1343 ergo
1046 1273 1171 1328 est?
1215 1272 1368 1339 Quod
1417 1273 1700 1343 qumrebat
1729 1273 1924 1341 Israel,
1957 1275 2059 1329 hoc

493 1383 600 1421 non
631 1376 714 1421 εει
754 1375 1076 1420 ροιιεθωιυε
1108 1382 1122 1419 ἶ
1162 1365 1358 1420 electio
1402 1375 1584 1420 autem
1615 1377 1905 1422 CORSBCUIR
1933 1377 2056 1422 εειε

492 1460 676 1514 caeteri
703 1475 829 1514 vero
855 1459 1110 1514 exczecati
1145 1466 1299 1522 sunt;
1334 1459 1476 1513 sicut
1505 1459 1764 1528 scriptum
1796 1469 1881 1515 est
1911 1477 1925 1514 :
1957 1459 2061 1514 De-

492 1552 574 1605 dit
613 1551 721 1604 illis
752 1551 894 1605 Deus
936 1551 1189 1620 spiritum
1233 1551 1668 1618 contpunetionis
1696 1550 1841 1620 (95);
1875 1552 2059 1606 oculos

492 1656 682 1698 utnon
719 1645 952 1708 videant,
980 1653 1034 1698 et
1078 1657 1234 1696 aures
1283 1653 1340 1696 ut
1375 1659 1480 1697 non
1531 1643 1776 1708 audiant,
1802 1659 1971 1713 usque
2004 1646 2057 1699 in

493 1737 808 1790 hodiernum
837 1736 996 1789 diem.
1021 1733 1086 1788 Et
1113 1735 1278 1788 David
1313 1735 1480 1788 dicit:
1518 1734 1640 1788 Fiat
1665 1751 1848 1790 mensa
1873 1753 2056 1791 eorum

492 1825 546 1878 in
583 1825 853 1893 laqueum,
885 1837 939 1878 et
971 1826 1020 1877 in
1054 1827 1383 1894 captionem,
1425 1835 1478 1878 et
1509 1826 1562 1879 in
1613 1827 1956 1895 scandalum,
2006 1839 2060 1882 et

2166 633 2271 688 hoc
2299 632 2456 687 modo
2491 632 2693 687 dixisse
2721 632 3036 702 Apostolum
3069 650 3084 686 :
3119 650 3139 682 ‹
3167 631 3364 686 Caeteri
3403 647 3530 686 vero
3552 648 3687 686 exca-

2167 724 2275 778 eati
2305 731 2463 788 sunt;
2502 734 2559 777 et
2586 724 2727 777 sicut
2755 723 3018 792 scriptum
3051 731 3136 777 est
3159 723 3225 776 de
3262 724 3346 778 eis
3375 737 3392 776 :
3432 723 3581 776 Dedit
3612 725 3691 778 illis

2167 815 2312 869 Deus
2343 815 2590 882 spiritum
2635 814 3104 882 compunctionis;
3137 833 3157 865 ι
3195 824 3255 867 ιιι
3294 814 3410 868 suis
3443 816 3608 868 verbis
3634 816 3692 867 dio

2166 921 2292 962 cere
2317 907 2563 960 videatur
2595 906 2818 966 dedisse
2855 905 2937 960 eis
2988 906 3156 960 Deum
3187 904 3262 975 (2)
3297 905 3548 974 spiritum
3579 922 3692 960 com-

2166 998 2494 1066 punctionis,
2523 997 2819 1051 secundum
2844 1011 2906 1052 ea
2935 1011 3054 1066 qua:
3077 997 3142 1051 de
3164 997 3410 1051 eaacitate
3430 997 3692 1060 oculorum,

2167 1100 2220 1143 et
2254 1091 2438 1143 auditu
2471 1091 2681 1143 auriunt
2706 1105 2804 1159 per
2832 1089 3024 1144 Isaiam
3055 1089 3199 1144 dicta
3221 1097 3366 1144 sunt.
3397 1089 3564 1143 Isaias
3585 1092 3692 1143 enim

2167 1181 2238 1234 ita
2273 1180 2403 1234 dicit
2432 1197 2446 1234 :
2482 1197 2502 1231 ε
2533 1181 2704 1246 Vade,
2746 1188 2802 1234 et
2832 1180 2918 1237 dic
2964 1180 3160 1251 populo
3191 1182 3320 1234 huic
3351 1199 3364 1234 :
3398 1181 3594 1234 Audita
3624 1195 3694 1233 aa-

2167 1273 2348 1336 dietis,
2384 1283 2438 1327 et
2466 1288 2569 1326 non
2616 1272 2968 1342 intelligetis:
2998 1283 3052 1327 et
3081 1273 3327 1328 videntes
3377 1274 3636 1336 videbitis,
3655 1285 3696 1327 et

2167 1379 2273 1417 non
2301 1363 2572 1418 videbitis.
2602 1365 2966 1418 Incrassatum
3001 1373 3085 1418 est
3109 1364 3253 1418 enim
3281 1379 3384 1418 eor
3413 1365 3584 1434 populi
3618 1365 3697 1418 hu-

2161 1455 2270 1522 jus,
2303 1465 2356 1507 et
2386 1454 2607 1508 auribus
2655 1454 2769 1508 suis
2810 1453 3051 1524 graviter
3102 1455 3438 1508 audierunt:
3477 1454 3698 1508 etoctdo.

2166 1559 2292 1598 suos
2327 1544 2659 1606 clauserunt,
2688 1560 2754 1600 ne
2781 1546 2921 1599 forte
2947 1545 3166 1599 videant
3199 1545 3392 1609 oculis,
3434 1555 3493 1600 et
3517 1547 3699 1599 auribus

2167 1637 2410 1700 audiant,
2460 1646 2516 1690 et
2549 1639 2717 1691 corde
2771 1637 3094 1706 intelligant,
3146 1645 3201 1690 et
3241 1647 3703 1702 convertantur,et

2167 1744 2352 1783 sanem
2384 1742 2478 1782 eos
2507 1728 2576 1781 ’⁸.
2603 1746 2623 1780 ι
2656 1729 2806 1782 Nunc
2834 1743 2964 1798 ergo
2996 1726 3071 1798 ('5)
3094 1742 3315 1782 sensum
3345 1728 3502 1782 Isaia:
3529 1729 3703 1782 videtur

2167 1819 2461 1889 Apostolus
2492 1820 2606 1873 suis
2645 1819 2864 1888 quidem
2895 1821 3238 1874 sermonibus
3283 1821 3606 1888 protulisse;
3629 1823 3701 1874 sed

492 1916 545 1968 in
583 1917 988 1968 retributionem
1025 1913 1149 1968 illis.
1184 1914 1559 1968 Obscurentur
1590 1915 1732 1969 oculi
1772 1931 1957 1969 eorum
1990 1932 2056 1972 ne
2090 1912 2131 1967 B
2161 1913 2284 1981 quia
2331 1912 2608 1982 propheta!
2646 1926 2866 1965 sensum
2908 1911 3142 1977 dicebat,
3174 1912 3459 1966 addidisse
3490 1931 3505 1966 :
3533 1930 3551 1963 ι
3581 1913 3704 1965 Sicut

488 2008 734 2071 videant,
786 2016 840 2060 et
879 2008 1098 2060 dorsum
1135 2006 1350 2060 illorum
1399 2021 1616 2075 semper
1671 2007 1893 2062 incurva
1929 2007 1998 2061 ’⁵.
2036 2027 2056 2061 ι

491 2098 551 2153 In
588 2099 672 2152 his
693 2099 978 2167 Apostolus
1003 2099 1164 2153 Israel
1194 2099 1246 2152 in
1283 2099 1417 2153 duas
1445 2099 1637 2153 dividit
1667 2109 1849 2168 partes
1884 2116 2062 2170 :qua-

493 2203 613 2241 rum
677 2203 837 2241 unam
889 2189 1208 2242 electionem
1257 2198 1436 2254 vocat,
1475 2203 1594 2257 quae
1647 2200 1937 2244 consecuta
1991 2191 2064 2246 sit

489 2277 635 2346 quod
664 2279 978 2346 quaerebat;
1012 2278 1172 2331 aliam
1199 2289 1426 2333 caeteros
1452 2279 1684 2347 appellat
1707 2282 1797 2350 qui
1833 2297 1938 2335 non
1967 2297 2057 2336 so-

491 2371 602 2422 lum
625 2369 905 2424 consecuti
938 2385 1044 2424 non
1073 2380 1198 2425 sunt
1226 2372 1367 2439 quod
1397 2372 1731 2440 quaerebant,
1761 2373 1857 2427 sed
1886 2387 2058 2427 excae-

493 2460 602 2511 cati
661 2467 790 2512 sunt
849 2459 1044 2528 spiritu
1112 2461 1566 2528 compunctionis.
1633 2462 1841 2528 Quibus
1897 2463 2061 2518 etiam

494 2552 662 2604 Deum
693 2551 904 2605 dedisse
929 2551 1061 2605 dicit
1094 2570 1114 2603 ‹
1143 2552 1349 2619 oculos,
1384 2563 1443 2608 ut
1475 2569 1581 2608 non
1611 2554 1852 2620 videant,
1891 2566 1945 2609 et
1967 2572 2063 2609 au-

491 2657 582 2696 res
625 2652 684 2695 ut
723 2659 824 2695 non
857 2643 1117 2707 audiant,
1152 2660 1324 2714 usque
1368 2646 1418 2699 in
1466 2647 1783 2702 hodiernum
1835 2647 2000 2710 diem,
2038 2667 2057 2700 ι

489 2729 598 2788 hoc
645 2742 748 2798 est,
799 2749 970 2802 usque
1020 2736 1086 2788 ad
1138 2738 1662 2793 consummationem
1714 2740 1918 2794 saeculi.
1955 2738 2063 2794 Sed

487 2826 718 2894 qumstio
744 2825 898 2880 nobis
930 2835 1174 2881 movetur
1206 2830 1482 2896 quomodo
1511 2831 1578 2885 de
1603 2829 1744 2885 bono
1772 2833 1880 2888 Deo
1901 2833 2063 2899 digne

491 2919 693 2970 dictum
713 2916 956 2970 videatur
979 2918 1086 2990 (96)
1106 2920 1246 2989 quod
1262 2922 1374 2990 ipse
1391 2921 1598 2974 dederit
1645 2921 1830 2976 oculos
1848 2923 2064 2977 residuo

488 3006 653 3061 Israel
676 3007 872 3076 quibus
892 3024 995 3062 non
1023 3010 1222 3073 videat,
1248 3020 1303 3064 et
1325 3024 1484 3064 aures
1505 3011 1704 3080 quibus
1728 3026 1830 3064 non
1855 3012 2062 3065 audiat.

491 3100 559 3154 Et
581 3102 703 3155 vide
737 3116 803 3155 ne
824 3099 962 3154 forte
996 3100 1113 3155 haec
1148 3103 1318 3172 magis
1347 3102 1639 3157 retributio
1668 3103 1741 3156 sit
1776 3112 1831 3156 et
1857 3117 2063 3157 merces

493 3191 913 3256 incredulitatis,
926 3192 1219 3246 secundum
1235 3208 1294 3245 ea
1311 3208 1430 3262 quae
1445 3194 1494 3246 in
1513 3194 1882 3263 superioribus
1899 3209 2063 3264 expo-

487 3284 718 3348 suimus,
734 3286 820 3337 ubi
839 3283 1186 3354 dieitur(97),
1204 3285 1328 3352 quia
1349 3302 1367 3335 ι
1391 3300 1495 3338 non
1514 3285 1875 3354 probaverunt
1893 3288 2062 3342 Deum

493 3376 693 3427 habere
723 3374 774 3426 in
825 3374 1092 3441 notitiam,
1127 3374 1351 3427 tradidit
1391 3388 1485 3428 eos
1517 3375 1656 3428 Deus
1687 3376 1738 3428 iu
1775 3379 2063 3445 reprobum

489 3481 709 3518 sensum
733 3466 802 3519 ³⁸.
827 3484 848 3518 »
877 3466 944 3520 Et
971 3465 1057 3520 hic
1079 3465 1224 3520 enim
1243 3465 1430 3520 oculos
1449 3475 1504 3520 et
1532 3483 1693 3522 aures
1722 3470 1925 3533 cordis,
1959 3485 2063 3524 non

495 3557 744 3623 corporis
791 3556 941 3620 dicit,
986 3558 1184 3626 quibus
1223 3557 1482 3612 excmcati
1518 3569 1644 3612 sunt
1696 3559 1804 3631 (98)
1856 3570 1910 3615 et
1957 3577 2062 3616 non

486 3646 718 3700 audiunt
747 3648 799 3702 hi
829 3650 1011 3720 utique
1036 3651 1127 3718 qui
1150 3649 1425 3704 Christum
1452 3651 1697 3706 videntes
1730 3654 1781 3705 in
1807 3667 2059 3723 corpore,

492 3747 546 3792 et
588 3739 864 3796 audientes
915 3742 1214 3796 doctrinam
1258 3740 1377 3810 ejus
1423 3741 1559 3813 (99),
1609 3758 1785 3812 neque
1837 3747 2062 3800 credere

488 3831 744 3899 operibus
767 3847 887 3901 quae
913 3833 1384 3903 videbant,neque
1405 3836 1570 3888 verbo
1595 3837 1736 3903 quod
1770 3835 2062 3892 audiebant

486 3922 714 3977 obedire
763 3923 1074 3980 voluerunt.
1116 3925 1312 3981 Verum
1364 3928 1431 3979 de
1462 3926 1566 3979 hac
1600 3926 1714 3994 ipsa
1759 3929 2062 3995 quaestione

489 4013 823 4072 sufﬁcienter
851 4033 880 4072 a
916 4019 1074 4073 nobis
1112 4020 1164 4073 in
1196 4021 1386 4090 primis
1419 4021 1576 4089 hujus
1605 4020 1860 4090 Epistolas
1887 4021 2060 4090 parti-

487 4103 590 4157 bus
639 4105 839 4159 dictum
886 4115 991 4161 est.
1045 4105 1146 4161 Ubi
1201 4117 1380 4161 tamen
1420 4107 1498 4178 (I)
1547 4109 1804 4177 scriptum
1854 4107 2060 4162 sithoc

489 4193 664 4262 ipsum
696 4195 839 4264 quod
868 4195 998 4250 dicit
1027 4196 1319 4266 Apustolus
1350 4213 1363 4250 :
1405 4215 1423 4248 ς
1454 4196 1607 4251 Sicut
1641 4198 1900 4265 scriptum
1928 4207 2011 4251 est
2039 4214 2054 4250 :

489 4285 646 4341 Dedit
674 4287 780 4342 illis
807 4287 948 4342 Deus
977 4289 1225 4357 spiritum
1277 4290 1731 4358 compunctionis,
1762 4288 1948 4343 oculos
2001 4298 2057 4343 ut

492 4393 600 4431 non
633 4379 874 4445 videant,
897 4390 952 4433 et
981 4396 1140 4436 aures
1173 4390 1231 4435 ut
1254 4396 1358 4435 non
1388 4383 1634 4446 audiant,
1673 4396 1842 4449 usque
1874 4381 1928 4435 in
1959 4381 2057 4436 Ito-

490 4471 738 4523 diernum
775 4470 952 4531 diem;
981 4490 1000 4523 ι
1035 4485 1133 4541 ego
1160 4473 1422 4527 hactenus
1468 4473 1712 4527 invenire
1747 4488 1852 4527 non
1880 4473 2052 4542 potui.

2161 2005 2430 2071 scriptum
2461 2013 2565 2058 est.
2601 2023 2619 2056 3
2660 2003 2928 2057 Similiter
2952 2014 3131 2058 autem
3163 2013 3219 2057 et
3247 2004 3315 2058 de
3343 2005 3434 2058 his
3466 2003 3591 2058 facit
3609 2019 3703 2072 quae

2163 2113 2259 2166 per
2294 2096 2456 2150 David
2488 2097 2630 2150 dicta
2653 2111 2778 2150 esse
2806 2097 3141 2164 pronuntiat.
3173 2096 3262 2149 Ait
3283 2097 3434 2151 enim
3467 2096 3542 2166 (ι)
3571 2115 3582 2148 :
3615 2115 3631 2145 ι
3655 2095 3706 2148 Et

2163 2190 2330 2243 David
2368 2189 2502 2244 dicit
2533 2203 2547 2240 ς
2582 2188 2703 2242 Fiat
2748 2204 2933 2243 mensa
2971 2204 3159 2242 eorum
3197 2190 3248 2242 in
3280 2188 3564 2258 laqueum,
3596 2188 3704 2242 etin

2161 2283 2487 2350 captionem,
2525 2290 2580 2334 et
2638 2287 2690 2335 in
2733 2281 3072 2344 scandalum,
3119 2292 3175 2336 et
3214 2282 3266 2335 in
3317 2281 3706 2334 retributionem

2162 2375 2291 2428 illis.
2318 2373 2696 2428 Obscureutur
2729 2373 2869 2427 oeuli
2899 2386 3092 2426 eorum
3132 2389 3202 2426 ne
3241 2373 3496 2436 videant,
3533 2381 3583 2425 et
3611 2373 3709 2423 dor-

2162 2477 2278 2514 sum
2313 2461 2526 2514 illorum
2578 2475 2791 2530 semper
2835 2462 3079 2516 incurva.
3112 2481 3131 2514 ι
3184 2462 3340 2527 Quod
3373 2464 3527 2515 enim
3563 2461 3708 2514 dicit:

2167 2572 2186 2603 ς
2217 2552 2337 2607 Fiat
2361 2568 2549 2607 mensa
2585 2567 2773 2608 eorum
2822 2554 2876 2606 in
2921 2554 3196 2622 laqueum,
3228 2564 3284 2608 et
3323 2555 3376 2607 in
3405 2555 3712 2623 captionem.

2161 2655 2215 2698 et
2247 2645 2298 2696 in
2333 2644 2680 2709 scandalum;
2724 2665 2742 2696 ι
2778 2645 2834 2698 in
2877 2646 3173 2714 captionem
3220 2646 3272 2698 in
3313 2644 3536 2700 Pssimo
3559 2647 3600 2677 "
3632 2662 3714 2699 non

2163 2733 2394 2787 habetur
2420 2734 2701 2803 scriptum,
2729 2749 2903 2803 neque
2938 2736 2993 2788 iit
3025 2735 3230 2789 nostris
3263 2735 3624 2803 Septuaginta
3643 2733 3715 2787 In-

2165 2833 2456 2892 terpretum
2490 2824 2915 2894 exemplaribus,
2946 2839 3122 2894 neque
3167 2827 3222 2880 in
3253 2826 3633 2882 Hebr-eorum.
3667 2826 3718 2880 Et

2165 2933 2376 2971 rursum
2407 2918 2461 2970 in
2512 2917 2728 2970 Psalmo
2781 2917 3013 2972 habetur
3048 2935 3062 2972 :
3105 2937 3122 2969 ι
3151 2917 3271 2972 Fiat
3318 2935 3517 2974 mensa
3556 2935 3747 2973 eorum

2164 3025 2350 3065 coram
2384 3011 2515 3080 ipsis
2544 3012 2594 3064 in
2620 3011 2870 3079 laqueum
2899 3027 2958 3067 ε»
2985 3010 3276 3080 Apostolus
3301 3024 3491 3067 autem
3518 3028 3616 3067 nea
3641 3028 3720 3082 po-

2163 3101 2274 3154 suit
2301 3117 2480 3153 coram
2507 3100 2654 3168 ipsis.
2707 3100 2832 3154 Hme
2863 3102 2931 3154 de
2963 3115 3274 3156 sermonum
3323 3102 3528 3158 ordine
3566 3113 3616 3157 et
3646 3118 3718 3154 as-

2165 3199 2504 3259 sumptorum
2536 3190 2972 3244 testimoniorum
2995 3189 3261 3260 qualitate
3292 3193 3720 3256 memoravimus,
3746 3233 3747 3246 χ

2090 3261 2132 3319 C
2168 3289 2222 3332 ut
2251 3281 2607 3334 ostendamus
2631 3294 2726 3347 per
2757 3281 2996 3350 singula,
3015 3285 3159 3352 quod
3193 3284 3505 3338 auctoritas
3531 3297 3720 3352 aposto-

2168 3371 2268 3426 lica
2322 3387 2662 3442 nequaquam
2703 3371 3049 3429 Hebraeorum
3112 3376 3529 3446 exemplaribus
3584 3376 3717 3431 ﬁdem

2166 3461 2316 3527 facit,
2348 3477 2448 3516 nec
2480 3462 2659 3518 verbis
2687 3477 2903 3533 semper
2927 3463 3284 3534 interpretum
3314 3468 3494 3520 servit
3518 3467 3614 3535 (5),
3644 3468 3720 3519 sed

2165 3553 2573 3621 Scripturarum
2609 3567 2829 3609 sensum
2864 3555 3045 3612 verbis
3093 3557 3290 3626 quibus
3335 3560 3608 3626 competit
3639 3573 3719 3610 cx-

2164 3644 2351 3714 plicat.
2386 3644 2539 3701 Nunc
2568 3660 2698 3717 ergo
2721 3647 3000 3702 videamus
3025 3649 3301 3716 quomodo
3328 3649 3608 3716 propositi
3641 3666 3718 3702 ca-

2164 3735 2318 3804 pituli
2372 3750 2563 3791 sensus
2591 3737 2784 3792 debeat
2821 3737 3123 3807 explanari.
3174 3735 3499 3792 Caecitatem
3542 3738 3717 3800 cordis,

2161 3841 2268 3894 qua
2304 3827 2545 3896 reliquus
2583 3827 2773 3894 Israel,
2810 3829 2909 3883 hoc
2942 3838 3047 3892 est,
3079 3830 3170 3898 qui
3213 3845 3320 3884 non
3363 3832 3624 3894 credidit,
3644 3846 3722 3882 cx-

2161 3928 2393 3973 easeatus
2416 3930 2523 3984 est,
2547 3920 2758 3974 duobus
2791 3921 3123 3990 propheticis
3155 3922 3496 3976 testimoniis
3526 3922 3720 3993 probat,
3746 3973 3747 3984 χ

2159 4009 2245 4064 vel
2284 4011 2428 4079 quod
2461 4027 2525 4066 ex
2554 4013 2713 4082 Isaia,
2746 4013 2832 4068 vel
2859 4014 3001 4083 quod
3025 4029 3091 4067 ex
3134 4015 3303 4068 David
3326 4014 3555 4068 videtur
3579 4013 3723 4085 632

2161 4114 2533 4174 assumptum;
2565 4116 2621 4160 et
2645 4107 2700 4160 in
2737 4117 2968 4175 utroque
2998 4119 3140 4160 unus
3177 4107 3592 4174 quodammodo
3613 4123 3722 4161 seno

2159 4213 2252 4251 sus
2277 4199 2567 4268 exponitur
2595 4198 2692 4269 (6).
2715 4200 2846 4254 Nam
2869 4201 3025 4254 etbic
3051 4199 3254 4255 oculi"
3281 4199 3365 4254 eis
3385 4201 3594 4254 dantur
3621 4201 3727 4269 qui-

2158 4290 2259 4344 bus
2293 4305 2398 4346 non
2426 4290 2666 4358 videant,
2699 4301 2752 4347 et
2796 4307 2956 4346 aures
3006 4293 3204 4362 quibus
3234 4307 3342 4346 non
3391 4293 3650 4354 audiant;
3681 4301 3724 4344 et

2157 4378 2269 4434 illic
2291 4381 2337 4412 θ’
2370 4392 2587 4451 optatur
2616 4394 2676 4437 ut
2708 4398 2895 4437 coram
2924 4384 3054 4453 ipsis
3100 4399 3285 4438 mensa
3317 4399 3515 4438 eorum
3562 4387 3654 4438 ﬁat
3683 4386 3726 4436 iu

2157 4469 2428 4539 laqueum,
2453 4483 2510 4526 et
2533 4473 2584 4527 in
2614 4475 2943 4544 captionem,
2965 4485 3020 4529 et
3051 4476 3102 4529 in
3129 4474 3584 4542 retributionem,
3605 4487 3658 4530 et
3681 4478 3725 4527 in

483 4561 544 4615 Si
580 4562 701 4630 quis
741 4576 872 4616 vero
893 4562 1205 4633 diligentius
1235 4578 1398 4634 quam
1429 4577 1528 4618 nos
1565 4562 1797 4618 intendit
1827 4564 1878 4618 in
1907 4563 2056 4618 Scri-
2083 4598 2136 4658 Β
2161 4565 2509 4632 scandalum;
2535 4577 2588 4620 et
2627 4575 2687 4620 tit
2719 4566 3081 4622 obscurentur
3120 4567 3267 4622 oeuli
3311 4584 3505 4622 eorum
3553 4585 3621 4624 ne
3659 4571 3727 4621 vi-

556 4699 602 4729 "
644 4698 680 4750 Il
717 4697 861 4768 Pctr.
895 4713 932 4760 ι,
961 4699 1016 4756 2.
1090 4698 1179 4752 "i
1211 4695 1355 4755 Pctr.
1382 4699 1560 4766 tv,I0.
1638 4701 1684 4731 ³⁸
1709 4699 1865 4754 Rom.
1893 4716 1970 4761 χι.
2001 4701 2031 4752 7
2060 4716 2143 4768 sq.

483 4763 574 4833 ‘23,
603 4769 694 4822 24.
771 4769 814 4800 ³⁸
835 4767 992 4822 Rom.
1030 4783 1106 4834 ιι,
1139 4770 1205 4833 8;
1238 4769 1361 4824 Isai.
1392 4763 1467 4836 vi,
1492 4771 1578 4825 10.

555 4902 664 4971 «95)
696 4903 855 4962 Editi,
895 4921 913 4953 ι
943 4902 1414 4971 multiplicabitur.
1439 4923 1455 4956 ι

552 4971 665 5043 (95)
719 4971 875 5025 Dedit
928 4973 1037 5026 illis
1094 4975 1232 5026 Deus
1296 4977 1536 5042 spiritum
1593 4976 2033 5043 compunctionis,

483 5048 612 5104 θὶς..
652 5058 819 5111 usque
841 5044 928 5107 ad,
984 5053 1040 5112 iet
1077 5043 1291 5097 dorsum
1335 5045 1543 5097 illorum
1577 5060 1777 5112 semper
1811 5047 2047 5112 incurva,

485 5113 867 5166 desiderantur
891 5114 942 5166 in
980 5111 1134 5168 libris
1165 5126 1324 5169 antea
1355 5115 1538 5180 editis,
1568 5115 1661 5168 sed
1687 5111 2058 5170 restituuntur-

477 5195 547 5233 (ἔκ
573 5183 822 5237 omnibus
852 5197 980 5236 mss.

555 5251 668 5323 (96)
701 5251 772 5304 Ita
803 5269 906 5307 ms.
934 5252 1134 5312 Regius
1156 5269 1304 5308 num.
1339 5254 1496 5319 1659,
1533 5253 1786 5308 Rabanus
1814 5264 1866 5308 et
1891 5255 2042 5323 editi,

481 5320 674 5393 (lictori
707 5335 832 5376 vero
865 5338 1021 5390 mss.,
1051 5346 1070 5374 ι
1097 5323 1200 5377 Sed
1246 5328 1475 5393 quaestio
1511 5326 1666 5380 nobis
1711 5325 1925 5378 videtur
1953 5320 2046 5378 ex;

481 5391 910 5464 oririquoimodo
934 5394 1000 5446 de
1030 5396 1170 5449 bono
1195 5391 1305 5447 Deo
1323 5397 1482 5464 digne
1507 5396 1703 5448 dictmn
1734 5396 2038 5460 videatur,»

475 5469 589 5535 etc.
610 5461 709 5535 llis.
730 5463 927 5535 Regius
947 5479 1096 5517 num.
1123 5464 1258 5518 I639
1275 5474 1328 5518 et
1343 5461 1470 5519 editi
1496 5465 1756 5518 omittunt
1783 5482 1800 5514 ι
1827 5464 2004 5535 digne.
2019 5485 2038 5516 ι

484 5532 688 5604 Deinde
727 5533 944 5604 editiret
971 5549 1101 5590 mss.
1136 5536 1358 5602 quidam
1397 5536 1619 5600 habent,
1660 5553 1679 5585 ι
1709 5532 1906 5604 quibus
1935 5551 2042 5590 non

481 5601 767 5671 videant...
799 5602 990 5671 quibus
1022 5619 1126 5658 non
1153 5601 1394 5660 audiant.
1422 5625 1441 5658 ι

550 5668 686 5746 (97)-
707 5668 931 5746 Dicitur.
967 5671 1246 5746 Omittitur
1275 5675 1330 5728 in
1363 5676 1639 5746 plerisque
1669 5690 1802 5731 mss.
1832 5689 2042 5732 necnon

478 5741 620 5811 apud
654 5741 956 5806 Rabanum,
974 5753 1030 5798 et
1054 5744 1106 5797 in
1139 5745 1331 5811 editis;
1363 5741 1467 5801 'sed
1495 5741 1804 5804 restituitur
1826 5761 1892 5802 ex
1938 5762 2040 5804 ms.

475 5807 648 5876 Regio
684 5828 832 5864 num.
869 5814 1028 5868 I639.
1117 5831 1119 5834 '

543 5883 656 5949 (98.)
682 5881 846 5944 Editi,
879 5902 897 5935 ι
929 5888 1055 5946 quia
1084 5887 1340 5942 excmcati
1371 5896 1517 5944 sunt.
1547 5906 1566 5942 ι

2257 4703 2301 4774 ῗδ
2330 4701 2488 4758 Rom.
2520 4720 2558 4768 I,
2579 4706 2669 4762 28.
2745 4705 2790 4738 9“
2819 4705 2921 4760 ιω.
2957 4705 3105 4774 νι,9,
3136 4705 3221 4759 10.
3299 4706 3347 4737 "'
3380 4706 3524 4761 Psal.
3549 4724 3724 4772 ιιι-ιιι,

1668 4771 1714 4802 θ’
1749 4770 1908 4826 Rom.
1932 4787 2010 4836 χι,
2033 4771 2087 4837 9,
2114 4771 2207 4839 10;
2241 4771 2382 4827 Psal.
2409 4790 2597 4839 vant,
2632 4777 2722 4843 ‘25,
2758 4776 2848 4830 24.

2233 4907 2345 4977 (99)
2380 4907 2535 4977 Ejus.
2571 4909 2731 4964 Deest
2763 4910 2814 4963 in
2846 4910 3027 4966 editis.

2257 4979 2306 5045 I)
2342 4979 2504 5045 Editi,
2541 4997 2560 5026 ι
2587 4979 2680 5034 Ubi
2712 4996 2862 5034 vero.
2893 5000 2911 5031 ι

2254 5049 2305 5118 '2)
2337 5049 2527 5102 Deum.
2574 5049 2629 5102 Iit
2669 5052 2829 5104 editis
2875 5051 3331 5120 prtelermittitur.
3369 5051 3586 5107 Deinde
3632 5066 3724 5104 ms.

2157 5116 2358 5193 Regius
2389 5135 2537 5173 num.
2562 5120 2716 5193 I659,
2751 5140 2768 5172 ε
2793 5116 3042 5176 Secunda
3061 5138 3122 5175 ea
3148 5123 3372 5193 quidem
3393 5125 3461 5178 de
3481 5124 3728 5176 caecitate

2155 5192 2456 5269 oculorum,
2480 5209 2498 5241 ι
2541 5199 2646 5243 etc.
2682 5192 2787 5246 Sed
2817 5193 2999 5248 eteteri
3032 5192 3176 5248 mss.
3208 5192 3468 5248 Rabanus
3517 5202 3577 5247 et
3607 5193 3730 5246 editi

2155 5269 2213 5312 Ill.
2245 5272 2300 5312 ιη
2345 5271 2529 5314 110811⁸0
2571 5270 2740 5315 [CXI-ll.

2226 5329 2302 5399 (5)
2336 5330 2427 5384 Sic
2467 5347 2599 5400 mss.
2638 5331 2882 5400 plerique
2919 5341 2972 5389 et
3019 5332 3296 5387 Rabanus.
3332 5331 3478 5387 Editi
3513 5347 3652 5387 vero
3680 5341 3730 5382 et

2153 5414 2269 5473 ms._
2297 5415 2434 5473 un_us
2469 5399 2701 5473 Regius,
2739 5421 2758 5452 ι
2787 5399 2940 5458 Hunc
2972 5419 3123 5473 ergo,
3147 5423 3165 5455 ι
3197 5414 3303 5458 etc.

2223 5469 2299 5540 (4)
2351 5471 2490 5524 Editi
2525 5472 2811 5543 omittunt,
2874 5492 2891 5523 ε
2921 5475 3010 5527 Ait
3039 5469 3221 5529 'enim.
3248 5493 3267 5526 ι
3312 5471 3446 5527 Mss.
3505 5473 3728 5543 quidam

2153 5543 2436 5610 emittunt,
2475 5560 2492 5591 ι
2525 5541 2594 5595 Ει
2631 5543 2798 5599 David
2831 5545 2982 5599 dicit.
3007 5563 3025 5596 ι

2225 5611 2301 5680 (5)
2340 5610 2504 5676 Editi,
2539 5629 2557 5661 ι
2580 5627 2678 5667 nec
2704 5615 2882 5670 verbis
2915 5629 3128 5684 semper
3151 5614 3581 5684 interpretatum
3615 5626 3726 5666 ser-

2152 5691 2264 5743 vet,
2287 5699 2305 5730 ι
2337 5693 2412 5743 et,
2448 5700 2466 5731 ‹
2495 5693 2695 5737 servat.
2728 5703 2746 5735 ι
3621 5699 3624 5704 ·

2221 5751 2303 5822 (6)
2337 5751 2500 5833 Editi,
2536 5771 2554 5803 ι
2580 5755 2709 5810 etin
2745 5764 2975 5827 utroque
3003 5751 3404 5828 quodammodo
3431 5753 3587 5812 idem
3611 5769 3747 5810 sent

2152 5835 2244 5878 sus
2268 5832 2572 5894 exponitur.
2597 5842 2614 5874 ι
