3766 6532
43 414 183 471 "Si.

965 412 1322 474 COMMENT.
1363 419 1430 472 IN
1473 417 1692 474 EPIST.
1731 419 1822 473 AD
1855 420 2020 474 ROM.
2063 419 2190 472 LIII.
2233 419 2370 475 VIII.

3133 425 3274 482 1182

40 540 231 589 deant.
291 535 356 589 Et
398 535 667 603 quomodo
711 535 826 589 lttec
872 535 1032 606 digne
1055 537 1348 592 credantur
1397 538 1529 604 dici',
1559 547 1612 593 et
1640 543 1686 599 Α
1716 539 1930 610 lum,et
1955 539 2007 592 in
2043 536 2452 591 retributionem
2480 537 2560 591 eis
2583 555 2602 588 ι
2648 537 2762 592 lieri
2799 538 2996 593 dicitur
3013 539 3055 604 ',
3087 541 3272 595 videa-

41 628 282 679 tnaxime
307 641 370 680 ex
405 642 631 693 persona
672 627 869 681 Christi
903 630 956 682 in
985 630 1213 698 psalmo,
1240 646 1346 683 non
1376 632 1608 684 otiosum

40 719 263 770 videtur
292 719 578 772 ostendere
610 720 707 790 (7).
739 719 874 773 Vide
917 736 1048 790 ergo
1088 723 1130 775 si
1167 723 1269 777 hoc
1307 723 1463 776 modo
1488 737 1611 791 pos-

43 826 237 861 sumus
263 811 537 878 explicare
565 812 706 879 quod
731 811 1020 879 quaeritur.
1042 814 1195 868 Sicut
1226 814 1398 868 oculis
1424 828 1614 880 corpo-

47 903 155 954 reis
210 903 384 955 utitur
435 903 804 970 unusquisque
852 904 919 957 ad
969 904 1258 958 videndum
1299 905 1412 959 sive
1453 907 1610 969 bona,

47 995 165 1046 sive
199 994 369 1055 mala,
401 1003 455 1046 et
487 994 538 1046 in
579 1003 843 1062 potestate
873 995 1035 1049 habet
1068 995 1150 1050 vel
1183 995 1395 1051 elevare
1425 996 1615 1050 oculos

45 1084 114 1134 ad
155 1083 378 1146 cmlnm,
410 1093 464 1136 et
497 1097 591 1151 per
624 1084 676 1136 id
727 1084 874 1152 quod
928 1085 1098 1150 videt,
1143 1087 1470 1140 conditorem
1500 1085 1615 1154 ejus

45 1188 372 1241 agnoscere,
394 1185 445 1227 et
475 1174 782 1228 collaudare
806 1183 1130 1242 creatorem,
1163 1175 1246 1230 vel
1265 1175 1512 1231 conferre
1545 1177 1612 1231 ad

46 1265 364 1333 spectacula
398 1265 551 1328 circi,
593 1267 676 1320 vel
713 1268 936 1329 theatri,
983 1269 1065 1321 vel
1111 1269 1476 1336 quarumlibet
1501 1285 1618 1324 sor-

47 1361 302 1411 didarum
368 1357 768 1412 oblectamenta
815 1359 1106 1422 visionum,
1159 1360 1353 1426 quibus
1405 1368 1498 1412 aut
1550 1359 1617 1412 ad

48 1449 357 1508 libidinem.
410 1458 504 1502 aut
563 1449 628 1501 ad
693 1451 1065 1518 rapacitatem,
1104 1451 1189 1506 vel
1234 1452 1338 1506 alia
1391 1465 1619 1520 quaeque

47 1543 182 1594 vitia
241 1543 454 1595 anintns
495 1541 906 1596 inllammetttrt
958 1543 1031 1596 ita
1082 1543 1210 1596 mihi
1258 1543 1494 1611 intellige
1540 1543 1618 1615 (8)

50 1634 220 1685 etiam
251 1632 441 1685 animae
467 1632 678 1696 oculos,
710 1634 904 1701 quibus
937 1634 1026 1686 alii
1065 1643 1292 1688 utuntur
1317 1636 1533 1705 quidem
1563 1645 1618 1690 ut

50 1727 278 1777 verbum
315 1723 406 1775 Dei
449 1733 503 1777 et
552 1725 856 1778 doctrinam
905 1726 1148 1779 veritatis
1197 1735 1513 1795 agttoscztnt,
1557 1743 1620 1782 ac

53 1813 337 1880 sapientia:
359 1812 477 1879 ejus
498 1813 741 1879 quotidie
764 1814 980 1881 capiant
1004 1813 1302 1882 profectum
1328 1834 1341 1879 ;
1379 1816 1467 1869 alii
1494 1832 1621 1871 vero

1713 643 1851 683 ntus.
1889 629 1996 683 Sed
2026 629 2198 696 primo
2236 629 2303 680 ad
2333 642 2426 681 eos
2454 642 2626 696 pauca
2662 627 2888 681 dicenda
2915 637 3038 681 sunt
3066 630 3156 699 qui
3188 631 3271 683 al—

1713 719 1947 790 legorias
1974 721 2028 773 in
2060 718 2356 786 Scripturis
2381 719 2576 772 divinis
2605 717 2863 781 refutant,
2898 728 2947 771 et
2978 720 3157 773 ridere
3185 735 3273 773 so—

1713 809 1824 864 let-tt
1852 809 1962 879 ('13)
1997 823 2091 863 eos
2118 809 2211 877 qui
2240 823 2348 861 non
2380 807 2432 860 in
2465 808 2714 860 omnibus
2736 818 3036 875 sequuntur
3058 808 3279 862 histori-

1714 918 1835 956 cum
1872 916 2109 955 sensum.
2140 900 2327 952 Dicant
2365 913 2492 966 ergo
2535 898 2688 951 nobis
2718 899 2762 951 si
2800 912 3039 951 mensam
3069 898 3159 951 hic
3181 897 3277 951 Ju-

1715 994 1951 1047 dteorum
1996 993 2142 1045 illam
2171 991 2301 1045 dicit
2353 989 2618 1058 Propheta
2652 993 2702 1043 in
2759 1005 2858 1058 qua
2897 989 3160 1057 prandere
3193 991 3276 1043 vel

1717 1099 1937 1138 camare
1963 1083 2160 1146 solent,
2190 1091 2249 1136 ut
2281 1082 2396 1150 ipsa
2424 1082 2505 1136 eis
2538 1082 2631 1135 liat
2661 1081 2711 1134 in
2740 1081 2983 1150 laqueum
3020 1091 3076 1134 ut
3102 1081 3278 1151 capiat

1715 1192 1849 1232 eos:
1882 1176 1966 1228 vel
2003 1175 2044 1228 si
2080 1175 2192 1242 ipsa
2231 1188 2416 1228 mensa
2461 1172 2719 1236 elliciatur
2761 1175 2840 1227 eis
2875 1175 2924 1227 in
2967 1174 3280 1227 retributio—

1720 1283 1865 1330 nem.
1896 1276 1957 1321 ut
1988 1267 2057 1321 ab
2093 1267 2204 1333 ipsa
2229 1280 2324 1334 pro
2357 1266 2444 1320 his
2481 1280 2598 1334 quae
2645 1264 2983 1331 deliquerunt
3015 1265 3281 1332 recipiant

1721 1358 1976 1413 ultionem
2003 1377 2016 1412 :
2046 1358 2128 1411 vel
2158 1357 2428 1425 quomodo
2462 1358 2540 1410 eis
2572 1356 2627 1408 in
2660 1355 2972 1409 scandalum
3013 1355 3084 1409 sit
3115 1370 3283 1424 expo-

1721 1459 1871 1503 nant.
1905 1448 2055 1514 Quod
2087 1449 2131 1501 si
2168 1449 2232 1502 de
2278 1449 2360 1501 bis
2387 1447 2612 1515 singulis
2640 1447 2913 1513 explicare
2949 1461 3008 1501 se
3038 1462 3141 1500 non
3188 1461 3282 1499 va-

1721 1540 1828 1594 lent
1859 1539 1996 1609 (14),
2039 1548 2092 1592 et
2127 1538 2293 1592 risutn
2327 1553 2484 1592 suum
2538 1539 2589 1589 in
2638 1537 3009 1591 confusionem
3045 1538 3281 1592 viderint

1723 1645 1962 1693 versum,
1998 1640 2125 1682 tunc
2167 1628 2449 1682 nobiscum
2495 1627 2702 1696 pariter
2733 1627 2972 1689 veniant,
3015 1638 3070 1680 et
3100 1626 3280 1696 rt-qui-

1725 1729 1846 1775 rant
1873 1722 1939 1775 dc
1965 1719 2266 1788 Scripturis
2286 1719 2484 1772 divinis
2502 1718 2741 1785 qualiter
2772 1733 2952 1771 mensa
2979 1719 3089 1771 haec
3119 1716 3282 1772 Israel

1725 1812 1892 1879 possit
1932 1812 2182 1880 intelligi.
2210 1809 2374 1864 Nobis
2406 1810 2571 1878 igitur
2587 1824 2685 1877 pro
2715 1819 2872 1877 captu
2897 1825 3084 1863 sensus
3105 1809 3282 1863 nostri

51 1912 280 1956 utuntur
305 1903 390 1956 his
417 1905 590 1958 oculis
612 1905 663 1957 in
685 1906 1042 1970 contrarium,
1066 1919 1383 1961 exercentes
1409 1908 1620 1963 scilicet
1652 1879 1694 1934 Β
1723 1909 1796 1957 ita
1828 1904 2062 1967 videtur,
2081 1904 2222 1973 Quod
2245 1918 2435 1956 omnes
2460 1902 2757 1971 Scriptum
2785 1917 2904 1970 qua:
2934 1913 3060 1955 ante
3083 1901 3286 1956 adven-

52 1994 378 2063 semetipsos
422 1995 686 2061 quotidie,
739 2002 793 2046 et
846 1994 1180 2063 inquirentes
1233 1996 1308 2064 (9)
1353 1999 1620 2064 quomodo

52 2087 309 2154 dogmata
343 2086 587 2139 veritatis
613 2085 935 2156 itil'ringant,
963 2097 1014 2138 et
1040 2086 1195 2139 fidem
1223 2086 1422 2140 Christi
1452 2103 1622 2156 quan-

55 2188 164 2228 tum
225 2177 357 2244 ipsis
405 2176 615 2229 videtur
669 2176 1002 2246 impugttent.
1045 2175 1317 2231 Ponamus
1356 2192 1486 2247 ergo
1520 2178 1620 2232 ali-

55 2283 214 2335 quem
241 2282 398 2321 orare
420 2281 517 2334 pro
544 2267 628 2321 his
657 2268 746 2335 qui
781 2268 1118 2336 perspicaces
1157 2277 1212 2321 et
1255 2267 1620 2335 argumentosi

53 2368 180 2410 sunt
212 2359 264 2410 in
292 2357 424 2411 falsa
451 2357 701 2420 scientia,
720 2368 772 2412 et
791 2358 971 2412 dicere
996 2377 1010 2413 :
1035 2358 1135 2412 Det
1162 2358 1266 2412 illis
1284 2357 1422 2412 Deus
1450 2377 1469 2409 ι
1493 2375 1625 2413 ncn-

56 2451 133 2503 los
165 2460 231 2504 ut.
268 2464 375 2502 non
401 2450 619 2503 videant
646 2469 664 2501 ι
701 2451 936 2518 perversi
977 2464 1170 2503 sensus
1207 2450 1481 2512 acumina,
1516 2466 1534 2500 ι
1569 2461 1625 2503 et

55 2556 218 2595 aures
250 2549 308 2594 ut
337 2555 440 2592 non
466 2541 690 2592 audiant
716 2559 735 2592 ι
772 2539 1035 2593 mendacii
1069 2540 1279 2594 scilicet
1312 2540 1622 2609 magistros,

53 2643 106 2688 et
146 2652 164 2684 ι
200 2635 571 2695 obscurentur
616 2632 755 2686 oculi
808 2647 994 2686 eorum
1047 2647 1115 2687 ne
1155 2633 1404 2698 videant;
1443 2653 1462 2685 ι
1519 2649 1623 2687 non

58 2728 150 2780 tibi
175 2726 400 2779 videtur
427 2726 835 2794 amplectendtts
871 2725 915 2779 is
947 2725 1036 2793 qui
1087 2725 1201 2780 hate
1237 2734 1387 2794 optat
1421 2727 1500 2781 eis
1530 2742 1625 2796 per

57 2832 172 2886 qua:
212 2831 406 2870 eorum
438 2824 659 2885 peccata
691 2815 1040 2868 minuantur?
1069 2814 1234 2868 Multo
1257 2815 1399 2868 enim
1431 2817 1626 2872 melius

53 2919 134 2963 est
161 2924 270 2962 non
331 2921 546 2976 sapere,
596 2923 756 2975 quam
802 2907 940 2960 male
974 2922 1182 2976 sapere.
1210 2906 1352 2972 Non,
1383 2908 1620 2976 inquam,

59 2998 148 3050 tibi
173 2997 392 3051 videtur
419 2996 563 3066 quod
595 2995 855 3062 Marcion,
891 2997 980 3064 qui
1013 2997 1299 3050 adversum
1324 3006 1622 3052 creatorem

59 3090 223 3143 Deum
269 3089 584 3158 blasphema
615 3089 814 3156 scripta
846 3089 1174 3157 composuit,
1207 3089 1289 3140 vel
1341 3089 1622 3156 Basilides,

59 3181 138 3233 vel
169 3179 512 3238 Valentinus.
545 3177 628 3230 vel
661 3178 841 3230 caeteri
892 3190 1145 3231 auctores
1187 3177 1297 3246 (10)
1337 3193 1620 3246 pravorum

59 3275 392 3339 dogtnatum,
413 3272 554 3325 beati
591 3271 840 3328 fuissent,
872 3271 916 3322 si
951 3285 1054 3323 non
1097 3270 1235 3336 illos,
1267 3271 1461 3337 quibus
1487 3270 1625 3324 male

64 3368 380 3424 stupuerunt,
408 3359 590 3413 cordis
626 3360 815 3411 oculos
860 3359 1220 3413 habuissent?
1252 3360 1324 3413 De
1364 3361 1447 3414 bis
1482 3361 1624 3413 enim

59 3451 166 3518 (11)
190 3449 364 3504 Isaias
387 3452 516 3505 dicit
545 3470 557 3505 ε
588 3452 709 3505 «νςιε
733 3452 1119 3506 scribentibus!
1149 3453 1461 3506 Scribentes
1480 3454 1623 3507 enim

61 3545 354 3612 nequitiam
394 3545 701 3598 scribunt’.
735 3563 753 3595 ι
800 3543 1066 3598 Similiter
1099 3556 1282 3598 autem
1315 3554 1368 3599 et
1409 3559 1506 3614 pro
1543 3545 1626 3599 his

61 3637 144 3701 qui
185 3635 331 3689 male
361 3637 573 3696 docent,
612 3647 667 3688 et
690 3635 826 3689 male
861 3634 1176 3704 loquuntur,
1204 3647 1322 3689 orat
1372 3637 1540 3692 David
1572 3638 1622 3690 in

61 3725 315 3791 Psalmis,
349 3737 404 3782 et
436 3728 608 3782 dicit’
637 3746 650 3783 :
689 3746 707 3778 ι
733 3728 874 3782 Muta
903 3728 1208 3782 elliciautur
1238 3728 1378 3782 labia
1419 3730 1626 3795 iniqua,

63 3837 175 3886 quze
201 3821 501 3889 loquuntur
527 3825 787 3875 adversus
826 3821 1058 3885 justum,
1093 3820 1270 3873 scelus
1292 3821 1342 3873 in
1375 3821 1626 3890 superbia

62 3925 107 3964 et
135 3921 476 3980 contemptu.
508 3932 526 3964 ι
559 3913 649 3966 Sic
670 3928 798 3982 ergo
815 3923 869 3967 et
895 3913 1138 3967 delsrael
1169 3913 1367 3966 dicitur
1394 3931 1407 3967 :
1444 3931 1462 3963 ι
1491 3912 1629 3967 Obs-

65 3995 330 4055 curenttir
369 4001 513 4054 oculi
550 4016 734 4055 eorum
777 4015 847 4055 ne
897 4001 1222 4063 videant’,»
1269 4013 1344 4067 et,
1389 4001 1489 4056 Det
1549 4003 1628 4058 eis

70 4094 202 4146 lieus
243 4110 262 4143 ‹
295 4093 481 4147 oculos
538 4103 598 4146 nt
644 4108 752 4148 non
801 4092 1017 4147 videant
1046 4094 1090 4146 ⁵.
1123 4112 1142 4145 ι
1180 4090 1337 4160 Ilaec,
1367 4106 1626 4163 quantum

66 4187 125 4236 ad
162 4185 449 4238 oculorum
489 4186 786 4240 caecitatem
816 4186 1056 4255 pertinet
1101 4202 1222 4254 quae
1255 4185 1392 4240 male
1425 4187 1626 4240 videnti

67 4278 343 4330 incredulo
368 4277 536 4332 Israel
566 4289 822 4348 tanquam
852 4294 951 4349 pro
981 4279 1224 4333 remedio
1250 4279 1482 4347 quodam
1510 4279 1627 4334 dari

66 4381 90 4414 a
117 4366 227 4420 Deo
263 4367 478 4421 videtur
513 4367 647 4437 (12),
672 4367 815 4422 dicta
845 4368 974 4423 sint.
999 4367 1155 4422 Nunc
1171 4367 1336 4422 etiam
1364 4371 1429 4425 de
1446 4384 1629 4424 mensa

1724 2005 1836 2050 tum
1889 1995 2104 2048 Domini
2151 2004 2308 2049 erant
2362 1994 2500 2063 apud
2542 1992 2706 2048 Israel
2767 1992 2824 2064 (ι
2855 1992 3090 2061 primis)
3137 1992 3280 2046 enim

1726 2105 1744 2138 ι
1772 2087 1880 2141 illis
1919 2087 2124 2140 credita
2159 2095 2288 2138 sunt
2325 2084 2535 2153 eloquia
2575 2084 2667 2138 Dei
2695 2083 2715 2114 ⁸
2738 2083 2822 2154 ι),
2858 2093 2912 2137 et
2943 2097 3102 2138 omne
3140 2083 3284 2150 qttod

1722 2177 2025 2247 appellatur
2055 2176 2219 2229 Vetus
2250 2175 2692 2240 Testamentum,
2741 2189 2925 2228 mensa
2959 2183 3044 2228 est
3078 2172 3239 2227 Israel
3267 2191 3282 2226 :

1721 2269 1774 2324 in
1825 2283 1929 2336 qua
1973 2282 2155 2322 mensa
2193 2267 2236 2321 si
2276 2267 2398 2335 quis
2438 2265 2654 2320 volebat
2702 2268 2862 2320 edere
2906 2267 3126 2319 verbum
3163 2264 3283 2325 Dei.

1723 2361 1980 2430 appositis
2006 2361 2110 2414 sibi
2141 2359 2277 2428 legis
2299 2368 2352 2413 et
2371 2359 2759 2427 prophetarum
2791 2357 3136 2411 sermonibus
3161 2370 3286 2424 pas-

1723 2451 1968 2506 cebatur.
2003 2451 2066 2504 Et
2118 2451 2257 2504 hanc
2301 2458 2432 2518 puto
2469 2464 2592 2504 esse
2631 2463 2869 2502 mensam
2911 2448 2975 2500 de
3015 2461 3120 2516 qua
3155 2446 3288 2499 dicit

1725 2542 1977 2597 Salomon
2010 2559 2024 2594 :
2064 2559 2081 2592 t
2113 2542 2167 2595 Si
2203 2541 2406 2596 sederis
2439 2556 2654 2598 cmnare
2677 2540 2740 2594 ad
2765 2553 3005 2593 mensam
3029 2536 3285 2606 potentis,

1727 2629 2139 2702 intelligibiliter
2196 2632 2439 2702 intellige
2467 2633 2579 2702 (15)
2610 2648 2731 2700 quae
2776 2638 3117 2700 apponuntur
3167 2627 3284 2692 tibi,

1725 2734 1779 2780 et
1810 2726 1961 2779 mitte
2002 2740 2218 2779 manum
2257 2734 2428 2787 tuam,
2465 2725 2643 2778 sciens
2681 2724 2805 2792 quia
2848 2722 2974 2776 talia
3009 2730 3060 2776 te
3093 2734 3289 2788 parare

1723 2819 1936 2880 oportet
1958 2813 2047 2870 ⁷.)
2082 2812 2187 2865 Sed
2216 2820 2272 2866 et
2302 2811 2554 2864 Salvator
2579 2811 2862 2865 ubi'dicit:
2905 2828 2924 2861 ι
2948 2809 3083 2865 Cum
3127 2825 3288 2862 man-

1725 2903 2056 2958 ducaveritis
2081 2913 2137 2958 et
2162 2903 2411 2958 biberitis
2434 2905 2500 2956 ad
2535 2918 2777 2958 mensam
2810 2918 2981 2957 meam
3010 2903 3032 2934 ⁸
3058 2921 3071 2969 ;
3105 2921 3125 2956 ι
3156 2904 3288 2970 quid

1725 2993 1866 3047 aliud
1899 3008 2141 3048 mensam
2191 2993 2306 3062 ejus
2343 2992 2727 3060 intelligimus,
2773 2991 2877 3045 nisi
2924 2991 3013 3044 ubi
3061 2990 3174 3058 (16)
3205 2990 3293 3044 (11-

1725 3101 1881 3155 gnos,
1915 3096 1967 3140 et
1995 3101 2089 3140 eos
2119 3086 2208 3154 qui
2241 3099 2436 3153 capere
2471 3094 2696 3152 possunt
2730 3082 2952 3136 verbum
2984 3082 3286 3150 sapientiae,

1725 3188 1780 3234 et
1809 3193 1985 3231 rerum
2031 3177 2338 3242 scientiam,
2367 3177 2524 3230 docet
2549 3174 2708 3243 (17)?
2741 3174 2851 3228 Iloc
2884 3182 2935 3228 et
2975 3174 3026 3227 in
3060 3172 3289 3226 Prover-

1725 3276 1827 3330 biis
1873 3275 2130 3328 Salomon
2190 3274 2258 3327 de
2319 3273 2591 3341 Sapientia
2664 3279 2996 3340 protestatur
3058 3269 3286 3323 dicens:

1728 3387 1746 3420 ι
1780 3368 2054 3436 Sapientia
2078 3365 2368 3419 aediﬁcavit
2391 3365 2490 3419 sibi
2518 3366 2760 3427 domum,
2780 3373 2834 3416 et
2859 3361 3139 3432 supposuit
3165 3374 3290 3428 sep-

1725 3469 1830 3513 lem
1859 3459 2174 3513 columnas:
2212 3456 2512 3511 immolavit
2545 3455 2793 3508 victimas
2816 3468 2963 3514 suas,
2992 3451 3207 3505 miscuit
3235 3450 3287 3504 in

1724 3563 1937 3607 cratere
1974 3551 2160 3603 vinum
2191 3563 2370 3612 suum,
2401 3557 2454 3600 et
2491 3546 2702 3615 paravit
2732 3559 2974 3599 mensam
3016 3557 3168 3597 suam
3191 3540 3232 3594 '.
3265 3558 3286 3592 ι

1724 3643 1914 3697 Omnis
1945 3655 2074 3708 ergo
2135 3640 2412 3708 Scriptura
2467 3652 2651 3692 mensa
2693 3646 2777 3690 est
2819 3635 3133 3703 Sapientiae.
3184 3631 3291 3686 Sed

1726 3735 2004 3786 videamus
2047 3731 2316 3799 quomodo
2361 3729 2502 3783 hanc
2542 3743 2782 3782 mensam
2822 3737 2940 3780 orat
2973 3726 3139 3780 David
3172 3724 3287 3779 ﬁeri

1725 3823 1981 3876 lsraelitis
2041 3819 2200 3893 (18)
2262 3819 2551 3874 incredulis
2610 3820 2662 3871 in
2745 3829 3036 3886 conspectu
3100 3830 3291 3870 eorum

1733 3914 1894 3985 633
1926 3916 1977 3968 in
2010 3913 2282 3982 laqueum,
2319 3920 2374 3966 et
2417 3910 2471 3964 in
2508 3909 2832 3978 captionem,
2874 3916 2928 3962 et
2961 3909 3012 3962 in
3057 3910 3296 3963 scandaa

1726 4007 1858 4070 lum,
1894 4014 1948 4060 et
1992 4004 2046 4057 in
2084 4002 2496 4057 retributionem
2539 4002 2604 4056 θ’.
2651 4019 2671 4052 ι
2723 3999 2810 4054 Fit
2846 4000 2927 4054 eis
2957 4000 3010 4053 in
3043 3999 3292 4068 laqueum

1733 4097 2016 4164 Scriptura
2055 4093 2259 4158 divina,
2295 4107 2419 4146 cum
2461 4090 2645 4160 legunt
2693 4105 2755 4142 ea
2797 4103 2918 4158 quae
2966 4089 3032 4143 de
3075 4087 3296 4143 Christo

1733 4187 2054 4257 prophetata
2088 4191 2252 4238 sunt:
2291 4200 2309 4233 ι
2342 4179 2440 4234 llic
2471 4177 2763 4234 aedilicabit
2786 4177 3061 4232 civitatem
3092 4192 3293 4241 meam,

1733 4287 1788 4332 et
1816 4275 2190 4344 captivitatem
2217 4271 2400 4342 populi
2428 4272 2529 4325 mei
2559 4277 2840 4324 convertet
2862 4268 2906 4299 ¹⁰
2931 4287 2946 4321 :
2980 4285 2999 4318 ι
3032 4276 3087 4321 et
3113 4267 3296 4322 dicunt

1734 4384 1840 4423 non
1867 4381 1989 4422 esse
2014 4367 2130 4420 haec
2159 4363 2260 4418 sub
2284 4362 2408 4418 Jesu
2437 4363 2701 4432 completa
2738 4362 2874 4430 (19).
2928 4359 3111 4429 Neque
3151 4359 3294 4413 enim

67 4472 177 4524 qua:
223 4475 244 4508 ι
275 4458 332 4512 in
377 4457 648 4527 laqueum,
676 4468 732 4514 et
757 4460 811 4514 in
851 4459 1184 4529 captionem,
1223 4472 1279 4517 et
1310 4463 1364 4517 in
1399 4463 1630 4517 scanda-
1659 4450 1708 4509 Ι)
1734 4458 2044 4524 aediﬁcavit,
2073 4457 2248 4518 aiunt.
2277 4454 2554 4509 civitatem
2587 4455 2704 4520 Dei,
2729 4469 2904 4524 neque
2925 4451 3294 4522 captivitatem

133 4617 148 4648 ¹
177 4616 288 4673 lsa.
322 4632 379 4684 ι,
435 4617 489 4672 1.
549 4621 584 4684 _’
613 4613 756 4680 Psal.
781 4577 928 4681 xxx.
969 4620 1054 4676 19.
1129 4620 1150 4652 ³
1175 4616 1322 4674 Psal.
1376 4636 1563 4682 uvm.
1590 4621 1626 4675 2

1755 4620 1778 4652 δ
1810 4618 1967 4674 Rom.
2026 4633 2103 4681 χι,
2147 4615 2201 4672 8.
2277 4613 2466 4669 'Psal.
2513 4629 2701 4674 vaut.
2749 4616 2854 4677 25;
2911 4615 3066 4668 Rom.
3131 4613 3293 4684 v.79.

69 4686 86 4716 ⁸
115 4686 272 4741 Rom.
297 4682 382 4751 tu,
412 4687 466 4743 2.
541 4682 561 4719 "
591 4688 752 4746 Prov.
784 4705 940 4756 uti],
975 4690 1098 4756 1,2.
1170 4691 1192 4723 ⁸
1225 4691 1354 4747 Luc.
1375 4703 1516 4757 xx",
1537 4689 1627 4752 30.

1741 4690 1897 4746 Prov.
1922 4703 1997 4755 ιχ,
2021 4691 2072 4756 1,
2099 4689 2154 4742 2.
2219 4689 2263 4720 θ’
2289 4685 2432 4741 Psal.
2465 4697 2650 4752 vant,
2680 4686 2770 4740 25.
2847 4685 2890 4717 ¹⁰
2919 4684 3018 4739 lsa.
3053 4698 3176 4746 ην,
3204 4683 3288 4738 1'5.

136 4852 216 4921 (7)
266 4851 372 4906 Ms.
410 4851 610 4923 Regius
654 4853 1004 4917 num.‘1659,
1065 4851 1318 4910 Rabanns
1375 4865 1430 4910 et
1473 4856 1628 4923 editi,

81 4939 96 4969 ι
121 4926 437 4976 ostendere.
468 4943 487 4974 ›
523 4922 716 4976 Caneri
745 4937 900 4982 mss.,
931 4941 950 4972 ι
973 4940 1265 4992 θκιιοηετθ.
1292 4944 1312 4977 ι

138 4992 214 5063 (8)
249 4992 415 5054 Editi,
445 5011 462 5042 ι
487 4993 680 5064 quibus
704 5005 796 5047 aut
819 4994 1118 5058 libidincttt,
1145 5007 1236 5048 aut
1259 4996 1630 5064 rapacitatem,

73 5067 149 5114 vel
185 5064 292 5116 alia
322 5063 700 5136 quasquevitia
732 5078 919 5136 amans
943 5081 974 5136 )_
997 5064 1116 5136 (al.,
1147 5084 1166 5117 ι
1195 5063 1403 5136 amens)
1426 5065 1633 5119 inllam-

75 5142 246 5204 inetur
277 5150 291 5185 :
331 5133 401 5204 ita
437 5133 568 5204 mihi
615 5133 854 5204 intelligo
891 5151 910 5183 ›
956 5133 1072 5204 (aL,
1121 5152 1140 5185 ι
1171 5133 1429 5204 intelligi:
1470 5155 1488 5186 ι
1525 5136 1632 5189 Ra-

75 5202 258 5267 ltanus,
290 5220 309 5252 ι
335 5203 631 5272 intelligere
652 5201 729 5273 o);
757 5219 859 5257 ms.
890 5201 1048 5271 unus,
1075 5225 1093 5255 ι
1121 5205 1191 5258 ita
1218 5206 1304 5258 hic
1323 5201 1578 5274 iittellige,
1609 5225 1628 5260 ι

72 5282 168 5327 etc.

137 5341 210 5421 (9)
259 5341 428 5405 Editi,
472 5360 492 5392 ι
529 5344 886 5413 semetipsos,
932 5344 1175 5417 qu0tidie
1226 5344 1586 5414 inquirentes,
1613 5365 1632 5398 ι

75 5426 272 5465 οιιιιδεο
309 5429 330 5462 ο
351 5421 426 5464 et.
454 5430 477 5463 ι

139 5481 250 5558 (1.0)
307 5481 472 5558 Editi,
528 5483 888 5558 «doctores.»
929 5485 1136 5558 Deinde
1187 5484 1370 5558 iidem,
1403 5493 1457 5538 et
1501 5501 1632 5540 mss.

77 5552 312 5623 quidam,
350 5569 368 5601 ι
399 5552 444 5604 si
489 5552 665 5623 nullos
702 5557 897 5622 quibus
926 5555 1063 5609 male
1111 5556 1381 5623 sapientes
1403 5564 1582 5618 erant,
1609 5575 1629 5608 ι

75 5632 174 5740 ξιπί
209 5621 318 5675 Sed
352 5637 454 5676 ms.
490 5619 692 5691 Regius
718 5619 866 5680 itum.
897 5625 1034 5681 1659
1062 5619 1262 5680 rectius
1293 5634 1350 5678 ut
1375 5626 1635 5680 innnstro

96 5706 152 5740 ex
182 5705 235 5740 Il.

96 5705 235 5743 CXIII.

136 5759 248 5830 (11)
291 5759 471 5814 Enim.
508 5761 666 5818 Deest
694 5765 745 5818 in
785 5766 964 5821 editis.

137 5829 253 5907 (12).
301 5831 468 5901 Editi,
504 5851 524 5884 ι
554 5835 919 5908 pertinent....
957 5837 1254 5894 viventi....
1290 5836 1561 5904 videntur,
1600 5857 1617 5890 ι

1734 4854 1894 4910 male.

1807 4927 1923 4996 (15)
1966 4921 2066 4978 Ms.
2105 4922 2310 4993 Regius
2345 4939 2495 4977 mtm.
2532 4920 2689 4996 1659.
2724 4920 2879 4996 «_Sed
2911 4919 3083 4996 primo
3128 4934 3295 4986 pauca

1735 4989 1959 5118 {licenda
1989 5004 2115 5049 sunt
2137 4989 2329 5049 co'ntra
2349 5008 2445 5048 eos
2475 4995 2640 5064 qui...
2675 4991 2972 5044 refutantes
3002 4989 3183 5043 ridere
3204 5004 3292 5043 so-

1753 5074 1864 5118 ent.
1895 5084 1914 5117 ι
1945 5073 2050 5118 etc.

1753 5074 1864 5130 ent,
1895 5084 1914 5117 ι
1945 5073 2050 5119 etc.

1835 5136 1919 5203 14)
1947 5135 2111 5200 Editi,
2144 5151 2162 5184 ι
2188 5134 2460 5203 explicare
2483 5148 2588 5189 non
2611 5130 2856 5203 valeant:
2876 5149 2894 5180 ι

1835 5136 1898 5189 14
1947 5136 2111 5200 Editi,
2144 5151 2162 5184 ι
2188 5136 2460 5203 explicare
2483 5148 2588 5189 non
2611 5136 2847 5186 valeant.
2876 5149 2894 5180 ι

1834 5136 1920 5276 15)
1957 5205 2057 5276 Sic,
2084 5219 2271 5257 omnes
2320 5219 2453 5276 mss.
2507 5204 2670 5257 nostri
2718 5209 2772 5253 et
2825 5199 3098 5254 Rabanns.
3153 5198 3294 5254 Editi

1740 5274 1945 5335 vei-0.}
1969 5275 2253 5343 diligenter
2289 5274 2544 5343 intellige,
2579 5293 2598 5325 ι
2640 5281 2746 5343 etc_.

1809 5346 1921 5414 (16)
1966 5364 1983 5394 ι
2009 5339 2111 5397 Ι]Βί
2142 5343 2349 5414 {deest
2393 5339 2677 5414 iit—editis.
2720 5341 2918 5394 Deinde
2961 5354 3091 5393 mss.
3117 5339 3295 5414 plures

1735 5425 1786 5469 et
1820 5410 2096 5478 Rabanns,
2121 5432 2138 5462 ε
2165 5413 2419 5475 Verbum,
2450 5413 2790 5481 sapientiam,
2815 5421 2868 5464 et
2897 5425 3079 5481 rerum
3119 5410 3294 5463 scien-

1737 5488 1885 5546 tiam.
1920 5485 2097 5537 docet.
2121 5500 2144 5533 ι
2179 5482 2282 5538 Sed
2301 5497 2402 5537 ms.
2429 5479 2630 5552 Regius
2663 5497 2814 5536 num.
2848 5479 2986 5535 1659
3012 5480 3214 5534 rectius
3237 5485 3296 5533 ut

1736 5557 1786 5609 in
1823 5564 2010 5608 nostro
2039 5561 2214 5606 'tcxtu.

1806 5624 1917 5694 (17)
1954 5623 2117 5694 Editi,
2153 5622 2412 5694 «docere,
2441 5641 2460 5674 ι
2500 5620 2657 5677 male.

1803 5693 1915 5764 (18)
1945 5693 2113 5760 Alias,
2144 5693 2514 5764 {Israeliticis
2541 5711 2559 5743 ι

1771 5757 1920 5889 l(:39)
1981 5757 2106 5821 Ms.’
2142 5762 2342 5835 Regius
2398 5779 2544 5819 nunt.
2606 5760 2778 5828 1639.,
2817 5779 2836 5814 ι
2885 5775 2913 5814 a
2952 5757 3078 5818 Jesu
3137 5767 3297 5817 coms

1789 5854 1815 5889 ε
1877 5871 1893 5889 ο
1930 5853 1949 5887 ³

1732 5845 1893 5891 vieta.
1930 5853 1949 5887 ι
