3766 6530
468 386 608 451 1185

1949 391 2282 449 οιιιρΕΝιεε

3573 398 3687 453 “Si

466 503 651 576 populi
706 506 1004 561 revocavit.
1042 505 1150 560 Sed
1194 506 1309 561 hair.
1340 505 1554 571 dicunt,
1611 506 1736 575 quia
1786 510 2040 568 sedentes
2068 516 2116 571 A
2143 513 2435 568 immundis
2470 512 2540 567 et’
2573 512 2808 569 sordidis
2836 514 3194 580 vestimentis,
3238 516 3292 569 id
3336 526 3441 581 est,
3481 532 3686 587 corpore

465 597 532 650 ad
572 610 814 650 mensam
855 599 1093 666 potentis
1121 613 1229 652 non
1268 597 1478 654 faciunt
1509 599 1643 654 illud
1672 602 1816 671 quod
1844 604 2037 659 admo-

463 688 586 742 nuit
622 687 732 760 (~20)
766 689 1020 745 Salomon
1065 691 1132 753 “,
1174 699 1232 744 ut
1275 691 1694 762 intelligibiliter
1732 694 2039 766 intelligant

462 794 585 846 quas
615 782 859 849 apposita
899 794 1029 837 sunt
1075 785 1180 839 eis.
1228 785 1345 840 Non
1383 787 1531 841 enim
1576 788 1864 844 visibiliter
1896 789 2034 856 haec,

464 873 562 925 sed
616 874 1046 944 intelligibiliter,
1098 880 1201 933 hoc
1256 890 1366 943 est,
1417 880 1742 948 spiritaliter
1793 881 2038 937 facturus

466 962 826 1029 prophetatns
852 977 936 1020 est
966 967 1223 1023 Christus
1250 968 1387 1036 (2i).
1422 968 1556 1022 Nam
1588 970 1877 1024 :cdilicavit
1909 986 2038 1026 vere

465 1049 743 1104 civitatem
769 1052 888 1120 Dei,
911 1056 1007 1108 sed
1034 1071 1098 1110 ex
1124 1056 1393 1124 lapidibus
1418 1058 1581 1123 vivis,
1606 1075 1671 1114 ex
1699 1061 1897 1127 quibus
1921 1062 2036 1134 (22)

469 1141 761 1197 suscitavit
789 1144 930 1200 lilios
951 1145 1207 1212 Abrahae,
1238 1159 1295 1202 et
1340 1165 1406 1203 ex
1440 1150 1573 1219 ipsis
1612 1152 1898 1207 aediﬁcavit
1930 1154 2037 1208 Ee-

466 1233 689 1287 clesi‘atn
747 1233 844 1289 Dei
892 1252 908 1301 ;
963 1246 1016 1292 et
1062 1241 1335 1292 convertit
1393 1242 1767 1307 captivitatem
1825 1243 2032 1314 populi,

465 1337 655 1378 eorum
691 1340 828 1394 quos
866 1328 920 1381 in
962 1330 1199 1398 peccatis
1229 1343 1421 1399 captos
1447 1334 1695 1390 diabolus
1734 1335 2033 1392 detinebat.

465 1413 578 1469 illis
602 1432 733 1486 ergo
763 1436 869 1475 non
903 1422 976 1475 ita
1010 1422 1455 1491 intelligentibus,
1495 1442 1686 1481 mensa
1726 1428 1839 1483 haec
1886 1428 2036 1485 Scri-

465 1518 641 1575 ptura;
670 1510 865 1566 divina:
891 1511 1032 1567 facta
1074 1522 1159 1568 est
1199 1532 1219 1565 ι
1250 1515 1303 1568 in
1336 1515 1606 1585 laqueum,
1639 1527 1694 1572 et
1734 1519 1788 1573 in
1823 1520 2033 1590 captio-

466 1614 607 1654 nem.
640 1619 659 1653 ι
693 1600 878 1657 Potest
923 1613 1105 1658 autem
1150 1614 1205 1659 et
1249 1606 1338 1661 illa
1385 1609 1563 1677 captio
1611 1623 1811 1667 mensa:
1871 1612 2035 1679 hujus

464 1691 657 1755 videri,
708 1707 813 1761 qua
865 1694 1124 1751 Dominus
1152 1710 1246 1750 eos
1276 1698 1420 1766 cepit
1449 1714 1573 1754 cum
1605 1702 1745 1756 dixit
1785 1703 1851 1756 ad
1892 1718 1988 1757 eos
2018 1724 2031 1758 :

471 1799 492 1833 ι
520 1781 659 1849 Quid
689 1786 844 1840 vobis
875 1789 1089 1843 videtur
1118 1790 1184 1846 de
1211 1791 1473 1847 Christo?
1501 1793 1670 1861 Cujus
1707 1795 1877 1850 Filius
1904 1795 2037 1850 est?

2146 614 2240 659 aut
2275 606 2441 661 corde
2465 603 2577 675 (26)
2612 603 2820 674 polluto
2846 607 2913 658 ad
2952 620 3191 659 mensam
3227 607 3510 675 sapientiae
3536 611 3690 661 consi-

2145 695 2409 761 deamus;
2446 695 2542 749 sed
2590 695 2829 763 speciem
2862 695 3029 749 futuri
3061 697 3115 749 in
3150 697 3309 751 caelis
3336 699 3571 750 convivii
3598 699 3689 765 jam

2144 803 2290 842 nunc
2316 789 2667 852 meditantes,
2694 803 2790 857 per
2824 789 3240 849 conversionem
3259 798 3316 841 et
3336 789 3688 855 ιπιειιίιειιιὶιιιι

2104 880 2109 883 ⁴
2146 878 2459 932 indumenta
2493 878 2737 946 quotidie
2778 879 3063 932 mundiora
3104 889 3158 932 ct
3213 879 3481 945 nuptialia
3514 895 3691 953 prepa-

2145 978 2345 1023 remus,
2379 964 2575 1031 quibus
2603 974 2837 1029 utentes,
2869 964 3046 1018 aulam
3097 966 3403 1032 sapientiae,
3453 975 3512 1022 et
3551 969 3692 1021 thala—

2144 1066 2263 1105 mos
2297 1051 2390 1104 lilii
2428 1053 2570 1123 regis
2601 1053 2806 1109 intrare
2834 1070 3145 1107 mereamur
3168 1055 3233 1108 ιτ.

2215 1140 2269 1197 9.
2315 1159 2336 1194 ι
2377 1141 2507 1196 Dico
2533 1158 2702 1213 ergo:
2740 1142 2997 1212 Nunquid
3033 1145 3114 1198 sic
3148 1144 3503 1201 oﬂ‘enderunt
3533 1157 3589 1202 ut
3614 1163 3688 1201 ca-

2146 1231 2385 1286 derent?
2414 1232 2593 1286 Absit.
2632 1232 2737 1287 Sed
2770 1235 2983 1288 illorum
3021 1236 3218 1291 delicto
3256 1237 3412 1291 salus
3443 1237 3690 1308 gentibus,

2144 1334 2202 1378 ut
2233 1324 2357 1379 illos
2386 1323 2734 1379 aemulentur.
2766 1325 2922 1391 Quod
2948 1328 2992 1381 si
3026 1328 3285 1382 delictum
3329 1328 3551 1382 illorum
3580 1330 3694 1382 diti-

2146 1416 2232 1470 tiae
2281 1417 2487 1479 mundi,
2530 1426 2588 1470 et
2632 1417 2922 1471 diminutio
2969 1434 3158 1473 eorum
3205 1420 3414 1474 divitiae
3442 1422 3691 1492 gentium:

2143 1515 2351 1575 quanto
2402 1508 2573 1575 magis
2609 1508 2891 1575 plenitudo
2928 1526 3115 1563 eorum
3160 1510 3259 1565 “?
3306 1530 3328 1561 ι
3382 1512 3523 1566 Cum
3558 1528 3699 1567 exoc-

2142 1598 2344 1654 suisset
2368 1599 2659 1670 Apostolus
2688 1617 2750 1654 ea
2778 1601 2831 1654 in
2862 1601 3056 1668 quibus
3083 1604 3406 1671 repudiatus
3428 1605 3697 1666 estlsrael,

2141 1699 2198 1744 et
2227 1690 2553 1745 introducta:
2579 1703 2709 1746 sunt
2744 1703 2937 1762 gentes
2982 1709 2999 1758 ;
3041 1702 3096 1747 et
3142 1707 3526 1749 enumerasset
3560 1699 3700 1749 etiam

2144 1784 2461 1854 prnpltetias
2489 1800 2609 1851 qua:
2636 1786 2703 1838 de
2729 1788 2976 1841 caecitate
3015 1788 3281 1855 ipsorum,
3318 1796 3381 1841 et
3413 1788 3623 1856 laqueo,
3658 1799 3701 1843 et

463 1874 535 1927 At
566 1874 641 1929 illi
669 1878 1073 1946 responderunt
1115 1899 1131 1937 :
1180 1884 1369 1940 David.
1424 1885 1492 1940 Et
1539 1886 1796 1941 Dominus
1836 1906 1851 1940 :
1891 1888 2028 1953 Quo-

2156 1877 2524 1940 retributione,
2578 1877 2947 1944 scandaloque
2999 1879 3370 1946 prazdixerant
3422 1879 3541 1950 (27)
3582 1903 3595 1933 ;
3646 1898 3698 1933 ne

462 1965 627 2019 modo
658 1981 788 2037 ergo
819 1969 956 2040 (23),
990 1972 1191 2042 inquit,
1244 1974 1411 2030 David
1466 1977 1750 2032 Dominum
1779 1992 1902 2031 eum
1939 1992 2036 2033 vo-

462 2067 574 2124 cat,
606 2060 796 2116 dicens
826 2079 840 2117 :
873 2063 1018 2118 Dixit
1047 2067 1308 2124 Dominus
1334 2070 1564 2125 Domino
1598 2085 1719 2126 meo
1746 2089 1760 2125 :
1814 2070 1957 2126 Sede
2003 2087 2036 2127 a

463 2151 672 2206 dextris
701 2154 836 2207 meis
864 2154 1024 2227 (24)?
1054 2158 1120 2213 Et
1169 2177 1274 2215 non
1320 2171 1577 2232 poterant
1610 2163 1659 2216 ei
1705 2164 2037 2230 respondere

464 2243 685 2296 verbum
721 2244 786 2297 ι’.
817 2264 836 2296 ι
872 2246 961 2299 Fit
993 2259 1176 2303 autem
1206 2262 1261 2305 et
1302 2270 1322 2303 ι
1359 2253 1413 2306 in
1451 2254 1863 2309 retributionem
1900 2275 1919 2307 ι
1957 2258 2037 2312 eis

463 2332 581 2386 inec
617 2348 824 2399 mensa,
865 2349 923 2390 ut
963 2340 1198 2396 breviter
1227 2344 1427 2407 dicam,
1462 2346 1758 2399 secundum
1807 2348 2033 2402 verbum

468 2420 681 2476 Domini
712 2439 820 2493 quo
850 2428 969 2481 ait:
1025 2447 1045 2481 ι
1085 2430 1298 2489 Putatis
1340 2435 1467 2499 quia
1508 2450 1608 2505 ego
1653 2452 1907 2491 accusem
1935 2455 2035 2495 vos

466 2514 609 2579 apud
636 2513 897 2572 Patrem?
930 2519 1024 2574 Est
1056 2523 1147 2587 qui
1180 2539 1276 2578 vos
1306 2536 1519 2580 accuset
1553 2524 1764 2597 Moyses
1788 2527 1873 2593 ¹³;
1921 2548 1940 2580 ι
1980 2538 2036 2583 et

461 2607 760 2661 secundum
796 2609 920 2662 illud
957 2614 1100 2679 quod
1132 2616 1417 2684 Apostolus
1455 2618 1590 2672 dicit
1635 2636 1649 2673 :
1704 2636 1723 2670 ι
1759 2619 2037 2689 Quotquot

467 2708 567 2760 per
597 2693 769 2764 legem
798 2698 912 2770 (25)
944 2715 1324 2770 peccaverunt,
1357 2721 1452 2776 per
1476 2706 1649 2776 legem
1691 2707 2029 2776 iudicabun-

462 2794 572 2841 tur.
604 2804 624 2839 ι
658 2786 746 2841 Fit
773 2800 953 2846 autem
983 2803 1039 2848 et
1065 2814 1084 2847 ι
1115 2796 1166 2850 in
1199 2798 1511 2853 scandalum
1536 2819 1554 2851 ι
1593 2803 1673 2857 eis
1703 2818 1888 2859 mensa
1921 2805 2036 2859 huic

459 2874 568 2929 hoc
614 2880 793 2934 modo.
832 2881 911 2936 Ex
960 2882 1261 2955 Scripturis
1310 2888 1619 2945 didicerant
1658 2890 1854 2959 Judzei.
1905 2895 2031 2963 quia

465 2983 487 3018 ι
515 2966 769 3026 Christus
804 2972 856 3027 in
883 2985 1144 3031 aeternum
1178 2990 1361 3035 manet
1393 2982 1473 3050 “;
1510 3002 1529 3035 ι
1570 2983 1755 3040 Jesum
1794 3001 1924 3042 vero
1954 2987 2035 3040 vi-

461 3062 651 3117 dentes
679 3063 733 3117 in
764 3080 952 3131 carne,
989 3076 1044 3123 et
1069 3084 1175 3124 non
1207 3073 1385 3126 solum
1424 3074 1478 3128 in
1521 3091 1709 3142 carne.
1757 3081 1852 3133 sed
1883 3090 1939 3134 et
1975 3079 2031 3135 in

462 3162 659 3218 morte,
693 3164 748 3210 et
778 3169 955 3213 morte
996 3161 1196 3226 erucis,
1237 3166 1756 3224 scandalizabantur
1801 3171 1854 3226 in
1907 3187 2031 3227 eum

2140 1982 2355 2020 rursum
2387 1966 2641 2035 gentibus
2671 1966 2967 2021 insultandi
2998 1982 3193 2022 causas
3227 1978 3281 2021 et
3314 1970 3576 2022 elationis
3606 1987 3700 2021 ina-

2140 2056 2333 2109 teriam
2368 2055 2656 2125 prwberet,
2690 2056 2866 2125 ipsum
2902 2055 3120 2109 lsraelis
3149 2056 3366 2125 lapsum
3401 2058 3543 2111 dicit
3565 2058 3700 2111 talem

2138 2146 2330 2211 fuisse,
2366 2160 2471 2199 non
2508 2153 2565 2199 ut
2591 2146 2665 2200 illi
2694 2147 2984 2208 caderent,
3031 2146 3123 2200 sed
3164 2158 3225 2199 ut
3252 2147 3464 2202 delicto
3495 2165 3589 2202 suo
3626 2166 3701 2200 sa-

2136 2238 2305 2292 lutem
2332 2239 2586 2306 gentibus
2614 2239 2846 2292 darent:
2885 2251 2940 2292 et
2974 2240 3050 2292 ait
3078 2258 3091 2293 :
3128 2258 3147 2290 ι
3184 2238 3317 2292 Dico
3346 2255 3530 2310 ergo:
3573 2240 3694 2293 Nun-

2137 2330 2267 2398 quid
2297 2330 2376 2384 sic
2414 2328 2758 2383 oll'enderunt
2792 2340 2850 2383 ut
2876 2329 3183 2383 caderent?
3210 2329 3393 2386 Absit.
3455 2330 3564 2383 Sed
3594 2329 3697 2383 illo-

2139 2438 2260 2477 rum
2292 2421 2517 2486 delicto,
2552 2422 2700 2475 salus
2735 2422 3009 2491 gentibus.
3037 2441 3058 2473 ι
3096 2421 3163 2475 Ει
3193 2423 3476 2490 quomodo
3510 2438 3577 2475 ex
3604 2420 3704 2475 illo-

2138 2531 2257 2569 rum
2305 2513 2507 2567 delicto
2558 2513 2705 2567 salus
2753 2513 3004 2582 gentibus
3040 2512 3224 2577 detur,
3264 2514 3519 2567 ostendit
3550 2533 3566 2567 :
3596 2532 3614 2563 ι
3649 2512 3703 2566 Ct

2137 2607 2281 2672 illos,
2313 2626 2333 2658 ι
2356 2607 2555 2676 inquit,
2588 2624 2608 2656 ι
2637 2605 2962 2660 :emulentur
2984 2603 3137 2674 (28):
3171 2624 3190 2655 ι
3222 2610 3331 2659 hoc
3361 2614 3475 2670 est,
3507 2616 3565 2658 ut
3590 2620 3706 2656 cono

2136 2702 2446 2756 versionem
2482 2699 2725 2770 gentium
2761 2697 3030 2759 videntes,
3065 2706 3122 2751 et
3170 2707 3566 2751 testamentum
3604 2697 3707 2760 Dei.

2136 2795 2283 2864 quod
2330 2793 2431 2864 ipsi
2482 2792 2635 2862 prius
2694 2799 3045 2860 acceperant,
3089 2788 3197 2844 illis
3228 2789 3527 2851 traditum,
3573 2798 3624 2844 et
3650 2788 3711 2843 lc-

2140 2903 2263 2958 gem
2292 2902 2358 2940 ac
2385 2886 2680 2955 pr0pbetas
2706 2884 2851 2951 apud
2881 2896 2975 2935 eos
3002 2880 3205 2948 majore
3241 2890 3296 2934 et
3335 2880 3594 2949 digniore
3626 2881 3708 2934 lia-

2136 2978 2255 3033 beri
2283 2976 2653 3037 observantia.
2685 2975 2864 3029 zelum
2897 2975 3115 3043 capiant
3149 2973 3319 3027 etiam
3379 2973 3494 3041 ipsi
3529 2973 3583 3027 in
3624 2987 3709 3026 no-

2137 3070 2380 3126 vissimis
2405 3068 2599 3123 saltem
2629 3065 2965 3134 temporibus
3007 3083 3022 3119 :
3053 3075 3107 3119 et
3153 3065 3298 3120 sicut
3326 3080 3486 3119 nunc
3515 3064 3709 3118 illorum

2137 3162 2324 3234 lapsus
2367 3162 2600 3215 salutem
2635 3158 2890 3227 gentibus
2938 3157 3109 3222 dedit,
3168 3157 3240 3215 ita
3287 3157 3549 3228 gentium
3598 3156 3710 3209 ﬁdes

466 3247 777 3302 :n-scientes
824 3250 950 3317 quia
1002 3268 1021 3302 ι
1068 3254 1170 3307 etsi
1222 3269 1413 3321 passus
1442 3268 1526 3313 est
1557 3274 1623 3313 ex
1654 3262 1968 3319 inﬁrmitate
2009 3284 2029 3318 ι
2060 3251 2104 3311 C
2137 3265 2195 3309 et
2251 3251 2599 3307 conversatio
2639 3246 2830 3303 lsraeli
2875 3246 3281 3302 aemulationem
3342 3246 3710 3303 conversionis

457 3336 662 3402 carnis,
719 3357 739 3389 ι
787 3342 882 3394 sed
938 3342 1072 3397 vivit
1106 3359 1171 3398 ex
1202 3347 1406 3402 virtute
1458 3349 1553 3404 Dei
1584 3351 1650 3406 ¹⁸.
1687 3371 1706 3403 ι
1743 3352 1869 3409 Haec
1898 3371 2033 3422 ergo

459 3427 670 3497 singula
723 3432 847 3499 quia
901 3448 1006 3486 non
1043 3434 1462 3507 intelligibiliter
1511 3454 1876 3512 acceperunt,
1913 3464 2033 3516 quae

461 3520 703 3587 apposita
760 3533 888 3577 sunt
922 3526 1004 3578 eis
1045 3528 1110 3580 ad
1161 3544 1403 3584 mensam
1450 3534 1711 3601 potentis,
1750 3538 2031 3591 scandali-

457 3606 570 3661 ιιιιί
622 3618 771 3675 sunt,
806 3620 861 3665 et
891 3614 1007 3683 ipsa
1045 3632 1228 3672 mensa
1264 3620 1678 3689 Seripturarum
1719 3628 2030 3685 divinarum

458 3694 601 3753 facta
635 3711 718 3755 est
756 3704 837 3757 eis
865 3705 916 3759 in
947 3710 1291 3776 scandalum,
1323 3723 1380 3768 et
1410 3715 1693 3772 obscurati
1722 3732 1849 3773 sunt
1889 3723 2031 3777 oculi

459 3804 647 3845 eorum
683 3796 980 3849 secundum
1008 3814 1070 3852 ea
1097 3816 1216 3869 quae
1246 3818 1409 3872 supra
1433 3806 1692 3869 diximus.
1723 3819 1779 3863 et
1806 3812 2030 3866 dorsum

458 3897 646 3938 eorum
684 3897 967 3943 curvatum
1004 3903 1087 3945 est
1120 3908 1336 3962 semper
1364 3895 1425 3951 ".
1462 3896 1648 3965 Neque
1684 3902 1828 3956 enim
1859 3904 2032 3957 debe-

461 3982 584 4026 rent
612 3975 753 4031 ultra
788 3978 984 4033 coelum
1016 3984 1282 4052 aspicere,
1331 3987 1427 4060 qui
1474 3988 1528 4043 in
1555 4001 1861 4046 creatorem
1905 3994 2028 4049 εωΙί

462 4077 845 4133 peccaverunt,
889 4085 945 4125 et
990 4073 1040 4126 in
1092 4074 1376 4132 Dominum
1428 4081 1756 4150 majestatis.
1821 4083 1927 4137 Sed
1979 4094 2035 4140 et

463 4155 759 4225 unicuique
789 4169 1033 4215 nostrum
1064 4168 1363 4221 verendum
1404 4179 1488 4224 est
1524 4185 1592 4224 ne
1618 4172 1757 4226 forte
1784 4173 1898 4229 haec
1947 4175 2032 4229 di-

457 4245 711 4299 vinorum
747 4252 1034 4306 verborum
1066 4270 1274 4317 mensa.
1308 4260 1376 4312 ad
1408 4275 1571 4329 quam
1605 4263 1855 4317 videmur
1895 4280 2024 4320 con-

459 4335 673 4391 sedisse
702 4348 764 4391 ut
792 4341 978 4396 cibum
1009 4344 1159 4399 verbi
1189 4346 1283 4403 Dei
1319 4365 1416 4418 pro
1453 4352 1814 4421 possibilitate
1840 4369 2029 4412 suma-

466 4428 736 4492 tnus,liat
766 4431 819 4484 in
848 4432 1118 4501 laqueum,
1157 4440 1239 4493 vel
1272 4442 1323 4495 in
1358 4444 1798 4513 retributionem,
1855 4448 1938 4501 vel
1977 4450 2028 4503 in

463 4520 807 4587 scandalum,
837 4525 882 4579 si
917 4543 1021 4581 non
1050 4530 1479 4603 intelligibiliter,
1505 4546 1560 4590 et
1587 4547 1644 4590 ut
1675 4538 1896 4608 dignum
1924 4528 2029 4609 est,

2137 3345 2392 3402 conferat
2416 3353 2473 3398 et
2499 3341 2716 3396 salutis.
2749 3339 3166 3396 Observandum
3212 3348 3403 3393 tamen
3446 3349 3556 3404 est,
3579 3342 3707 3409 quod

2137 3440 2285 3495 aliud
2317 3438 2469 3509 ponit
2496 3435 2695 3490 Paulus
2725 3434 2840 3506 (29)
2878 3432 3154 3488 oll‘endere
3180 3447 3247 3486 ac
3278 3432 3634 3501 delinquere,
3665 3442 3711 3483 et

2134 3532 2281 3586 aliud
2324 3533 2520 3585 cadere
2557 3547 2572 3582 :
2613 3536 2668 3582 et
2712 3525 2999 3582 oll‘ensioni
3032 3526 3250 3592 quidem
3295 3525 3389 3579 vel
3421 3525 3711 3578 delictore-

2139 3624 2380 3678 medium
2435 3621 2588 3691 ponit
2613 3640 2628 3675 ;
2656 3618 2923 3674 cecidisse
2972 3627 3155 3671 autem
3187 3630 3303 3680 eos,
3337 3618 3510 3685 quasi
3545 3615 3711 3683 despe-

2139 3719 2277 3771 ratio
2314 3718 2366 3769 in
2404 3717 2507 3769 hoc
2554 3714 2627 3768 sit
2682 3713 2888 3787 aliqua,
2941 3725 3047 3765 non
3100 3710 3319 3780 recipit.
3372 3710 3529 3765 Dicit
3568 3706 3711 3781 635

2134 3811 2279 3866 enim
2327 3828 2342 3863 :
2394 3825 2413 3859 ι
2445 3806 2697 3876 Nunquid
2747 3806 2829 3860 sic
2880 3803 3248 3869 oll'enderunt,
3311 3812 3375 3857 ut
3431 3802 3712 3857 caderent?

2134 3903 2310 3956 Absit.
2344 3899 2451 3954 Sed
2487 3899 2698 3952 illorum
2739 3896 2937 3951 delicto
2962 3894 3110 3949 salus
3143 3894 3429 3964 gentibus.
3466 3913 3488 3946 ι
3543 3893 3605 3947 Et
3642 3902 3714 3946 est

2138 3995 2334 4047 mirum
2368 3996 2638 4062 quomodo
2670 3991 2723 4045 in
2752 3998 2833 4043 tot
2862 3997 2918 4042 et
2945 3988 3151 4043 talibus
3186 4003 3307 4057 qua:
3335 3991 3408 4042 de
3433 3987 3523 4042 eis
3550 3989 3713 4041 omnis

2136 4082 2391 4150 Epistula:
2424 4092 2604 4136 textus
2646 4081 2890 4150 exponit,
2920 4080 3187 4134 cecidisse
3219 4088 3408 4132 tamen
3440 4094 3543 4133 eos
3572 4089 3713 4147 neget

2134 4170 2452 4237 Apostolus.
2495 4170 2603 4223 Sed
2653 4167 2872 4221 videtur
2919 4167 3051 4222 mihi
3089 4167 3234 4236 quod
3259 4166 3477 4222 Paulus
3502 4168 3713 4223 cadendi

2135 4260 2471 4317 dill'erentias
2532 4263 2672 4317 bene
2718 4263 2953 4328 noverit,
2997 4271 3055 4316 et
3104 4260 3254 4315 aliud
3301 4261 3453 4315 sciat
3484 4274 3608 4315 esse
3635 4274 3713 4311 ca-

2133 4355 2283 4416 dere,
2330 4354 2630 4409 secundum
2658 4355 2793 4410 illud
2827 4354 2970 4423 quod
2997 4356 3268 4422 scriptum
3292 4364 3424 4407 est:
3465 4371 3487 4405 ι
3518 4354 3714 4421 Septies

2133 4445 2290 4499 cadet
2309 4444 2516 4512 justus,
2551 4457 2607 4501 et
2645 4457 2895 4518 resurget
2938 4450 3085 4512 'M';
3118 4470 3136 4501 ι
3161 4457 3217 4502 et
3243 4447 3458 4500 iterum
3492 4466 3507 4501 :
3560 4465 3580 4498 ι
3611 4444 3713 4498 Noli

2138 4539 2272 4592 milii
2303 4539 2590 4605 insultare,
2622 4540 2841 4596 inimica
2866 4556 3010 4604 mea,
3040 4540 3168 4609 quia
3200 4539 3379 4593 cecidi
3410 4557 3427 4591 :
3460 4547 3522 4592 et
3556 4552 3716 4591 resur-

466 4613 701 4668 tnundos
725 4628 792 4668 ex
831 4631 916 4683 ea,
945 4630 1001 4673 et
1036 4638 1199 4689 puros
1227 4641 1289 4679 ac
1322 4627 1596 4695 spiritales
1617 4629 1769 4685 cibos
1809 4632 2028 4702 sapien-
2064 4601 2108 4656 Β
2140 4648 2263 4703 gam
2286 4634 2329 4665 ²¹
2360 4650 2375 4700 ;
2410 4652 2429 4686 ι
2466 4645 2519 4689 et
2535 4635 2829 4690 secundum
2856 4636 3001 4704 quod
3026 4632 3298 4688 Jeremias
3321 4632 3461 4685 dicit
3489 4650 3505 4686 :
3536 4650 3555 4682 ι
3586 4629 3712 4683 Nun-

465 4701 555 4757 tia:
589 4708 869 4774 capiamus
903 4723 918 4761 :
963 4711 1126 4765 etiam
1157 4715 1284 4769 illud
1319 4720 1526 4785 pariter
1565 4701 1918 4776 observantes
1961 4738 2031 4778 ne

2139 4724 2269 4793 quid
2305 4726 2400 4797 qui
2436 4727 2602 4792 cadit,
2638 4742 2742 4781 non
2779 4726 3001 4797 adjiciet
3049 4735 3105 4778 ut
3159 4732 3417 4793 resurgat
3442 4725 3471 4777 ἰ
3515 4733 3609 4776 aut
3634 4719 3711 4790 qui

531 4835 573 4923 ξι
604 4836 763 4923 Prov.
788 4842 1073 4923 xﬂx-lli,“l_.“
1101 4845 1361 4923 “Matth.
1403 4864 1541 4923 ιςιιιι,
1566 4852 1787 4923 42gsqq.
1868 4855 1911 4886 ⁸³
1954 4854 2028 4911 Jo:

2156 4872 2192 4922 ι,
2224 4857 2313 4912 45.
2391 4857 2436 4888 ’⁸
2461 4854 2616 4913 JOan.
2642 4872 2738 4915 xu.
2763 4857 2854 4911 ‘54.
2935 4857 2979 4888 ¹⁵
3008 4856 3047 4910 ll
3066 4855 3190 4911 Cor.
3212 4870 3334 4921 xm,
3362 4854 3423 4909 4.
3508 4857 3555 4887 ¹⁶
3582 4854 3711 4910 Psal.

456 4921 647 4972 uvut,
673 4909 769 4975 25,
803 4912 892 4967 24.
959 4914 1002 4945 ³⁷
1027 4913 1215 4970 Matth.
1244 4933 1377 4984 χχιι,
1415 4919 1498 4973 12.
1531 4909 1539 4914 ’
1568 4922 1610 4952 ³⁸
1634 4909 1792 4977 Ro'ni.
1814 4909 2001 4992 31,“,

2181 4909 2313 4960 353°
2342 4909 2499 4982 Prov.
2532 4909 2688 4993 xxiv,
2714 4909 2828 4983 i6.
2875 4928 2915 4956 ²¹
2945 4909 3227 4988 Hicin-vn.
3254 4933 3304 4983 8.

526 5024 1281 5112 (20)(Ali_as,_¢_cominonuit,
1308 5052 1326 5081 ι
1356 5034 1474 5101 (al.,
1511 5054 1531 5088 ι
1572 5039 1839 5111 monuit);
1871 5041 2028 5099 Salo-

460 5109 586 5148 mon
618 5100 764 5163 quod
794 5099 1224 5168 intelligibiliter,
1268 5123 1287 5155 ι
1322 5099 1428 5160 etc.
1460 5099 1466 5101 V
1785 5099 1797 5111 ’
1826 5099 1838 5108 ’

460 5163 640 5245 ml2l)
686 5167 850 5233 Editi,
896 5188 916 5221 ι
972 5173 1073 5245 hoc
1120 5182 1241 5237 est,
1290 5175 1604 5244 spiritaliter
1654 5178 1893 5235 facturus
1939 5192 2026 5239 est

456 5233 725 5309 Clirist_us,
748 5248 815 5309 (et
838 5241 1190 5309 prophetatns
1208 5233 1293 5298 est
1320 5233 1599 5303 'Ciiristus.
1638 5266 1656 5300 ι
1694 5233 1896 5305 Deinde
1924 5233 2025 5306 nisi

458 5303 1005 5387 unusliegius'nuin.
1037 5311 1197 5379 1659,
1221 5329 1526 5387 perperam,
1568 5336 1587 5369 ι
1616 5318 1718 5385 Qui
1750 5303 2029 5377 litori—mili;-

459 5376 639 5428 licavit
666 5391 812 5440 vere,
857 5398 876 5428 ι
915 5391 1022 5435 etc.

487 5513 499 5525 ‘
671 5446 768 5500 Ms.
789 5447 988 5528 Regius
1019 5453 1349 5528 num.1639,
1369 5457 1572 5512 omittit
1602 5476 1622 5508 ι
1655 5473 1722 5514 ex
1752 5460 1971 5528 quibus,
2006 5482 2025 5515 ι

463 5514 784 5601 Εξίίξίμγεῖο
821 5514 1045 5601 habent.
1095 5543 1114 5575 ι
1154 5526 1205 5578 in
1237 5514 1456 5594 quibus;
1498 5547 1518 5581 ι
1572 5537 1629 5584 et
1667 5514 2034 5600 pos'teaﬁrui

460 5595 741 5658 convertat
767 5595 1161 5658 captivitatem.
1203 5613 1221 5646 ι
1255 5606 1362 5652 etc.

525 5654 634 5731 (23‘
670 5653 847 5725 Ergo.
863 5658 1022 5715 Deest
1045 5665 1096 5716 in
1122 5653 1303 5721 editis.

525 5677 639 5796 (24)
674 5726 810 5782 Sede
857 5746 892 5783 a
944 5731 1143 5789 dextris
1192 5740 1303 5796 meis

525 5720 639 5796 (24)
674 5720 810 5807 Sede
857 5746 892 5783 a
944 5731 1143 5789 dextris
1192 5740 1344 5802 meis.
1376 5736 1504 5795 Haec
1544 5737 1933 5802 desiderantur
1978 5741 2032 5797 in

453 5807 616 5850 antea
645 5798 826 5855 editis.

524 5864 641 5938 (25)
681 5865 780 5925 Ms.
801 5867 1003 5942 Regius
1032 5888 1180 5932 num.
1212 5874 1370 5946 1669,
1408 5897 1427 5931 ι
1460 5880 1738 5947 Quotquot
1760 5883 1812 5940 in
1837 5882 1978 5945 leae.
2008 5900 2030 5936 ι

2134 5052 2241 5097 etc.
2283 5040 2450 5102 Alias,
2492 5058 2511 5091 ι
2549 5039 2872 5106 Quicunque
2899 5054 2997 5108 per
3031 5039 3222 5105 legem,
3264 5048 3441 5108 sete.

2209 5110 2321 5180 (26)
2359 5110 2450 5165 Sic
2485 5105 2587 5180 ms.
2616 5105 2818 5179 Regius
2848 5105 2999 5163 num.
3026 5109 3186 5180 i639.
3220 5105 3367 5162 Editi
3412 5121 3576 5168 vero.
3608 5125 3627 5158 ι
3657 5122 3711 5159 ac

2135 5178 2319 5242 corde.
2350 5198 2369 5232 ι
2403 5189 2509 5235 etc.
2542 5178 2672 5235 Mss.
2693 5178 2914 5248 quidam
2942 5189 2998 5233 et
3025 5178 3304 5241 Rabanus,
3341 5193 3363 5227 ι
3394 5187 3455 5248 et
3488 5182 3669 5235 corde.
3690 5195 3707 5227 I

2133 5261 2240 5307 etc.
2263 5251 2468 5304 Deinde
2493 5251 2651 5304 iidem
2678 5247 2899 5315 habent,
2926 5249 3086 5313 alius,
3118 5266 3136 5299 ι
3165 5259 3259 5303 aut
3284 5247 3593 5317 speciem.»
3611 5247 3708 5310 alii,

2136 5340 2156 5374 ι
2197 5332 2252 5375 et
2279 5321 2686 5389 specieumete.
2715 5320 2873 5375 Male.

2199 5388 2321 5460 (27)
2346 5391 2440 5444 Sic
2465 5404 2653 5445 omnes
2677 5406 2808 5444 mss.
2841 5389 3032 5443 nostri.
3058 5389 3198 5443 Editi
3219 5403 3369 5455 vero,
3425 5408 3448 5441 ι
3485 5388 3713 5458 Prophe-

2134 5470 2216 5515 tas
2279 5461 2370 5527 qui
2428 5461 2497 5515 de
2549 5461 2792 5515 caecitate
2855 5460 3167 5530 ipsorum...
3228 5469 3283 5515 et
3348 5464 3707 5515 retributione

2133 5530 2794 5599 scandaliipraldixerant.
2837 5549 2854 5583 ι

2205 5599 2316 5671 (28)
2364 5598 2434 5654 Ut
2464 5599 2585 5654 illos
2605 5641 2623 5667 ,
2668 5601 2858 5670 inquit,
2898 5598 3231 5655 temulenter.
3251 5599 3408 5671 (Haec
3439 5601 3635 5655 desunt
3660 5601 3706 5671 in

2134 5667 2319 5736 editis,
2354 5681 2408 5726 et
2435 5672 2488 5725 in
2523 5667 2795 5739 plerisque
2822 5686 2953 5728 mss.
2976 5680 3032 5724 et
3059 5672 3200 5740 apud
3248 5668 3544 5726 Baliarium
3578 5687 3593 5723 :
3622 5667 3711 5724 sed

2139 5743 2503 5795 restituuntur
2532 5757 2599 5795 ex
2622 5757 2726 5797 ms.
2755 5741 2920 5809 itegio
2954 5757 3104 5794 num.
3131 5741 3298 5798 1639.

2211 5811 2324 5885 (29)
2356 5811 2587 5869 Paulus.
2615 5811 2779 5868 Deest
2815 5812 2869 5866 in
2900 5820 3060 5866 antea
3086 5811 3271 5866 editis.
