3768 6536
54 427 159 484 1185

937 421 1292 480 COMMENT.
1332 421 1396 475 IN
1433 420 1651 476 EPIST.
1694 420 1787 475 AD
1820 420 1989 477 ROM.
2029 421 2159 476 LIB.
2198 419 2340 477 VIII.

3145 420 3288 475 1186

52 557 241 599 aversas
269 551 387 605 est,
420 555 523 598 non
553 550 906 597 convertatur
951 546 996 576 ι’
1037 536 1189 615 (50)?
1214 563 1234 597 ι
1276 543 1384 599 Sed
1412 552 1470 596 et
1492 542 1595 597 Job
1626 547 1673 601 Α
1699 542 1985 597 scientiam
2028 543 2096 596 ⁸ο.
2139 542 2207 597 Et
2256 550 2554 612 propterea
2601 540 2733 595 dicit
2786 540 3101 612 Apostolus,
3153 546 3281 614 quia

49 640 99 691 de
121 635 417 704 semetipso
441 635 574 689 dicit
608 656 620 689 :
654 653 673 686 ι
708 635 975 704 Tempore
1004 638 1304 692 constituto
1347 645 1598 703 paratum

48 739 111 781 est
132 727 172 781 ei
208 728 415 781 cadere
447 728 548 781 sub
575 726 718 788 aliis.
752 734 807 778 et
850 727 1068 781 domum
1113 729 1230 797 ejus
1278 728 1390 797 (51)
1435 727 1597 796 diripi

50 821 101 871 ab
126 818 304 871 alienis
335 817 406 883 ²³;
456 836 477 870 ι
511 829 564 871 et
614 821 667 871 in
711 831 907 885 quarto
936 819 1246 887 Regnorum
1290 820 1431 874 libro
1465 821 1602 874 scri-

49 920 167 978 ptum
209 916 342 961 est:
381 924 403 959 ι
446 906 655 963 Cecidit
707 908 975 963 Ezechias
1025 910 1094 963 ab
1139 909 1372 965 elatione
1420 912 1601 965 cordis

52 1003 112 1054 sui
133 999 192 1054 “.
228 1018 248 1050 ι
281 998 350 1054 Et
378 1015 572 1055 omnes
595 1001 648 1055 hi
683 1017 846 1056 casus
869 1002 936 1056 de
961 1003 1160 1071 quibus
1186 1004 1238 1056 in
1272 1006 1601 1073 supradictis

49 1091 366 1146 sermonibus
427 1092 771 1161 Scripturatn
827 1094 1216 1161 pronuntiasse
1274 1096 1600 1149 memoravi-

51 1198 143 1235 mus
173 1180 310 1250 (δέ),
341 1183 545 1235 habent
571 1183 758 1251 utique
788 1185 1267 1251 resurrectionem;
1305 1194 1359 1237 et
1386 1186 1601 1241 aversio

48 1289 208 1327 eoritm
244 1272 416 1327 habet
448 1276 884 1328 conversionem.
924 1275 978 1329 In
1010 1277 1262 1344 praesenti
1298 1292 1425 1331 vero
1458 1278 1601 1347 capi-

49 1369 154 1431 Iulo,
181 1366 342 1434 quasi
374 1366 559 1418 sciens
585 1367 883 1435 Apostolus
913 1367 1039 1436 quia
1066 1368 1108 1420 si
1142 1369 1494 1434 cecidissent,
1514 1386 1600 1425 rc-

45 1477 238 1530 surgere
254 1462 491 1514 omnino
521 1475 623 1513 non
649 1462 982 1532 possenl,ita
1010 1473 1171 1532 negat
1195 1479 1290 1518 eos
1313 1465 1599 1531 cecidisse,

45 1565 87 1607 et
118 1555 267 1609 valde
305 1566 536 1609 excusat
586 1556 637 1609 in
681 1570 747 1608 eo
782 1558 926 1626 quod
955 1558 1089 1612 dicit
1123 1574 1138 1611 :
1174 1577 1192 1610 ι
1235 1558 1486 1629 Nunquid
1522 1560 1602 1615 sic

44 1648 362 1703 oﬂ‘enderunt
401 1660 461 1702 ut
503 1649 760 1703 caderent
784 1650 808 1703 ἲ
832 1651 1006 1707 Absit.
1048 1669 1067 1702 ι
1107 1650 1185 1706 Ne
1214 1652 1353 1708 forte
1378 1669 1509 1724 ergo
1534 1654 1601 1707 ad

45 1742 180 1793 alium
204 1756 398 1796 casum
439 1741 739 1809 respiciens
770 1743 1083 1811 Apostolus,
1113 1743 1278 1800 Israel
1301 1756 1525 1800 excuset
1547 1755 1602 1801 et

41 1833 239 1898 almeget
266 1833 571 1897 cecidisse;
607 1832 758 1887 illum
792 1833 1025 1888 fortasse
1070 1832 1180 1903 (55)
1209 1837 1274 1890 de
1306 1853 1415 1907 quo
1457 1838 1602 1892 dice-

41 1924 113 1977 bat
146 1926 413 1980 Dominus
439 1935 496 1980 ct
520 1924 774 1981 Salvator
811 1936 993 1981 noster
1026 1928 1094 1993 “,
1134 1929 1260 1997 quia
1295 1946 1312 1980 ‹
1350 1928 1602 1983 videbam

40 2015 273 2070 Satanam
324 2018 474 2072 sicut
514 2018 695 2089 fulgur
731 2020 994 2075 cecidisse
1039 2021 1109 2074 de
1145 2021 1326 2076 caelo:
1366 2040 1384 2072 ι
1422 2021 1515 2075 sed
1549 2030 1605 2077 et

41 2108 163 2161 illum
211 2113 280 2162 de
331 2125 444 2179 quo
496 2110 664 2165 Isaias
709 2113 881 2168 dicit:
916 2132 934 2165 ‹
973 2113 1253 2179 Quomodo
1300 2114 1497 2169 cecidit
1537 2115 1604 2169 de

37 2200 152 2253 calo
185 2199 449 2269 Lucifer,
498 2205 589 2271 qui
635 2217 795 2257 mane
835 2202 1112 2257 oriebatur
1139 2204 1229 2257 "?
1263 2224 1280 2256 ι
1320 2204 1429 2259 .Ilic
1471 2219 1603 2273 ergo

40 2293 109 2344 tali
137 2308 264 2347 casu
302 2294 421 2365 (SI)
466 2305 625 2366 negat
662 2296 929 2351 cecidisse
960 2296 1147 2351 Israel.
1196 2297 1412 2351 Illorum
1456 2301 1600 2353 enim

41 2384 100 2440 rel
118 2387 166 2439 in
200 2387 314 2441 line
354 2388 539 2442 saeculi
564 2389 848 2444 conversio
871 2389 977 2443 erit
1011 2398 1141 2443 tunc
1168 2404 1290 2442 cum
1322 2391 1602 2459 plenitudo

36 2479 248 2546 gentium
287 2480 712 2544 subintraverit.
734 2492 789 2534 et
814 2480 1177 2535 omnislsrael
1209 2481 1387 2535 salvus
1419 2484 1507 2538 fiet
1532 2485 1598 2549 ’7;

36 2568 167 2624 istius
195 2580 387 2626 autem
440 2572 532 2642 qui
583 2575 648 2626 de
680 2572 817 2627 caelo
851 2573 1114 2627 cecidisse
1161 2573 1363 2626 dicitur
1412 2590 1509 2627 nec
1544 2575 1597 2628 in

38 2663 125 2716 ﬁne
161 2663 359 2718 saeculi
408 2664 518 2719 erit
554 2663 657 2716 ulla
708 2663 1020 2719 conversio.
1057 2662 1211 2719 Ilunc
1254 2679 1382 2735 ergo
1412 2680 1598 2720 casum

34 2766 168 2819 quem
208 2754 475 2824 superius
525 2755 781 2817 diximus,
813 2754 864 2808 id
901 2764 1024 2817 est,
1078 2754 1129 2807 in
1165 2769 1271 2822 quo
1310 2755 1399 2825 qui
1441 2759 1601 2811 cadet

31 2845 229 2912 adjiciet
254 2846 382 2916 (55)
411 2858 470 2899 ut
495 2858 743 2916 resurgat
769 2846 835 2909 ”,
868 2847 1098 2901 similem
1134 2861 1254 2901 esse
1287 2847 1411 2902 huic
1435 2863 1598 2917 quem

32 2938 72 2992 in
105 2940 217 3008 ipso
244 2941 376 2997 loco
408 2941 765 2998 odensionem
815 2944 1058 2997 nominat
1085 2944 1380 3014 Apostolus
1407 2947 1601 2999 adver-

28 3037 206 3099 tamus,
246 3042 311 3089 et
340 3048 507 3104 quem
546 3034 801 3088 delictum
841 3035 1116 3104 appellat:
1141 3036 1284 3105 quod
1327 3036 1457 3090 milii
1494 3036 1600 3090 tale

33 3122 232 3186 videtur
251 3140 407 3187 esse.
446 3127 505 3186 Si
531 3128 745 3200 quando
764 3128 943 3198 justus
971 3128 1025 3183 in
1051 3144 1160 3183 uno
1191 3129 1371 3199 aliquo
1401 3131 1598 3197 victus,

1705 647 1809 688 non
1859 653 1878 686 ι
1914 635 1994 689 sic
2039 634 2385 689 olfenderunt
2437 643 2495 688 ut
2542 635 2820 699 caderent;
2872 652 2892 686 ι
2929 635 3030 689 hoc
3073 646 3177 701 est,
3224 644 3286 688 ut

1701 728 1773 782 ab
1806 728 1954 782 omni
1986 728 2123 798 legis
2155 726 2251 781 Dei
2283 725 2652 793 observantia,
2682 727 2768 781 vel
2799 727 3151 781 meditatione
3187 741 3285 797 pe-

1702 819 1850 873 nitus
1874 820 1988 891 (59)
2010 819 2367 875 declinarent.
2388 818 2455 872 Et
2476 818 2786 885 hujusmodi
2810 834 2998 874 casum
3022 818 3281 873 delictum

1704 911 2027 967 nominavit.
2066 929 2084 961 ι
2123 910 2338 965 Illorum
2377 928 2397 961 ι
2432 914 2598 975 enim,
2627 911 2822 980 inquit,
2856 929 2875 963 ι
2914 911 3116 966 delicto
3136 911 3286 966 salus

1702 1003 1976 1074 gentibus.
2015 1022 2035 1056 ι
2066 1002 2362 1072 Propterea
2394 1017 2526 1073 ergo
2556 1012 2612 1057 et
2653 1002 2847 1067 David,
2880 1004 3065 1059 sciens
3095 1004 3286 1072 hujus-

1702 1098 1848 1152 modi
1873 1111 1994 1151 esse
2018 1096 2238 1159 delicta,
2270 1095 2548 1163 inquibus
2573 1097 2664 1165 qtti
2691 1097 2953 1152 ceciderit
2975 1108 3196 1167 surgat;
3231 1107 3285 1153 et
3316 1168 3321 1177 ‘

1702 1206 1821 1245 esse
1855 1191 1979 1250 alia.
2014 1190 2065 1243 in
2097 1191 2297 1259 quibus
2329 1190 2419 1259 qui
2443 1191 2707 1245 ceciderit
2738 1190 2851 1261 (40)
2884 1208 2992 1246 non
3031 1202 3327 1285 resurgat.‘

1705 1296 1803 1335 nec
1836 1282 1889 1335 in
1916 1286 2386 1337 consummatione
2410 1283 2617 1347 saeculi,
2645 1283 2863 1337 dicebat
2896 1303 2911 1340 :
2952 1303 2971 1336 ι
3004 1283 3233 1347 Delicta,
3261 1302 3283 1337 ι
3318 1282 3335 1289 “

1703 1373 1820 1427 sive
1842 1372 2044 1442 lapsus,
2078 1393 2096 1424 α
2127 1374 2251 1444 quis
2272 1374 2523 1445 intelligit
2544 1373 2629 1427 “‘2
2660 1392 2678 1425 ι
2704 1372 2967 1441 Sequitur
2982 1384 3102 1444 post
3124 1377 3281 1429 haec:

1708 1483 1729 1515 ι
1769 1465 1919 1531 Quod
1959 1467 2005 1520 si
2034 1467 2290 1521 delictum
2335 1468 2548 1522 illorum
2576 1468 2779 1523 divitiae
2809 1467 3020 1531 mundi,
3045 1477 3098 1521 et
3123 1468 3285 1522 dimi-

1704 1556 1856 1607 nutio
1888 1569 2078 1609 eorum
2110 1556 2315 1611 divitiae
2355 1556 2630 1626 gentium;
2666 1565 2870 1626 quanto
2914 1556 3085 1625 magis
3112 1557 3286 1626 pleni-

1707 1647 1834 1699 tudo
1866 1647 2095 1701 eorum?
2142 1666 2160 1698 ν
2195 1647 2494 1702 Considera
2547 1648 2598 1701 in
2643 1649 2727 1702 his
2785 1648 2878 1702 Dei
2917 1648 3243 1716 sapientiam
3268 1690 3284 1712 ,

1703 1740 1976 1810 quomodo
1993 1741 2133 1810 apud
2161 1755 2285 1793 eum
2305 1755 2373 1793 ne
2402 1740 2519 1809 ipsa
2552 1740 2771 1808 quidem
2791 1742 2985 1795 delicta
3017 1751 3075 1796 et
3100 1742 3290 1811 lapsus

1706 1832 1985 1886 inntilitati
2019 1834 2216 1886 cedunt
2256 1853 2268 1887 :
2302 1834 2395 1887 sed
2424 1848 2546 1887 cum
2587 1822 2965 1903 unusquisque
2991 1851 3055 1890 ex
3087 1849 3285 1905 propo-

1707 1924 1796 1977 siti
1837 1924 1919 1978 sui
1952 1924 2209 1979 libertate
2251 1925 2562 1994 delinquat,
2594 1926 2928 1996 dispensatio
2963 1927 3163 1982 divinae
3193 1943 3287 1983 sa.

1708 2017 1925 2086 pientiae
1952 2018 2052 2071 hoc
2084 2018 2199 2087 ipso
2227 2017 2280 2071 in
2310 2033 2418 2087 quo
2445 2017 2518 2071 illi
2552 2019 2754 2073 damno
2793 2033 2907 2072 sua:
2937 2018 3283 2089 negligentiae

1705 2123 1972 2178 pauperes
2020 2110 2173 2175 llunt,
2224 2111 2360 2164 alios
2409 2109 2608 2163 divites
2655 2111 2802 2166 facit.
2850 2109 3062 2165 Etenim
3103 2129 3124 2162 α
3161 2126 3285 2165 cum

1707 2202 1973 2256 divideret
2000 2201 2141 2256 Deus
2180 2211 2403 2272 gentes.
2431 2210 2486 2256 et
2525 2203 2868 2275 dispergeret
2905 2201 3045 2255 ﬂlios
3088 2200 3286 2266 Adam,

1704 2294 1989 2348 constituit
2024 2295 2293 2348 terminos
2321 2295 2565 2363 gentium
2602 2295 2755 2364 juxta
2788 2309 3077 2349 numerum
3118 2308 3287 2361 auge-

1702 2381 1878 2436 Iormn
1923 2383 2039 2439 Dei.
2074 2383 2240 2438 Facta
2276 2392 2360 2438 est
2403 2393 2529 2439 tunc
2566 2400 2692 2454 pars
2733 2385 2947 2440 Domini
2997 2384 3188 2445 Jacob.
3233 2397 3288 2439 et

1706 2473 1978 2528 funiculus
2011 2475 2347 2530 haereditatis
2381 2476 2494 2545 (11)
2524 2476 2643 2545 ejus
2678 2477 2842 2531 Israel
2870 2474 3078 2533 ".tlllis
3100 2486 3280 2531 autem

1703 2566 1935 2635 angelis,
1966 2567 2163 2634 quibus
2193 2582 2318 2634 pars
2338 2567 2577 2635 gentium
2615 2566 2790 2620 fuerat
2823 2567 2935 2639 (Η)
2969 2568 3284 2631 distributa.

1702 2659 2089 2714 seducentibus
2141 2658 2543 2726 quodammodo
2612 2658 2860 2727 singulos
2922 2674 3167 2729 quosque
3223 2661 3288 2712 de

1705 2756 1863 2817 parte
1891 2747 2103 2802 Domini
2137 2763 2203 2803 ac
2228 2748 2675 2816 depravantibus,
2705 2749 2958 2805 fecerunt
2988 2766 3085 2805 eos
3115 2751 3290 2805 oll‘en-

1704 2837 1857 2901 dere,
1882 2836 1955 2891 ita
1977 2846 2037 2890 ut
2055 2837 2538 2892 diceretDotninus
2559 2853 2655 2906 per
2679 2839 2996 2907 prophetam
3025 2858 3038 2894 :
3074 2859 3092 2890 ε
3122 2840 3288 2895 Facta

1703 2935 1789 3003 est
1812 2926 1946 2980 mihi
1966 2926 2145 2996 portio
2160 2941 2274 2979 mea
2290 2925 2665 2981 desiderabilis
2690 2929 2741 2982 in
2761 2930 3138 2984 exsecratione
3153 2931 3235 2987 "z
3261 2948 3283 2983 ι

1702 3019 2074 3075 necessarium
2109 3018 2210 3074 fuit
2242 3030 2299 3073 ut
2327 3019 2420 3074 illa
2453 3020 2687 3091 refutata
2722 3036 2790 3075 ac
2830 3019 2944 3093 (45)
2979 3024 3291 3091 repudiata,

1703 3120 1851 3168 esset
1884 3111 1988 3165 alia
2027 3125 2156 3181 pars
2186 3110 2400 3165 Domini
2436 3126 2601 3181 super
2624 3122 2850 3180 terram,
2885 3128 3005 3182 quae
3031 3115 3285 3185 gloriam,

27 3222 159 3276 verbi
179 3221 482 3287 causa,vel
501 3223 554 3276 in
578 3221 868 3293 fragilitate
886 3222 1087 3285 carnis,
1104 3220 1186 3275 vel
1210 3221 1319 3275 alio
1346 3222 1586 3292 quolibet

1822 3211 2147 3257 testamenta
2215 3200 2351 3272 (41),
2416 3211 2471 3265 et
2528 3202 2950 3272 legislationem,
3006 3215 3062 3260 et
3121 3205 3288 3261 obsc-

1766 3295 1825 3316 ,εΔ
1862 3294 1909 3316 ,ι
1943 3294 2117 3316 --_..___
2169 3294 2265 3316 ,με
2320 3293 2458 3316 ,_-__
2499 3295 2671 3316 ω-.-
2719 3295 2913 3316 Δεμεημ
3162 3312 3259 3316 η-

36 3312 221 3368 delicto
251 3314 552 3379 ceciderit,
581 3329 686 3370 non
718 3323 902 3368 tamen
923 3314 1043 3368 ideo
1068 3314 1135 3368 ab
1165 3315 1313 3369 omni
1349 3314 1483 3386 legis
1505 3315 1605 3370 ob-
1629 3293 1672 3316 υ
1705 3295 1829 3365 ‘1“ia
1862 3294 1909 3327 ’⁸
1938 3294 2119 3350 cum“
2169 3294 2265 3348 Del
2317 3293 2461 3364 ((Ιυω
2495 3295 2676 3348 οηηιίδ
2714 3295 2918 3351 (milia?
2960 3311 3117 3351 "an"
3160 3312 3290 3368 υπ-

25 3406 279 3459 servantia
310 3405 628 3461 discesserit
664 3405 802 3474 (56),
851 3405 945 3459 sed
970 3406 1237 3473 justitiam
1268 3415 1475 3472 teneat,
1508 3406 1604 3460 mi-

26 3496 373 3551 sericordiam
401 3497 568 3559 colat,
593 3496 776 3560 iidem,
819 3497 1103 3566 pietatem,
1129 3498 1600 3554 mansuetudinem

22 3598 203 3652 servet,
229 3599 289 3644 et
331 3587 510 3653 legem
536 3586 626 3641 Dei
659 3588 911 3644 meditari
946 3603 1054 3643 non
1080 3587 1322 3657 negligat
1353 3608 1367 3643 :
1395 3589 1461 3642 de
1496 3592 1599 3645 hoc

27 3692 304 3742 possumus
340 3678 549 3743 dicere,
582 3678 709 3749 quia
740 3696 759 3729 ι
792 3676 1046 3746 Nunquid
1073 3680 1151 3732 sic
1175 3678 1404 3732 ollcudit
1431 3692 1488 3732 ιιι
1517 3696 1602 3733 ca-

24 3770 159 3823 deret
185 3770 208 3823 ?
233 3771 419 3825 Absit.
469 3789 490 3821 ι
526 3769 604 3824 Ita
641 3781 690 3824 et
729 3769 988 3824 Israelita:
1028 3768 1169 3840 (57),
1219 3771 1468 3839 quamvis
1515 3787 1601 3825 re-

24 3863 353 3930 demptorem
405 3877 568 3917 suum
618 3861 958 3931 negaverint,
1001 3872 1056 3917 et
1087 3877 1180 3919 eos
1224 3863 1313 3931 qui
1365 3864 1434 3917 ab
1483 3864 1601 3933 ipso

25 3954 157 4009 missi
188 3965 346 4021 sunt,
389 3953 752 4022 Iapidaverint
780 3963 835 4007 et
863 3955 1131 4023 persecuti
1169 3955 1278 4007 sint
1302 3954 1382 4008 "z
1415 3965 1599 4009 tamen

26 4044 215 4100 habent
236 4046 424 4101 adhuc
454 4043 657 4112 aliquid
683 4044 908 4098 residui.
934 4043 1029 4097 Est
1057 4045 1199 4112 apud
1226 4043 1345 4097 illos
1370 4047 1600 4101 medita-

25 4134 89 4187 tio
134 4118 327 4203 legis,
361 4134 493 4189 licet
532 4150 636 4187 non
685 4135 911 4188 credant
955 4132 1090 4202 (38),
1129 4148 1225 4187 nec
1268 4134 1594 4204 intelligant.

24 4223 104 4277 Est
131 4227 281 4294 apud
320 4225 445 4281 illos
464 4234 521 4279 et
546 4224 816 4279 aemulatio
845 4224 959 4289 Dei,
1004 4223 1132 4305 licet
1168 4241 1271 4277 non
1302 4228 1596 4281 secundum

1708 3389 1776 3445 tis
1835 3388 2071 3460 Domini)
2122 3391 2438 3456 susciperet,
2490 3399 2544 3442 et
2592 3404 2720 3458 pars
2772 3390 2987 3445 Domini
3043 3407 3139 3461 pro
3197 3392 3286 3446 illa

1706 3490 1861 3550 parte
1894 3480 2348 3552 quae'oll‘enderat
2378 3490 2686 3535 vocaretur.
2726 3480 2937 3536 Idcirco
2970 3500 2989 3533 ι
3031 3483 3286 3537 delictum

1708 3575 1922 3629 illorum
1978 3593 1997 3626 ι
2056 3573 2114 3627 Iit
2164 3591 2183 3623 ι
2231 3573 2432 3627 divitiae
2492 3573 2677 3627 mundi
2741 3572 3094 3645 (45).1Nunc
3140 3577 3287 3631 enim

1698 3666 1807 3736 jam
1861 3681 1968 3719 non
2021 3681 2125 3718 una
2166 3665 2519 3719 Hebraeorum
2570 3680 2744 3734 gens,
2798 3666 2892 3721 sed
2938 3676 3082 3722 totus
3134 3685 3291 3723 mun-

1703 3758 1805 3812 dus
1884 3772 2010 3826 pars
2090 3756 2302 3811 Domini
2363 3755 2560 3811 effecta
2638 3766 2744 3810 est.
2824 3758 2882 3811 Si
2960 3761 3105 3815 enim
3175 3764 3290 3832 ipse

1703 3847 1865 3922 635
1900 3848 2155 3903 Salvator
2186 3849 2527 3918 dicitaaQuia
2547 3851 2902 3921 egoveninon
2930 3860 2988 3903 ut
3034 3850 3280 3919 judicem

1709 3941 1992 4000 mundum,
2026 3938 2120 3992 sed
2154 3946 2211 3991 ut
2248 3936 2489 3991 salvetur
2540 3937 2772 3991 mundus
2813 3955 2910 4008 per
2954 3954 3039 3995 me
3061 3940 3127 3993 ³⁸.
3167 3960 3189 3993 ι
3218 3942 3291 3997 Et

1709 4047 1777 4086 ne
1809 4030 2122 4099 ambiguum
2178 4029 2454 4083 videretur
2507 4029 2690 4082 mundi
2747 4046 2966 4095 nomen,
3023 4034 3287 4102 quoniam

1707 4125 1924 4195 quidem
1957 4138 2097 4190 saepe
2134 4121 2201 4175 ad
2233 4118 2431 4175 cmlum
2468 4130 2522 4174 et
2560 4130 2783 4186 terram,
2820 4136 2962 4191 saepe
3001 4126 3067 4177 ad
3109 4125 3280 4179 solam

1710 4229 1934 4282 terram,
1967 4215 2240 4268 interdum
2290 4227 2417 4267 vero
2448 4214 2613 4267 etiam
2643 4213 2752 4285 (46)
2786 4214 2851 4267 ad
2884 4230 3075 4271 omnes
3104 4217 3287 4272 horni-

78 4368 123 4398 ’⁸
144 4365 482 4432 Jeretn.vnt,
506 4362 559 4417 4.
637 4362 682 4394 ⁸³
709 4360 810 4432 Job
848 4376 945 4422 xu.
969 4360 1024 4416 5.
1101 4360 1149 4392 ’δ
1174 4361 1238 4415 |v
1266 4362 1396 4426 Reg.
1428 4378 1518 4427 xx,
1544 4364 1600 4417 1η

1766 4356 1921 4432 funal.
1956 4352 2257 4432 xxx3t,_?6.
2297 4351 2540 4432 _."'__Luc.
2580 4353 2813 4432 κηλὶς.-.
2925 4353 3025 4432 Isa.
3055 4370 3166 4417 XIV,

20 4435 57 4463 ”
79 4436 242 4491 Rom.
272 4451 357 4501 ιι,
386 4423 481 4497 25,
503 4433 599 4487 26.
669 4433 715 4464 ’⁸
739 4431 939 4485 Jerem.
971 4445 1088 4496 vnt,
1114 4432 1169 4484 4.
1245 4432 1288 4462 ²⁹
1324 4423 1600 4501 Matth.“

1766 4430 1804 4501 ῖς
1837 4427 1966 4501 μισ.
1996 4426 2224 4501 χυμῷ.
2295 4424 2339 4455 ³ο
2372 4423 2528 4479 Rom.
2558 4438 2614 4488 Χ,
2641 4423 2696 4478 2.
2774 4423 2816 4455 ³¹
2848 4423 2989 4479 Psal.
3010 4440 3166 4492 xvut,
3195 4429 3283 4484 15.

23 4506 59 4535 ³³
85 4506 244 4561 Deut.
277 4494 544 4571 xixtt,'8,
579 4501 635 4557 9.
713 4501 758 4533 ³³
776 4501 975 4556 Jerem.
1000 4494 1097 4568 xu,
1128 4501 1216 4557 10.
1280 4501 1326 4533 ³⁸
1357 4500 1514 4558 Rom.
1550 4520 1599 4559 Ix

1766 4498 1811 4530 ³⁵
1837 4496 1993 4551 Joan.
2026 4511 2123 4560 xu,
2156 4494 2248 4547 47.

80 4638 199 4708 (30)
236 4638 405 4701 Editi,
443 4655 464 4688 ι
497 4652 604 4691 non
625 4643 955 4708 revertetur:
987 4653 1006 4687 ι

80 4704 200 4780 (51)
249 4708 348 4763 Sic
396 4723 591 4780 omnes
625 4722 782 4780 mss.
827 4714 883 4780 et
921 4704 1197 4780 Rabanus.
1243 4706 1386 4763 Editi
1437 4722 1593 4780 vero,

22 4796 37 4827 ι
71 4776 310 4847 paratus
338 4788 426 4835 est
453 4778 503 4832 ei
535 4778 735 4835 cadere
763 4777 863 4833 sub
897 4776 1042 4841 aliis,
1069 4785 1126 4831 et
1153 4778 1354 4831 donum
1399 4778 1540 4846 ejus,
1572 4797 1592 4830 ι

18 4862 114 4902 εΗᾋ

77 4918 199 4991 (5'2)
248 4917 345 4975 Ms.
377 4918 582 4991 Regius
603 4933 753 4971 num.
779 4914 960 4991 “I659:
992 4914 1106 4991 «Et
1130 4930 1319 4972 omnes
1351 4917 1406 4970 hi
1440 4933 1602 4974 casus

15 4986 147 5049 quos
177 4986 523 5058 supradictis
553 4988 899 5058 sermonibus
920 4986 1329 5058 Scripturarum
1358 5002 1601 5056 pronun-

14 5062 139 5113 tiari
184 5057 643 5124 ntentoravitnns,
671 5076 690 5109 ι
719 5067 826 5112 etc.
858 5057 965 5110 Sed
996 5057 1177 5111 caeteri
1219 5072 1374 5120 mss.,
1416 5059 1599 5112 Raba-

14 5147 110 5184 nus
138 5141 206 5184 et
253 5130 380 5183 editi
420 5140 480 5184 ut
513 5130 568 5183 in
611 5137 800 5184 nostro
840 5136 1013 5183 textu.
1052 5125 1256 5182 Deinde
1296 5145 1315 5178 ι
1353 5128 1539 5198 utique
1578 5147 1599 5180 ι

13 5204 166 5254 deest
207 5203 263 5253 in
292 5200 478 5255 editis.

84 5271 211 5340 (55)
252 5268 530 5340 Fortasse.
571 5268 735 5340 Deest
761 5269 814 5323 in
844 5268 1027 5340 editis.

81 5335 210 5412 (51)
242 5339 334 5395 Sic
359 5339 640 5412 Rabanus.
680 5337 782 5394 Ms.
812 5355 951 5412 vero
981 5337 1201 5412 Regius
1232 5340 1383 5392 num'.
1433 5335 1594 5412 1659,

19 5428 35 5457 ι
66 5409 198 5481 Ιιρσέ
237 5425 368 5481 ergo
402 5410 679 5481 tali‘casu.
728 5428 746 5460 ι
801 5409 992 5465 Caeteri
1022 5423 1154 5463 vero
1197 5424 1326 5463 mss.
1363 5420 1416 5463 et
1444 5410 1597 5475 editi,

18 5499 36 5531 σ
78 5480 249 5535 Ilunc
283 5478 418 5550 ergo
446 5478 610 5534 talem
645 5494 853 5550 casum,
891 5497 911 5531 ι
949 5488 1056 5535 etc.

81 5552 211 5619 (55)
236 5549 428 5614 Editi,t
476 5563 586 5603 non
619 5549 859 5618 adjiciet,
897 5567 915 5601 ι
948 5550 1110 5603 male.

84 5621 214 5692 (56)
245 5622 384 5692 Editi
417 5634 729 5690 perperam,
760 5637 778 5670 ‹
814 5620 1096 5692 ceciderit.
1133 5637 1153 5670 ι

83 5689 220 5761 (57)
266 5690 371 5761 δῖοί
402 5689 552 5745 recte
605 5704 705 5744 ms.
756 5691 960 5761 Regius
1001 5705 1147 5761 num.
1198 5689 1360 5744 1659.
1416 5689 1610 5745 Caeter't

13 5756 149 5816 vero
184 5756 315 5816 ints.
347 5760 614 5815 Rabanus
653 5766 708 5813 et
741 5759 895 5825 editi,
935 5776 954 5810 ι
1000 5756 1136 5825 Quia
1163 5769 1225 5815 et
1263 5760 1540 5824 lsraclitae,
1579 5777 1599 5811 ι

14 5847 123 5884 τις.

86 5900 221 5973 (58)
243 5901 405 5969 Editi,
437 5920 455 5953 ι
501 5916 606 5955 ιιοιι
634 5899 940 5956 credentes.
981 5918 1000 5951 ι

1768 4633 1881 4705 (59)
1953 4631 2169 4688 Penitus
2233 4642 2289 4690 et
2353 4630 2514 4699 paulo
2579 4637 2702 4700 post
2766 4631 2908 4685 enim
2964 4632 3154 4687 desunt
3224 4634 3286 4689 in

1702 4706 1877 4759 εὼιίει.

1776 4773 2019 4848 (40)_Si_c
2063 4791 2169 4830 ms.
2225 4773 2429 4848 Regius
2483 4786 2634 4848 num.
2695 4771 2855 4826 1659.
2902 4769 3095 4826 Caeteri
3150 4786 3289 4827 vero

1705 4843 1861 4908 mss,
1892 4845 2147 4899 Rabanus
2191 4856 2246 4900 et
2288 4843 2417 4899 editi
2462 4844 2721 4896 omittunt
2773 4860 2792 4891 ‹
2834 4850 3114 4911 surgat,et
3151 4857 3276 4898 esse

1707 4917 1839 4977 alia.
1873 4916 1926 4985 in
1956 4916 2166 4985 (quibus
2199 4916 2287 4985 qui
2319 4912 2663 4985 ceciderit._r

1780 4982 1892 5059 (41)
1935 4980 2105 5059 Juxta
2164 4980 2442 5059 numerant
2478 4980 2941 5059 angelorumpei.
2988 4980 3160 5059 Facta
3198 4996 3278 5059 est

1711 5050 1834 5110 tunc
1873 5050 2002 5122 pars
2039 5057 2247 5109 Domini
2287 5053 2476 5115 Jacob,
2508 5063 2555 5105 et
2601 5050 2875 5119 funiculus
2917 5053 3279 5121 Itwredt'latt's.

1711 5126 1839 5181 Ilaec
1872 5126 2072 5180 desunt
2100 5128 2151 5179 in
2186 5126 2366 5187 editis,
2397 5130 2451 5176 et
2481 5122 2532 5175 in
2568 5123 2844 5190 plerisque
2879 5138 3014 5177 mss.
3045 5139 3145 5177 nec
3173 5140 3287 5180 non

1707 5196 1850 5266 apud
1878 5196 2303 5266 Rabanum,_t_tbi
2340 5206 2437 5266 pro
2472 5191 2775 5266 his‘verbis
2807 5192 3041 5266 legitur:
3073 5211 3093 5246 t
3120 5205 3173 5251 et
3198 5214 3288 5252 re-

1708 5260 1854 5335 liqua
1884 5282 2055 5335 usque
2076 5260 2176 5329 ad,
2201 5260 2505 5335 Haereditas
2539 5260 2656 5329 ejus
2679 5261 2861 5335 Israel.
2901 5281 2919 5312 ι

1779 5336 1892 5408 (42)
1917 5331 2137 5389 Fuerat.
2175 5337 2234 5408 In
2264 5332 2424 5408 editis
2453 5331 2925 5408 pratertniuititr;
2975 5335 3072 5390 sed
3118 5341 3283 5391 res“-

1705 5398 1884 5462 tui'tur'
1922 5420 1988 5458 ex
2030 5420 2132 5458 ms.
2178 5403 2349 5473 Regio
2400 5398 2563 5473 num.
2600 5398 2757 5454 1659.
2812 5401 3077 5461 Rabanus
3118 5408 3286 5462 habet

1711 5497 1730 5531 ι
1768 5476 1947 5530 fuerit.
1979 5494 1999 5527 ι
2029 5473 2222 5528 Caneri
2255 5470 2411 5538 (1155.,
2448 5488 2467 5522 ι
2494 5470 2614 5524 fuit.
2643 5488 2662 5521 ι

1777 5545 1890 5617 (45)
1947 5544 2073 5600 Ilaec
2120 5544 2310 5610 verba,
2374 5559 2394 5592 ι
2455 5539 2693 5596 refutata
2739 5556 2841 5611 ac,
2890 5563 2911 5597 ι
2974 5546 3176 5604 desunt
3231 5549 3291 5603 in

1703 5617 1885 5672 editis.

1778 5685 1890 5759 (μ)
1925 5683 2089 5759 Editi,
2131 5703 2150 5736 ‹
2184 5690 2686 5759 et_testamentum.
2721 5704 2749 5759 γι

1777 5752 2039 5829 (45)_Sic
2093 5771 2196 5809 ms.
2245 5752 2445 5829 Regius
2495 5768 2652 5829 nunt.
2709 5756 2872 5829 1659.
2926 5758 3114 5815 Caeteri
3157 5773 3291 5813 vero

1707 5823 1882 5888 mss;
1910 5823 2167 5878 Rabanus
2197 5836 2251 5878 et
2273 5824 2423 5885 editi,
2462 5841 2478 5872 ι
2517 5823 2656 5877 lin‘nt
2688 5827 2896 5883 divitiae
2928 5834 3132 5883 mundi.
3173 5847 3196 5881 ι

1787 5896 1892 5968 (46)
1936 5896 2111 5947 Euam
2156 5895 2425 5951 omittitur
2461 5896 2515 5948 iu
2550 5900 2730 5952 editis.
