3796 6548
503 416 639 473 118Ὶ
1956 417 2002 474 0

2200 418 2281 476 IIS
2831 466 2834 472 λ
3586 423 3699 480 1188

501 548 603 591 nes
628 534 810 590 mundi
832 535 1118 606 appellatio
1140 532 1377 590 refertur
1408 551 1423 589 :
1459 522 1667 591 idcirco
1696 535 1889 605 repetit
1915 534 2059 605 Δρο-
2095 544 2141 601 Α
2168 537 2265 591 bus
2290 537 2648 602 crediderant,
2675 539 2838 595 dicit:
2862 558 2882 592 ι
2906 537 3069 597 Vobis
3091 538 3237 596 enim
3264 541 3390 598 illeo
3419 540 3659 608 gentibus.
3683 562 3696 593 ι

501 625 695 693 stolas,
723 637 778 683 et
802 627 1145 683 manifestius
1173 628 1228 681 in
1263 642 1372 696 quo
1402 626 1602 681 dixerit
1632 626 1891 681 mundum
1914 628 2066 682 desi-
2166 626 2303 691 Quid
2326 643 2457 698 ergo
2496 630 2644 685 dicat
2690 632 2940 700 gentibus
2970 631 3555 698 videamusuQuandiu
3601 634 3699 699 qui-

499 727 652 788 gnat.
672 718 765 773 Ait
793 720 935 773 enim
963 734 977 771 :
1014 737 1032 770 t
1064 718 1131 773 Et
1156 717 1443 772 diminutio
1471 718 1582 788 (47)
1612 733 1836 782 eorum,
1864 718 2067 773 divitiae
2166 717 2287 770 dem
2318 732 2418 785 ego
2463 734 2604 784 smn,
2641 719 2839 788 inquit,
2877 719 3153 788 apostolus
3191 720 3460 786 gentium,
3492 719 3700 774 ministe

501 808 765 876 gentium.
812 828 831 861 ι
866 809 1017 876 Quod
1065 808 1211 863 enim
1243 808 1348 861 illis
1385 809 1476 878 qui
1509 807 1851 864 oifeudernnt
1902 809 2065 864 dinti-
2167 806 2307 860 rium
2347 823 2525 862 meum
2549 809 2917 875 illustrabo,si
2936 824 3045 879 quo
3075 809 3232 863 modo
3263 810 3318 863 in
3346 809 3697 863 mutilationem

502 907 691 952 nutum
718 908 802 953 est
825 906 879 955 et
898 899 1158 966 ablatum,
1190 898 1255 951 ad
1283 898 1505 953 divitias
1538 900 1778 969 gentium
1806 899 2066 955 collatum
2168 894 2455 950 immittam
2497 913 2716 952 carnem
2751 912 2948 961 meam,
2998 906 3052 952 et
3078 897 3266 952 salvos
3294 895 3495 951 faciam
3525 899 3699 966 aliquos

502 997 607 1051 est,
637 990 729 1057 qui
758 1003 853 1059 per
875 989 1028 1044 fidem
1046 1005 1170 1060 pars
1196 991 1479 1047 Domiuiet
1507 992 1792 1046 hereditas
1815 993 1936 1061 ejus
1956 992 2066 1063 (48)
2166 1001 2231 1041 ex
2267 987 2396 1042 illis.
2433 1007 2453 1039 ι
2497 990 2648 1043 Dicet
2680 989 2878 1067 aliquis
2907 1006 2923 1042 :
2956 989 3109 1055 Quod
3137 989 3239 1051 ait,
3280 1007 3300 1040 ι
3339 988 3580 1055 Quandiu
3616 1004 3698 1058 ego

508 1075 686 1131 cﬁ'ecti
713 1087 863 1132 sunt.
890 1078 1035 1134 Bene
1074 1088 1254 1133 autem
1288 1080 1355 1134 ad
1388 1080 1803 1136 diminutionem
1837 1081 2071 1136 reddidit
2171 1092 2290 1133 sum
2343 1081 2619 1146 apostolus
2670 1081 2934 1149 gentium,
2974 1099 2993 1132 ι
3025 1080 3126 1135 hoc
3159 1081 3381 1135 videtur
3428 1080 3697 1143 ostendere,

500 1167 908 1236 plenitudinem,
955 1177 1007 1223 et
1039 1184 1145 1224 non
1173 1171 1292 1227 sine
1333 1171 1599 1240 profundo
1628 1173 1866 1242 quodam
1905 1188 2067 1228 sensu
2171 1170 2314 1237 quod
2342 1184 2446 1224 non
2476 1184 2690 1238 semper
2719 1171 2824 1224 erit
2857 1171 3130 1239 apostolus
3147 1170 3393 1240 gentium
3420 1187 3437 1234 ;
3471 1170 3559 1224 sed
3580 1185 3699 1223 cont-

503 1265 755 1333 populum
797 1265 962 1320 Israel
995 1266 1194 1323 Paulus
1231 1267 1620 1336 plenitudinem
1652 1275 1829 1320 vocat.
1860 1262 1917 1331 lu
1961 1280 2068 1333 quo
2168 1259 2309 1325 pleto
2334 1260 2655 1323 ministerio.
2699 1260 2927 1314 aliorum
2959 1259 3331 1330 quorumlibet
3369 1259 3624 1328 apostolus
3641 1260 3698 1312 sit

500 1372 601 1428 ego
629 1372 729 1427 pro
767 1357 976 1412 viribus
1017 1359 1152 1412 meis
1193 1357 1299 1411 tale
1337 1356 1543 1426 aliquid
1582 1354 1870 1424 intelligo:
1912 1353 2069 1409 Nunc
2168 1347 2400 1405 futurus.
2435 1350 2541 1405 Sed
2569 1361 2829 1420 quantum
2882 1360 2935 1405 et
2976 1366 3045 1405 ex
3079 1350 3252 1420 ipsius
3280 1352 3630 1414 sermonibus,
3655 1358 3699 1402 et

500 1447 720 1515 quidem
761 1447 934 1502 donec
966 1463 1160 1504 onmes
1197 1457 1384 1519 gentes
1435 1448 1662 1501 veniunt
1708 1445 1777 1499 ad
1811 1444 2066 1509 salutem,
2166 1454 2231 1494 ex
2281 1456 2462 1496 rerqu
2513 1453 2787 1512 gestarum
2838 1443 3052 1498 ratione
3074 1442 3380 1511 colligitur,
3406 1442 3626 1509 quanditt
3657 1443 3695 1494 in

499 1548 906 1609 congregantur
932 1539 1132 1594 divitiae
1165 1540 1257 1594 Dei
1288 1554 1354 1594 ex
1389 1537 1727 1593 credentium
1764 1535 2069 1591 multitudi-
2168 1532 2272 1588 hoc
2325 1533 2525 1587 nnmdo
2574 1532 2696 1597 fuit,
2753 1535 3117 1600 permansisse
3176 1533 3229 1588 in
3280 1534 3390 1587 title
3423 1542 3480 1586 et
3510 1532 3699 1585 veritate

500 1643 569 1684 ne
602 1644 620 1683 :
655 1630 749 1684 sed
770 1628 941 1684 donec
964 1628 1130 1685 Israel
1157 1630 1209 1685 in
1239 1630 1618 1685 incredulitate
1647 1625 1910 1697 persistit,
1935 1640 2070 1680 non—
2168 1623 2447 1690 apostolus
2482 1624 2724 1692 gentium
2770 1626 3174 1691 comprobatur.
3230 1623 3374 1690 Quid
3420 1636 3543 1692 ergo
3583 1623 3693 1675 dice-

499 1720 627 1777 dum
662 1720 939 1789 plenitudo
972 1722 1239 1791 por-tionis
1288 1721 1502 1779 Domini
1543 1722 1752 1775 dicetur
1795 1718 1907 1789 (49)
1948 1733 2070 1774 esse
2170 1710 2745 1780 musiNunquidnam,
2782 1722 3033 1781 tanquam
3057 1728 3249 1767 servus
3271 1714 3447 1767 bonus
3468 1723 3520 1767 et
3540 1713 3699 1774 fidelis,

499 1810 790 1882 completa.
832 1810 991 1865 Deest
1012 1813 1157 1866 enim
1203 1814 1270 1867 ad
1308 1813 1576 1882 integrum
1608 1809 1841 1880 populus
1878 1807 2064 1863 Israel.
2103 1878 2136 1882 _
2169 1803 2260 1870 qui
2311 1803 2362 1855 in
2417 1804 2605 1871 paucis
2652 1804 2829 1857 fuerat
2870 1804 3044 1859 fidelis
3089 1804 3156 1872 ⁸ο,
3210 1805 3420 1860 sciebat
3469 1818 3526 1859 se
3570 1818 3699 1872 super

499 1878 642 1958 Cum
651 1916 779 1958 vero
791 1902 1061 1971 plenitudo
1082 1905 1319 1974 gentium
1336 1878 1586 1959 subintra
1595 1878 1731 1955 verit
1748 1901 1816 1959 ³⁸.
1835 1911 1890 1955 et
1911 1901 1998 1955 Isr:

2195 1892 2338 1946 nulta
2374 1894 2847 1957 constituendum,
2874 1906 2929 1949 et
2960 1896 3261 1963 apostolum
3291 1895 3536 1949 futurum
3565 1895 3694 1949 etiam

504 1993 559 2048 in
577 1993 872 2048 nOVissimo
899 2002 1140 2065 tempore
1168 2010 1263 2064 per
1287 1994 1447 2049 fidem
1486 1992 1689 2047 venerit
1718 1993 1784 2045 ad
1812 1991 2067 2054 salutem,
2171 1993 2290 2054 post
2313 1985 2514 2045 exitum
2545 1999 2703 2039 suum
2733 2001 2836 2041 non
2857 1985 3033 2039 solum
3062 1987 3326 2056 gentium,
3344 1988 3441 2041 sed
3461 1996 3511 2039 et
3532 1984 3700 2038 Israeli-

500 2084 617 2152 ipse
644 2084 748 2138 erit
772 2083 1001 2154 populus
1039 2086 1130 2155 qui
1163 2086 1312 2155 prior
1341 2085 1562 2155 quidem
1596 2082 1807 2148 fuerat;
1846 2082 1939 2137 sed
1969 2095 2070 2138 no-
2171 2085 2368 2140 tarum,
2400 2084 2455 2129 et
2485 2075 2713 2129 aliorum
2744 2074 2992 2135 fortassis
3023 2077 3397 2144 invisibilium,
3426 2076 3496 2132 ibi
3523 2077 3601 2130 ubi
3628 2077 3698 2130 be-

498 2177 756 2232 vissimus
778 2176 1001 2233 veniens
1031 2177 1201 2246 ipsam
1228 2174 1627 2245 quodammodo
1655 2171 1988 2228 haereditatis
2014 2179 2071 2225 et
2170 2168 2425 2221 nedicunt
2456 2168 2688 2237 spiritus
2719 2179 2772 2223 et
2799 2169 2993 2227 animm
3034 2170 3309 2239 iustorum
3361 2168 3696 2230 Dominum“.

499 2268 768 2336 portionis
804 2266 1016 2323 Domini
1069 2265 1457 2335 plenitudinem
1491 2264 1789 2333 complebit
1834 2261 1969 2334 (50).
2002 2260 2071 2317 Et
2169 2257 2428 2328 hymnum
2460 2258 2668 2324 dicunt,
2714 2268 2769 2313 et
2807 2260 3216 2329 superexaltaut
3256 2276 3383 2315 eum
3422 2261 3475 2315 in
3504 2260 3700 2315 saeuiat

503 2358 624 2414 ideo
646 2375 671 2409 ι
703 2357 984 2427 plenitudo
1009 2374 1031 2409 ι
1063 2355 1399 2426 appellatur,
1446 2354 1573 2425 quia
1603 2354 1747 2423 quod
1793 2352 1981 2409 deerat
2013 2352 2068 2407 in
2167 2347 2249 2402 An
2269 2349 2448 2417 potius
2469 2349 2791 2419 simpliciter
2817 2352 3019 2406 dictutn
3045 2349 3157 2423 (54)
3175 2351 3439 2407 debemus
3464 2353 3699 2421 accipere,

501 2446 749 2514 portione
783 2444 899 2509 Dei,
938 2445 990 2497 in
1025 2444 1335 2498 novissimis
1375 2444 1491 2513 ipse
1524 2442 1823 2513 complebit
1855 2459 1868 2493 :
1911 2453 1968 2496 et
1994 2440 2068 2496 ita
2175 2458 2194 2490 ι
2228 2440 2475 2506 Quaudiu
2507 2455 2608 2510 ego
2655 2455 2773 2495 sum
2830 2443 3127 2513 apostolus
3161 2444 3440 2513 gentium,
3471 2462 3491 2495 ι
3517 2443 3640 2497 sicut
3659 2452 3702 2497 et

500 2536 887 2604 omnipotentis
902 2545 958 2590 et
983 2534 1111 2591 boui
1142 2535 1230 2589 Dei
1260 2535 1592 2605 dispensatio
1623 2534 1815 2589 delicta
1839 2534 2066 2587 aliorum
2170 2532 2427 2588 Dominus
2453 2533 2519 2587 ad
2546 2534 2821 2603 apostolos
2841 2535 3008 2589 dicit:
3035 2554 3054 2587 t
3088 2535 3153 2588 Et
3182 2550 3311 2591 ecce
3330 2551 3434 2604 ego
3461 2536 3701 2589 vobiscum

499 2623 773 2680 fructuosa
805 2625 924 2680 aliis
944 2624 1125 2689 eﬂicit,
1154 2625 1295 2680 sicut
1322 2625 1374 2679 in
1398 2625 1653 2694 praesenti
1684 2624 1876 2680 delicta
1901 2623 2068 2680 Israel
2168 2642 2288 2683 sum
2306 2627 2554 2681 omnibus
2569 2626 2780 2692 diebus,
2809 2642 2978 2695 usque
2995 2628 3060 2682 ad
3083 2628 3598 2683 consummationem
3620 2642 3700 2680 ste-

500 2716 723 2771 tlivitias
769 2716 953 2770 mundi
990 2716 1136 2781 facit,
1173 2724 1229 2771 et
1263 2715 1673 2772 diminutionem
1707 2732 1894 2771 eorum
1929 2717 2068 2771 divi-
2168 2719 2274 2774 culi
2301 2718 2386 2773 "1'
2414 2738 2433 2770 ι
2470 2734 2575 2774 non
2604 2720 2746 2789 quod
2795 2721 3019 2775 dicatse
3056 2728 3180 2789 post
3209 2720 3697 2774 consummationem

504 2808 605 2861 tias
644 2808 905 2877 gentium.
951 2805 1068 2861 Jam
1113 2823 1242 2860 sane
1281 2806 1323 2861 si
1357 2817 1413 2862 et
1460 2823 1524 2862 ex
1562 2809 1806 2878 gentium
1856 2807 2068 2862 delictis
2166 2812 2347 2866 saeculi
2392 2826 2498 2866 non
2526 2799 2763 2871 futurum
2794 2827 2914 2866 cum
2943 2812 3043 2874 eis,
3072 2813 3169 2865 sed
3203 2821 3262 2869 ut
3313 2813 3613 2866 ostenderet
3655 2827 3700 2865 se

499 2912 621 2967 qua:
666 2900 975 2971 necessario
1005 2899 1344 2969 delinquunt,
1382 2899 1486 2953 tale
1518 2899 1720 2969 aliquid
1757 2899 1919 2975 faciat
1947 2916 2065 2953 ont-
2168 2919 2442 2973 nunquam
2472 2905 2540 2959 ab
2581 2905 2664 2960 eis
2710 2905 3101 2969 discessurum,
3130 2923 3150 2960 ι
3194 2920 3368 2973 usque
3399 2905 3464 2958 ad
3490 2919 3701 2957 consum-

496 2990 645 3044 nium
659 2991 1020 3061 dispensator,
1041 2990 1388 3059 etaliqnibus
1402 3006 1466 3044 ex
1483 2990 1787 3044 eisdivitias
1801 2990 2064 3058 conferat,
2171 2996 2467 3051 mationem
2500 2995 2681 3055 saeculi
2717 3015 2737 3054 ν
2766 2997 2939 3062 dixit;
2968 2997 3041 3050 ita
3072 3007 3129 3051 et
3166 2996 3478 3064 Apostolus,
3509 3014 3527 3047 t
3560 2998 3707 3060 Quan-

498 3094 566 3134 ne
594 3081 693 3136 hoc
738 3083 892 3150 quasi
924 3082 1156 3153 speciale
1180 3082 1349 3137 solitis
1387 3081 1551 3137 Israel
1582 3081 1751 3138 fuisse
1782 3083 2063 3151 videatur,
2167 3087 2259 3141 diu
2284 3102 2384 3155 ego
2411 3102 2530 3141 sum
2558 3088 2856 3156 apostolus,
2900 3107 2920 3139 ι
2952 3088 3151 3142 dixisse
3192 3088 3307 3159 (55)
3330 3103 3431 3157 pro
3460 3103 3639 3155 semper
3657 3097 3699 3138 et

498 3170 591 3223 sed
630 3172 878 3282 ξιιῗιιιιιὶιιειε,1
903 3172 1041 3240 apud
1084 3170 1290 3272 justum
1330 3180 1387 3225 et
1432 3170 1633 3282 honttm
1684 3171 1853 3273 Deum
1905 3188 2066 3241 super
2094 3221 2140 3282 α
2169 3179 2280 3237 sine
2304 3179 2428 3249 ﬁne.
2473 3180 2601 3254 Quae
2632 3188 2813 3241 autem
2848 3196 2915 3239 ex
2960 3190 3188 3251 utraque
3216 3182 3385 3249 recipi
3417 3181 3597 3234 debeat
3621 3195 3696 3231 et-

498 3258 750 3316 omnibus
789 3262 1074 3326 habeatur,
1108 3262 1273 3319 etiam
1322 3270 1377 3316 tu
1422 3263 1560 3331 apud
1584 3263 1936 3332 ‘temetipsum
1977 3265 2070 3333 qui
2094 3258 2140 3282 ν
2174 3272 2384 3342 positio,
2423 3273 2783 3343 relinquimus
2811 3273 3035 3341 legentis
3074 3272 3322 3326 arbitrio.
3370 3270 3536 3342 lgilur
3560 3285 3697 3339 quan-

496 3352 654 3424 iegis,
687 3355 953 3421 requirite
982 3353 1117 3426 (51).

2194 3365 2261 3417 liu
2289 3363 2567 3432 apostolus
2590 3375 2674 3417 est
2702 3364 2941 3433 gentium
2972 3362 3170 3417 Paulus
3201 3362 3556 3416 ministerio
3570 3376 3693 3415 suum

570 3445 658 3501 10.
695 3463 715 3495 ι
749 3445 910 3499 Vobis
939 3445 1082 3498 enim
1110 3444 1232 3497 dico
1261 3445 1511 3513 gentibus
1541 3460 1553 3496 :
1583 3445 1829 3512 Quandiu
1852 3447 2068 3516 quidem
2172 3452 2447 3507 illustrare
2483 3468 2544 3508 se
2577 3453 2707 3508 dicit
2746 3470 2763 3509 :
2806 3464 2860 3508 et
2891 3453 3024 3523 quid
3065 3465 3172 3507 tam
3205 3455 3453 3525 dignum,
3488 3467 3628 3521 quam
3649 3459 3695 3502 ut

499 3550 601 3605 ego
625 3552 744 3589 sum
780 3537 1051 3605 apostolus
1078 3535 1335 3605 gentium,
1375 3536 1733 3591 ministerium
1788 3553 1962 3599 meum
2004 3540 2070 3591 ῆι.
2170 3544 2537 3614 unusquisque
2569 3545 2923 3601 ministerium
2951 3559 3105 3599 suum
3134 3545 3270 3615 (56),
3299 3545 3443 3613 quod
3486 3558 3574 3612 per
3617 3541 3691 3594 Dei

504 3622 769 3690 lustrabo,
795 3626 960 3694 siquo
1012 3625 2067 3699 modoinmmulationemimmittam(52)
2171 3634 2563 3703 providentiam
2599 3636 2839 3705 suscipit,
2877 3636 3139 3691 exornet?
3173 3634 3421 3688 Exornat
3471 3636 3695 3686 autemet

500 3732 717 3772 carnem
749 3733 945 3786 meam,
979 3728 1035 3773 et
1056 3719 1233 3775 salvos
1264 3715 1462 3775 faciam
1492 3719 1707 3789 aliquos
1734 3734 1801 3773 ex
1834 3720 1959 3774 illis.
2007 3719 2065 3775 Si
2170 3720 2406 3777 illustrat
2433 3723 2793 3779 ministerium
2842 3739 3020 3789 suum,
3074 3723 3166 3793 qui
3229 3726 3367 3778 bene
3426 3722 3694 3784 ministrat,

499 3811 644 3864 enim
670 3810 894 3865 amissio
934 3825 1121 3864 eorum
1167 3810 1540 3866 reconciliatio
1583 3821 1664 3864 est
1703 3813 1909 3875 mundi,
1946 3829 2068 3882 qua:
2168 3814 2307 3868 sicut
2338 3816 2648 3870 econtrario
2697 3816 3013 3870 dehonestat
3066 3815 3433 3875 ministerium
3463 3826 3622 3874 suum,
3651 3818 3695 3862 et

498 3910 582 3956 est
612 3903 933 3972 assumptio,
976 3902 1080 3955 nisi
1113 3903 1223 3956 vita
1249 3916 1315 3956 ex
1352 3902 1672 3958 mortuis"?
1699 3922 1718 3956 ι
1745 3904 1897 3958 Sicut
1926 3919 2068 3973 saepe
2167 3905 2403 3960 notabile
2426 3906 2575 3971 facit,
2610 3906 2774 3981 636
2795 3909 2882 3976 qui
2910 3907 3243 3978 negligenter
3272 3916 3328 3962 et
3361 3906 3570 3975 indigne
3608 3902 3691 3954 tui-

499 3995 905 4050 observavimus
958 3995 1008 4048 in
1059 3996 1162 4049 hac
1216 3995 1453 4065 Epistola
1509 3995 1731 4054 Paulum
1774 3996 2065 4065 aliquando
2167 3999 2504 4057 nistraverit.
2558 3999 2716 4054 Verbi
2770 4014 2952 4064 causa,
3002 4000 3056 4054 in
3114 3999 3422 4055 ministerio
3472 3994 3696 4051 Ecclesia:

501 4100 598 4154 pro
622 4084 843 4149 Judaeis,
872 4085 1160 4156 aliquando
1200 4101 1301 4154 pro
1333 4086 1609 4154 gentibus,
1641 4087 1909 4139 interdum
1940 4102 2066 4139 vero
2171 4107 2190 4140 t
2220 4090 2502 4156 diaconus,
2539 4074 2736 4160 inquit,
2770 4090 2863 4160 qui
2909 4092 3045 4147 bene
3076 4090 3489 4154 ministraverit,
3525 4087 3692 4140 bonum

500 4177 565 4229 ad
600 4177 824 4230 alterum
863 4176 1074 4236 horum,
1113 4176 1198 4230 vel
1234 4175 1300 4228 ad
1328 4188 1616 4244 utrumque
1651 4176 1829 4231 facere
1857 4192 2065 4235 sermo-
2165 4176 2396 4245 gradum
2446 4177 2548 4232 sibi
2581 4178 2836 4247 acquirit,
2886 4189 2941 4235 et
2983 4178 3203 4237 multam
3259 4178 3506 4233 fiduciam
3531 4176 3580 4230 in
3611 4174 3696 4226 fide

501 4278 641 4327 nem,
680 4266 819 4320 sicut
839 4281 961 4320 cum
990 4264 1227 4328 dicebat,
1254 4283 1274 4316 ι
1312 4264 1369 4319 Si
1399 4276 1578 4321 autem
1634 4276 1688 4320 tu
1718 4265 1939 4321 Judaeus
1970 4283 2063 4322 co—
2165 4263 2293 4321 Jesu
2325 4268 2526 4322 Christi
2548 4267 2614 4322 "’.
2652 4288 2673 4322 ι
2713 4268 2770 4324 Si
2802 4285 2927 4323 vero
2952 4286 3060 4325 non
3108 4272 3246 4325 bene
3296 4267 3693 4329 ministraverit;

502 4357 834 4424 gnominaris
859 4357 930 4422 ³⁸,
961 4376 979 4408 ›
1021 4356 1176 4425 quasi
1207 4357 1273 4410 ad
1309 4355 1552 4411 Judaeum
1592 4357 1845 4425 loquens:
1877 4368 1932 4411 et
1965 4359 2063 4411 ite-
2165 4359 2268 4413 hoc
2300 4369 2406 4420 est,
2439 4361 2483 4413 si
2507 4375 2611 4415 non
2628 4375 2686 4414 se
2711 4361 2871 4415 talem
2902 4362 3209 4416 exhibuerit
3229 4362 3442 4431 qualem
3471 4357 3695 4414 describit

502 4462 643 4511 rum,
672 4464 691 4497 ι
727 4445 910 4501 Jndtco
941 4449 1195 4516 primum,
1236 4459 1291 4504 et
1319 4447 1599 4514 Graeco”,
1639 4469 1657 4501 ι
1701 4452 1922 4518 loquens
1951 4449 2060 4520 (55)
2161 4449 2451 4518 Apostolus
2483 4450 2550 4516 “,
2603 4466 2848 4522 gravem,
2903 4469 3005 4508 non
3046 4452 3366 4523 bilinguem,
3415 4465 3517 4504 non
3553 4448 3694 4502 multo

500 4538 654 4603 quasi
678 4539 743 4590 ad
768 4549 1083 4607 utrumque;
1119 4541 1190 4592 ita
1222 4555 1363 4594 nunc
1386 4555 1514 4594 vero
1540 4551 1727 4609 aperte
1763 4543 1827 4593 ad
1851 4550 2061 4610 gentes,
2093 4559 2137 4613 ι)
2168 4542 2298 4595 vino
2348 4542 2621 4609 deditum,
2660 4561 2769 4599 non
2818 4546 2985 4615 turpis
3021 4545 3153 4600 lucri
3185 4545 3568 4615 appetitorem,
3617 4537 3691 4592 seJ

501 4625 603 4681 hoc
629 4636 712 4682 est
736 4628 803 4681 ad
834 4640 928 4682 eos
958 4630 1192 4683 maxime
1214 4631 1305 4698 qui
1345 4630 1398 4683 in
1429 4632 1563 4685 urbe
1594 4630 1765 4684 Roma
1791 4646 1856 4684 ex
1891 4631 2065 4699 genti-
2170 4632 2456 4687 habentem
2496 4636 2812 4705 ntySteriutu
2840 4638 2962 4691 fidei
3007 4638 3060 4692 in
3085 4638 3414 4693 conscientia
3437 4645 3690 4706 puramotl

569 4788 614 4821 ³⁸
640 4789 795 4843 Rom.
828 4805 905 4850 ιι,
939 4789 1043 4861 25η
1072 4791 1145 4861 _"
1181 4790 1404 4861 ibidtl'o
1432 4806 1581 4861 seqq.
1679 4789 1725 4822 ⁸⁸
1747 4790 1903 4851 Rom.
1942 4807 2002 4855 ιι,
2042 4792 2067 4845 1

2206 4793 2251 4825 ³⁵
2277 4792 2429 4848 Rom.
2472 4811 2507 4860 ι,
2534 4794 2621 4849 16.
2695 4795 2741 4827 ⁸⁸
2767 4796 3087 4861 Mattlmxv,
3111 4795 3201 4857 23.
3295 4795 3337 4827 “
3367 4796 3497 4850 Dan.
3528 4786 3687 4853 "1,86.

500 4860 544 4890 “
578 4861 764 4915 Matth.
796 4874 986 4925 xxvut,
1022 4859 1116 4915 20.
1190 4860 1237 4892 “
1267 4862 1281 4914 Ι
1309 4860 1450 4916 Tim.
1489 4860 1571 4924 ιιι,
1596 4861 1685 4914 1⁸5.
1747 4860 1938 4914 “ibid.
1972 4863 2024 4916 8.

571 5015 682 5094 (47)
724 5018 818 5074 Sic
851 5038 953 5077 ms.
986 5024 1186 5094 Regius
1215 5041 1362 5085 num,
1384 5024 1539 5085 1659.
1561 5014 1751 5077 Caeteri
1774 5029 1901 5072 vero
1915 5031 2070 5083 mss.

1611 5014 1751 5075 reteri
1774 5029 1901 5072 vero
1915 5031 2075 5083 mss..
2161 5023 2293 5091 sed;
2332 5042 2350 5094 ι
2381 5030 2575 5094 caetera
2608 5037 2738 5094 vero
2767 5022 2906 5094 utin
2940 5030 3110 5094 textu.

502 5087 762 5165 [tabanus
787 5094 1011 5165 etediti,
1042 5087 1229 5151 (Haec
1259 5097 1563 5159 diminutio.
1596 5115 1615 5149 ι
1649 5106 1752 5150 etc.
2241 5087 2354 5165 (5‘2)
2398 5093 2559 5157 Editi,
2589 5111 2608 5144 ι
2646 5091 3037 5159 honorificabo,
3063 5092 3108 5145 si
3140 5103 3248 5160 quo
3270 5089 3431 5143 modo
3458 5087 3521 5141 ad
3554 5096 3692 5139 amtt-

572 5158 901 5236 (⁸8),Εά],ιὶ,
938 5181 956 5214 ι
1000 5181 1140 5234 quire,
1181 5185 1200 5216 ι
1237 5176 1311 5228 et,
1356 5184 1374 5216 ι
1421 5166 1510 5234 qui
1552 5158 1665 5234 iper
1716 5164 1877 5223 fidem
1933 5180 2061 5236 pars
2174 5158 2728 5236 landu'toprovocem,
2767 5181 2785 5214 ι
2814 5172 2919 5214 etc.

505 5220 946 5316 D‘i'l‘li‘i,§gec"3
977 5220 1100 5316 ⁸ριιέ
1129 5220 1417 5290 Ῑιεετθίίίιδε
1440 5220 1584 5306 ἒὶυεί
1617 5256 1636 5288 ι
1734 5220 1741 5223 ν
1933 5220 1955 5236 ”
2047 5220 2053 5221 ί
2238 5233 2350 5316 (55)
2392 5220 2797 5316 [laqueum-tice
2839 5246 2949 5316 _non
3001 5238 3054 5285 et
3104 5227 3264 5299 paulo
3316 5235 3436 5298 post
3485 5228 3578 5289 ita,
3619 5220 3691 5275 de

574 5295 683 5369 (Ψ)
718 5299 890 5369 imas,
923 5319 944 5352 ε
983 5305 1200 5358 dicitur.
1228 5324 1247 5358 ι
1467 5295 1486 5306 ’
2165 5295 2293 5361 sunt
2326 5295 2379 5358 in
2420 5295 2598 5363 editis,
2631 5311 2686 5356 et
2715 5302 2768 5355 in
2800 5301 3073 5369 plerisque
3104 5295 3237 5354 inss.

717 5366 853 5446 Rditi
878 5362 930 5424 et
960 5371 1238 5446 Ruebanus,
1271 5393 1291 5427 t
1325 5373 1611 5446 compleat,
1644 5393 1665 5427 ι
1693 5376 1857 5431 male.
2139 5387 2143 5390 ‘
2238 5374 2350 5446 (54)
2389 5362 2621 5446 pictum.
2659 5362 3004 5446 Desideratuj
3026 5371 3081 5425 in
3106 5380 3265 5446 antea
3281 5362 3469 5423 'editis.

576 5430 684 5517 (51)
719 5433 966 5517 ξιθλιιιδε.
989 5443 1129 5497 Ettiti
1165 5430 1311 5509 vero,
1345 5461 1363 5517 ς
1403 5430 1521 5517 iam
1555 5430 1687 5500 sane
1715 5446 1804 5500 fiet
1832 5430 1899 5501 ex
1926 5461 2060 5517 geu-
2233 5430 2346 5517 (55)
2382 5443 2661 5517 Sic_tttss._,
2683 5451 2739 5495 et
2765 5441 2933 5517 editio
2960 5437 3179 5499 Veneta.
3198 5439 3498 5517 “stamen
3516 5430 3691 5517 Regius:

503 5501 1319 5588 tiuuttlelictisquae-necessario
1335 5514 1673 5588 delinquunt,
1691 5516 1799 5570 tale
1816 5501 2020 5588 aliquid
2041 5532 2056 5570 :
2162 5501 2340 5570 nu‘mf
2370 5510 2510 5588 _l_6_59
2563 5501 2777 5588 habet}
2814 5510 2953 5588 dixit
2977 5527 2995 5561 ι
3032 5524 3129 5588 pro
3167 5526 3186 5560 ι
3217 5509 3436 5588 dixisse.
3468 5525 3489 5588 ξ
3520 5501 3690 5556 calle"

501 5576 739 5654 otttnium
772 5576 916 5654 enim
950 5580 1398 5654 dispensator,et
1450 5576 1723 5651 aliquibus
1751 5600 1817 5641 ex
1852 5576 1932 5640 eis
1970 5585 2055 5639 di-
2159 5599 2288 5639 vero
2318 5583 2472 5646 editi,
2508 5600 2527 5633 t
2567 5581 2793 5641 saeculi;
2824 5576 3045 5635 dicatur
3062 5579 3136 5633 ita
3168 5587 3224 5634 et
3262 5576 3564 5648 Apostolus.
3591 5614 3606 5628 .
3632 5607 3648 5623 .
3673 5604 3686 5618 ο

500 5645 659 5724 Filias
691 5645 1156 5724 coftfel‘ljﬁejtoc
1184 5645 1335 5721 quasi
1356 5645 1777 5724 spiritalesolius
1800 5655 2054 5710 Israel....
2159 5656 2441 5724 dixisse,_t
2460 5645 2574 5707 etc.
2621 5719 2652 5724 _
2833 5720 2845 5724 _
3046 5717 3059 5724 .
3311 5645 3327 5648 ”
3378 5715 3407 5724 ._
3437 5715 3452 5724 _
3511 5711 3563 5724 η

503 5712 1551 5797 istarequire.»Ms._Regiusnum;1659
1569 5712 1852 5797 perperam
1872 5724 2052 5789 habet,
2159 5794 2170 5797 Α
2229 5722 2342 5797 (56)
2370 5712 2568 5783 Βιαιηι.
2621 5719 2784 5780 Deest
2831 5720 2889 5778 in
2939 5717 3092 5776 libris
3124 5727 3281 5775 antea
3329 5715 3483 5774 editis
3510 5712 3598 5770 hic
3645 5712 3688 5769 σι

501 5801 537 5860 ι,
563 5795 668 5837 non
705 5789 846 5859 quia.
879 5789 1130 5859 specialis
1177 5792 1313 5848 alios
1366 5792 1527 5849 lsrael
1556 5789 1730 5851 fuisse
1766 5794 2047 5859 videatur;
2157 5789 2317 5852 infra.
