  <div class='ocr_page' id='page_1' title='image "/cluster/home/n/w/nwhite01/storage/ocr_20150623/14/hvd.32044024333478/604.png"; bbox 0 0 3766 6534; ppageno 0'>
   <div class='ocr_carea' id='block_1_1' title="bbox 54 435 186 490">
    <p class='ocr_par' dir='ltr' id='par_1_1' title="bbox 54 435 186 490">
     <span class='ocr_line' id='line_1_1' title="bbox 54 435 186 490; baseline 0 0"><span class='ocrx_word' id='word_1_1' title='bbox 54 435 186 490; x_wconf 70' lang='lat'><strong>£195</strong></span> 
     </span>
    </p>
   </div>
   <div class='ocr_carea' id='block_1_2' title="bbox 957 440 2306 503">
    <p class='ocr_par' dir='ltr' id='par_1_2' title="bbox 957 440 2306 503">
     <span class='ocr_line' id='line_1_2' title="bbox 957 440 2306 503; baseline 0.002 -6"><span class='ocrx_word' id='word_1_2' title='bbox 957 441 1310 500; x_wconf 76' lang='lat' dir='ltr'><strong>COMMENT.</strong></span> <span class='ocrx_word' id='word_1_3' title='bbox 1353 443 1418 497; x_wconf 67' lang='grc' dir='ltr'><strong>ΠΝ</strong></span> <span class='ocrx_word' id='word_1_4' title='bbox 1459 440 1654 498; x_wconf 82' lang='lat' dir='ltr'><strong>EPIST</strong></span> <span class='ocrx_word' id='word_1_5' title='bbox 1692 443 1782 498; x_wconf 83' lang='lat' dir='ltr'><strong>AD</strong></span> <span class='ocrx_word' id='word_1_6' title='bbox 1820 444 1984 501; x_wconf 80' lang='lat' dir='ltr'><strong>ROM.</strong></span> <span class='ocrx_word' id='word_1_7' title='bbox 2021 445 2148 502; x_wconf 80' lang='lat' dir='ltr'><strong>LIB.</strong></span> <span class='ocrx_word' id='word_1_8' title='bbox 2190 447 2306 503; x_wconf 80' lang='lat' dir='ltr'><strong>VIII</strong></span> 
     </span>
    </p>
   </div>
   <div class='ocr_carea' id='block_1_3' title="bbox 3138 445 3272 498">
    <p class='ocr_par' dir='ltr' id='par_1_3' title="bbox 3138 445 3272 498">
     <span class='ocr_line' id='line_1_3' title="bbox 3138 445 3272 498; baseline 0.03 -3"><span class='ocrx_word' id='word_1_9' title='bbox 3138 445 3272 498; x_wconf 69' lang='lat' dir='ltr'><strong>llus</strong></span> 
     </span>
    </p>
   </div>
   <div class='ocr_carea' id='block_1_4' title="bbox 44 561 3278 635">
    <p class='ocr_par' dir='ltr' id='par_1_4' title="bbox 44 561 3278 635">
     <span class='ocr_line' id='line_1_4' title="bbox 44 561 3278 635; baseline -0 -19"><span class='ocrx_word' id='word_1_10' title='bbox 44 571 134 616; x_wconf 91' lang='lat' dir='ltr'><strong>aut</strong></span> <span class='ocrx_word' id='word_1_11' title='bbox 161 561 400 618; x_wconf 74' lang='lat' dir='ltr'><strong>oleaster</strong></span> <span class='ocrx_word' id='word_1_12' title='bbox 423 561 679 627; x_wconf 75' lang='lat' dir='ltr'><strong>efﬁcitur,</strong></span> <span class='ocrx_word' id='word_1_13' title='bbox 707 572 797 615; x_wconf 90' lang='lat' dir='ltr'><strong>aut</strong></span> <span class='ocrx_word' id='word_1_14' title='bbox 823 561 1110 618; x_wconf 88' lang='lat' dir='ltr'><strong>lsraelitici</strong></span> <span class='ocrx_word' id='word_1_15' title='bbox 1140 563 1376 634; x_wconf 82' lang='lat' dir='ltr'><strong>generis,</strong></span> <span class='ocrx_word' id='word_1_16' title='bbox 1411 573 1504 616; x_wconf 88' lang='lat' dir='ltr'><strong>aut</strong></span> <span class='ocrx_word' id='word_1_17' title='bbox 1531 562 1610 617; x_wconf 88' lang='lat' dir='ltr'><strong>al-</strong></span> <span class='ocrx_word' id='word_1_18' title='bbox 1637 568 1684 624; x_wconf 72' lang='grc' dir='ltr'><strong>Α</strong></span> <span class='ocrx_word' id='word_1_19' title='bbox 1711 564 1868 620; x_wconf 91' lang='lat' dir='ltr'><strong>docet</strong></span> <span class='ocrx_word' id='word_1_20' title='bbox 1897 579 1994 621; x_wconf 92' lang='lat' dir='ltr'><strong>nos</strong></span> <span class='ocrx_word' id='word_1_21' title='bbox 2027 565 2320 635; x_wconf 74' lang='lat' dir='ltr'><strong>Apostolus</strong></span> <span class='ocrx_word' id='word_1_22' title='bbox 2353 579 2458 618; x_wconf 92' lang='lat' dir='ltr'><strong>non</strong></span> <span class='ocrx_word' id='word_1_23' title='bbox 2488 564 2675 620; x_wconf 73' lang='lat' dir='ltr'><strong>extolli</strong></span> <span class='ocrx_word' id='word_1_24' title='bbox 2703 566 2963 619; x_wconf 86' lang='lat' dir='ltr'><strong>adversus</strong></span> <span class='ocrx_word' id='word_1_25' title='bbox 3010 562 3278 627; x_wconf 88' lang='lat' dir='ltr'><strong>radicem,</strong></span> 
     </span>
    </p>
   </div>
   <div class='ocr_carea' id='block_1_5' title="bbox 46 653 1609 722">
    <p class='ocr_par' dir='ltr' id='par_1_5' title="bbox 46 653 1609 722">
     <span class='ocr_line' id='line_1_5' title="bbox 46 653 1609 722; baseline 0.001 -16"><span class='ocrx_word' id='word_1_26' title='bbox 46 653 214 706; x_wconf 89' lang='lat' dir='ltr'><strong>terius</strong></span> <span class='ocrx_word' id='word_1_27' title='bbox 250 653 534 722; x_wconf 87' lang='lat' dir='ltr'><strong>culpabilis</strong></span> <span class='ocrx_word' id='word_1_28' title='bbox 583 655 784 722; x_wconf 80' lang='lat' dir='ltr'><strong>gentis,</strong></span> <span class='ocrx_word' id='word_1_29' title='bbox 833 663 891 708; x_wconf 90' lang='lat' dir='ltr'><strong>ut</strong></span> <span class='ocrx_word' id='word_1_30' title='bbox 941 655 1157 708; x_wconf 76' lang='lat' dir='ltr'><strong>dicatur</strong></span> <span class='ocrx_word' id='word_1_31' title='bbox 1213 655 1277 709; x_wconf 90' lang='lat' dir='ltr'><strong>de</strong></span> <span class='ocrx_word' id='word_1_32' title='bbox 1326 671 1390 709; x_wconf 92' lang='lat' dir='ltr'><strong>co</strong></span> <span class='ocrx_word' id='word_1_33' title='bbox 1422 671 1435 706; x_wconf 93' lang='lat'><strong>:</strong></span> <span class='ocrx_word' id='word_1_34' title='bbox 1470 653 1609 720; x_wconf 93' lang='lat' dir='ltr'><strong>Quia</strong></span> 
     </span>
    </p>
   </div>
   <div class='ocr_carea' id='block_1_6' title="bbox 47 745 1612 814">
    <p class='ocr_par' dir='ltr' id='par_1_6' title="bbox 47 745 1612 814">
     <span class='ocr_line' id='line_1_6' title="bbox 47 745 1612 814; baseline 0.001 -18"><span class='ocrx_word' id='word_1_35' title='bbox 47 762 66 796; x_wconf 76' lang='grc' dir='ltr'><strong>ι</strong></span> <span class='ocrx_word' id='word_1_36' title='bbox 90 745 307 798; x_wconf 91' lang='lat' dir='ltr'><strong>alienati</strong></span> <span class='ocrx_word' id='word_1_37' title='bbox 349 755 474 798; x_wconf 89' lang='lat' dir='ltr'><strong>sunt</strong></span> <span class='ocrx_word' id='word_1_38' title='bbox 502 751 816 813; x_wconf 87' lang='lat' dir='ltr'><strong>peccatores</strong></span> <span class='ocrx_word' id='word_1_39' title='bbox 841 745 906 798; x_wconf 91' lang='lat' dir='ltr'><strong>ab</strong></span> <span class='ocrx_word' id='word_1_40' title='bbox 945 756 1100 798; x_wconf 88' lang='lat' dir='ltr'><strong>utero</strong></span> <span class='ocrx_word' id='word_1_41' title='bbox 1127 745 1259 814; x_wconf 83' lang='lat' dir='ltr'><strong>(8t),</strong></span> <span class='ocrx_word' id='word_1_42' title='bbox 1291 755 1612 798; x_wconf 88' lang='lat' dir='ltr'><strong>erraverunt</strong></span> 
     </span>
    </p>
   </div>
   <div class='ocr_carea' id='block_1_7' title="bbox 43 836 1608 906">
    <p class='ocr_par' dir='ltr' id='par_1_7' title="bbox 43 836 1608 906">
     <span class='ocr_line' id='line_1_7' title="bbox 43 836 1608 906; baseline -0.001 -14"><span class='ocrx_word' id='word_1_43' title='bbox 43 853 71 892; x_wconf 85' lang='lat' dir='ltr'><strong>a</strong></span> <span class='ocrx_word' id='word_1_44' title='bbox 102 848 332 893; x_wconf 84' lang='lat' dir='ltr'><strong>ventre:</strong></span> <span class='ocrx_word' id='word_1_45' title='bbox 374 837 534 891; x_wconf 92' lang='lat' dir='ltr'><strong>locuti</strong></span> <span class='ocrx_word' id='word_1_46' title='bbox 575 847 702 892; x_wconf 89' lang='lat' dir='ltr'><strong>sunt</strong></span> <span class='ocrx_word' id='word_1_47' title='bbox 743 836 880 891; x_wconf 85' lang='lat' dir='ltr'><strong>falsa</strong></span> <span class='ocrx_word' id='word_1_48' title='bbox 907 837 983 890; x_wconf 77' lang='lat' dir='ltr'><strong>“z</strong></span> <span class='ocrx_word' id='word_1_49' title='bbox 1022 857 1040 888; x_wconf 81' lang='grc' dir='ltr'><strong>ι</strong></span> <span class='ocrx_word' id='word_1_50' title='bbox 1094 837 1162 890; x_wconf 89' lang='lat' dir='ltr'><strong>ita</strong></span> <span class='ocrx_word' id='word_1_51' title='bbox 1208 847 1265 892; x_wconf 93' lang='lat' dir='ltr'><strong>ut</strong></span> <span class='ocrx_word' id='word_1_52' title='bbox 1294 839 1402 891; x_wconf 89' lang='lat' dir='ltr'><strong>sint</strong></span> <span class='ocrx_word' id='word_1_53' title='bbox 1452 854 1608 906; x_wconf 85' lang='lat' dir='ltr'><strong>pere-</strong></span> 
     </span>
    </p>
   </div>
   <div class='ocr_carea' id='block_1_8' title="bbox 44 935 1608 1005">
    <p class='ocr_par' dir='ltr' id='par_1_8' title="bbox 44 935 1608 1005">
     <span class='ocr_line' id='line_1_8' title="bbox 44 935 1608 1005; baseline 0.001 -20"><span class='ocrx_word' id='word_1_54' title='bbox 44 935 176 1000; x_wconf 68' lang='lat' dir='ltr'><strong>grini</strong></span> <span class='ocrx_word' id='word_1_55' title='bbox 237 943 721 998; x_wconf 84' lang='lat' dir='ltr'><strong>testamentorum,</strong></span> <span class='ocrx_word' id='word_1_56' title='bbox 778 943 836 988; x_wconf 91' lang='lat' dir='ltr'><strong>et</strong></span> <span class='ocrx_word' id='word_1_57' title='bbox 885 935 1130 1003; x_wconf 86' lang='lat' dir='ltr'><strong>hospites</strong></span> <span class='ocrx_word' id='word_1_58' title='bbox 1190 937 1608 1005; x_wconf 90' lang='lat' dir='ltr'><strong>pr0missionum</strong></span> 
     </span>
    </p>
   </div>
   <div class='ocr_carea' id='block_1_9' title="bbox 45 1025 1608 1095">
    <p class='ocr_par' dir='ltr' id='par_1_9' title="bbox 45 1025 1608 1095">
     <span class='ocr_line' id='line_1_9' title="bbox 45 1025 1608 1095; baseline 0.003 -17"><span class='ocrx_word' id='word_1_59' title='bbox 45 1026 219 1078; x_wconf 81' lang='lat' dir='ltr'><strong>Dei“.</strong></span> <span class='ocrx_word' id='word_1_60' title='bbox 249 1025 316 1080; x_wconf 87' lang='lat' dir='ltr'><strong>Et</strong></span> <span class='ocrx_word' id='word_1_61' title='bbox 341 1025 428 1079; x_wconf 87' lang='lat' dir='ltr'><strong>alii</strong></span> <span class='ocrx_word' id='word_1_62' title='bbox 450 1027 499 1079; x_wconf 94' lang='lat' dir='ltr'><strong>in</strong></span> <span class='ocrx_word' id='word_1_63' title='bbox 528 1025 694 1079; x_wconf 89' lang='lat' dir='ltr'><strong>Deum</strong></span> <span class='ocrx_word' id='word_1_64' title='bbox 718 1025 1001 1095; x_wconf 90' lang='lat' dir='ltr'><strong>jactantur</strong></span> <span class='ocrx_word' id='word_1_65' title='bbox 1022 1041 1089 1081; x_wconf 77' lang='lat' dir='ltr'><strong>ex</strong></span> <span class='ocrx_word' id='word_1_66' title='bbox 1117 1037 1294 1090; x_wconf 83' lang='lat' dir='ltr'><strong>utero,</strong></span> <span class='ocrx_word' id='word_1_67' title='bbox 1314 1039 1367 1080; x_wconf 91' lang='lat' dir='ltr'><strong>et</strong></span> <span class='ocrx_word' id='word_1_68' title='bbox 1391 1028 1608 1082; x_wconf 89' lang='lat' dir='ltr'><strong>dicunt:</strong></span> 
     </span>
    </p>
   </div>
   <div class='ocr_carea' id='block_1_10' title="bbox 49 1116 1612 1185">
    <p class='ocr_par' dir='ltr' id='par_1_10' title="bbox 49 1116 1612 1185">
     <span class='ocr_line' id='line_1_10' title="bbox 49 1116 1612 1185; baseline 0.004 -19"><span class='ocrx_word' id='word_1_69' title='bbox 49 1135 66 1166; x_wconf 80' lang='grc' dir='ltr'><strong>ι</strong></span> <span class='ocrx_word' id='word_1_70' title='bbox 99 1116 151 1168; x_wconf 94' lang='lat' dir='ltr'><strong>ln</strong></span> <span class='ocrx_word' id='word_1_71' title='bbox 190 1126 240 1170; x_wconf 93' lang='lat' dir='ltr'><strong>te</strong></span> <span class='ocrx_word' id='word_1_72' title='bbox 263 1116 499 1185; x_wconf 85' lang='lat' dir='ltr'><strong>jactatus</strong></span> <span class='ocrx_word' id='word_1_73' title='bbox 520 1132 637 1170; x_wconf 90' lang='lat' dir='ltr'><strong>sum</strong></span> <span class='ocrx_word' id='word_1_74' title='bbox 665 1133 733 1170; x_wconf 76' lang='lat' dir='ltr'><strong>ex</strong></span> <span class='ocrx_word' id='word_1_75' title='bbox 758 1129 939 1180; x_wconf 85' lang='lat' dir='ltr'><strong>utero,</strong></span> <span class='ocrx_word' id='word_1_76' title='bbox 965 1117 1029 1172; x_wconf 92' lang='lat' dir='ltr'><strong>de</strong></span> <span class='ocrx_word' id='word_1_77' title='bbox 1052 1129 1239 1172; x_wconf 83' lang='lat' dir='ltr'><strong>ventre</strong></span> <span class='ocrx_word' id='word_1_78' title='bbox 1267 1119 1460 1172; x_wconf 89' lang='lat' dir='ltr'><strong>matris</strong></span> <span class='ocrx_word' id='word_1_79' title='bbox 1483 1133 1612 1172; x_wconf 75' lang='lat' dir='ltr'><strong>mea:</strong></span> 
     </span>
    </p>
   </div>
   <div class='ocr_carea' id='block_1_11' title="bbox 45 1205 1608 1277">
    <p class='ocr_par' dir='ltr' id='par_1_11' title="bbox 45 1205 1608 1277">
     <span class='ocr_line' id='line_1_11' title="bbox 45 1205 1608 1277; baseline 0.003 -20"><span class='ocrx_word' id='word_1_80' title='bbox 45 1205 177 1259; x_wconf 84' lang='lat' dir='ltr'><strong>Deus</strong></span> <span class='ocrx_word' id='word_1_81' title='bbox 227 1222 380 1260; x_wconf 91' lang='lat' dir='ltr'><strong>meus</strong></span> <span class='ocrx_word' id='word_1_82' title='bbox 422 1222 480 1261; x_wconf 93' lang='lat' dir='ltr'><strong>es</strong></span> <span class='ocrx_word' id='word_1_83' title='bbox 521 1221 575 1260; x_wconf 87' lang='lat' dir='ltr'><strong>tu</strong></span> <span class='ocrx_word' id='word_1_84' title='bbox 605 1207 672 1262; x_wconf 83' lang='grc'><strong>⁸⁸.</strong></span> <span class='ocrx_word' id='word_1_85' title='bbox 706 1227 726 1259; x_wconf 83' lang='grc'><strong>›</strong></span> <span class='ocrx_word' id='word_1_86' title='bbox 770 1208 874 1262; x_wconf 85' lang='lat' dir='ltr'><strong>Sed</strong></span> <span class='ocrx_word' id='word_1_87' title='bbox 910 1210 1195 1277; x_wconf 88' lang='lat' dir='ltr'><strong>quoniam,</strong></span> <span class='ocrx_word' id='word_1_88' title='bbox 1244 1219 1302 1263; x_wconf 90' lang='lat' dir='ltr'><strong>ut</strong></span> <span class='ocrx_word' id='word_1_89' title='bbox 1354 1211 1608 1272; x_wconf 84' lang='lat' dir='ltr'><strong>diximus,</strong></span> 
     </span>
    </p>
   </div>
   <div class='ocr_carea' id='block_1_12' title="bbox 43 1296 1609 1364">
    <p class='ocr_par' dir='ltr' id='par_1_12' title="bbox 43 1296 1609 1364">
     <span class='ocr_line' id='line_1_12' title="bbox 43 1296 1609 1364; baseline 0.004 -20"><span class='ocrx_word' id='word_1_90' title='bbox 43 1305 326 1363; x_wconf 81' lang='lat' dir='ltr'><strong>permanet</strong></span> <span class='ocrx_word' id='word_1_91' title='bbox 375 1310 589 1364; x_wconf 83' lang='lat' dir='ltr'><strong>semper</strong></span> <span class='ocrx_word' id='word_1_92' title='bbox 650 1307 860 1349; x_wconf 62' lang='lat' dir='ltr'><strong>natura:</strong></span> <span class='ocrx_word' id='word_1_93' title='bbox 923 1296 1048 1352; x_wconf 84' lang='lat' dir='ltr'><strong>huic</strong></span> <span class='ocrx_word' id='word_1_94' title='bbox 1099 1297 1324 1350; x_wconf 86' lang='lat' dir='ltr'><strong>libertas</strong></span> <span class='ocrx_word' id='word_1_95' title='bbox 1374 1297 1609 1359; x_wconf 83' lang='lat' dir='ltr'><strong>arbitrii,</strong></span> 
     </span>
    </p>
   </div>
   <div class='ocr_carea' id='block_1_13' title="bbox 44 1385 1613 1458">
    <p class='ocr_par' dir='ltr' id='par_1_13' title="bbox 44 1385 1613 1458">
     <span class='ocr_line' id='line_1_13' title="bbox 44 1385 1613 1458; baseline 0.006 -26"><span class='ocrx_word' id='word_1_96' title='bbox 44 1385 303 1452; x_wconf 77' lang='lat' dir='ltr'><strong>possibile</strong></span> <span class='ocrx_word' id='word_1_97' title='bbox 332 1395 412 1439; x_wconf 91' lang='lat' dir='ltr'><strong>est</strong></span> <span class='ocrx_word' id='word_1_98' title='bbox 442 1396 500 1438; x_wconf 91' lang='lat' dir='ltr'><strong>ut</strong></span> <span class='ocrx_word' id='word_1_99' title='bbox 525 1403 648 1440; x_wconf 85' lang='lat' dir='ltr'><strong>cum</strong></span> <span class='ocrx_word' id='word_1_100' title='bbox 678 1388 746 1440; x_wconf 91' lang='lat' dir='ltr'><strong>sit</strong></span> <span class='ocrx_word' id='word_1_101' title='bbox 780 1387 904 1456; x_wconf 83' lang='lat' dir='ltr'><strong>quis</strong></span> <span class='ocrx_word' id='word_1_102' title='bbox 951 1388 1263 1442; x_wconf 74' lang='lat' dir='ltr'><strong>Israelitica:</strong></span> <span class='ocrx_word' id='word_1_103' title='bbox 1307 1388 1507 1458; x_wconf 76' lang='lat' dir='ltr'><strong>gentis,</strong></span> <span class='ocrx_word' id='word_1_104' title='bbox 1557 1396 1613 1442; x_wconf 89' lang='lat' dir='ltr'><strong>et</strong></span> 
     </span>
    </p>
   </div>
   <div class='ocr_carea' id='block_1_14' title="bbox 44 1477 1613 1546">
    <p class='ocr_par' dir='ltr' id='par_1_14' title="bbox 44 1477 1613 1546">
     <span class='ocr_line' id='line_1_14' title="bbox 44 1477 1613 1546; baseline 0.003 -18"><span class='ocrx_word' id='word_1_105' title='bbox 44 1478 188 1530; x_wconf 77' lang='lat' dir='ltr'><strong>bona:</strong></span> <span class='ocrx_word' id='word_1_106' title='bbox 223 1477 380 1532; x_wconf 77' lang='lat' dir='ltr'><strong>olivze</strong></span> <span class='ocrx_word' id='word_1_107' title='bbox 413 1495 618 1546; x_wconf 90' lang='lat' dir='ltr'><strong>ramus,</strong></span> <span class='ocrx_word' id='word_1_108' title='bbox 662 1482 879 1534; x_wconf 80' lang='lat' dir='ltr'><strong>decidat</strong></span> <span class='ocrx_word' id='word_1_109' title='bbox 939 1484 990 1534; x_wconf 90' lang='lat' dir='ltr'><strong>in</strong></span> <span class='ocrx_word' id='word_1_110' title='bbox 1049 1481 1508 1546; x_wconf 86' lang='lat' dir='ltr'><strong>incredulitatem,</strong></span> <span class='ocrx_word' id='word_1_111' title='bbox 1559 1490 1613 1534; x_wconf 91' lang='lat' dir='ltr'><strong>et</strong></span> 
     </span>
    </p>
   </div>
   <div class='ocr_carea' id='block_1_15' title="bbox 45 1566 1612 1640">
    <p class='ocr_par' dir='ltr' id='par_1_15' title="bbox 45 1566 1612 1640">
     <span class='ocr_line' id='line_1_15' title="bbox 45 1566 1612 1640; baseline 0.004 -22"><span class='ocrx_word' id='word_1_112' title='bbox 45 1566 358 1635; x_wconf 79' lang='lat' dir='ltr'><strong>frangatur:</strong></span> <span class='ocrx_word' id='word_1_113' title='bbox 391 1578 444 1623; x_wconf 93' lang='lat' dir='ltr'><strong>et</strong></span> <span class='ocrx_word' id='word_1_114' title='bbox 475 1585 664 1624; x_wconf 89' lang='lat' dir='ltr'><strong>rursus</strong></span> <span class='ocrx_word' id='word_1_115' title='bbox 698 1571 837 1624; x_wconf 88' lang='lat' dir='ltr'><strong>alius</strong></span> <span class='ocrx_word' id='word_1_116' title='bbox 868 1572 960 1640; x_wconf 91' lang='lat' dir='ltr'><strong>qui</strong></span> <span class='ocrx_word' id='word_1_117' title='bbox 994 1571 1238 1640; x_wconf 77' lang='lat' dir='ltr'><strong>elegerat</strong></span> <span class='ocrx_word' id='word_1_118' title='bbox 1273 1571 1452 1640; x_wconf 78' lang='lat' dir='ltr'><strong>gentis</strong></span> <span class='ocrx_word' id='word_1_119' title='bbox 1491 1586 1612 1625; x_wconf 86' lang='lat' dir='ltr'><strong>esse</strong></span> 
     </span>
    </p>
   </div>
   <div class='ocr_carea' id='block_1_16' title="bbox 45 1660 1612 1734">
    <p class='ocr_par' dir='ltr' id='par_1_16' title="bbox 45 1660 1612 1734">
     <span class='ocr_line' id='line_1_16' title="bbox 45 1660 1612 1734; baseline 0.004 -24"><span class='ocrx_word' id='word_1_120' title='bbox 45 1660 323 1727; x_wconf 89' lang='lat' dir='ltr'><strong>culpabilis</strong></span> <span class='ocrx_word' id='word_1_121' title='bbox 375 1662 482 1731; x_wconf 69' lang='lat'><strong>(82)</strong></span> <span class='ocrx_word' id='word_1_122' title='bbox 533 1673 586 1716; x_wconf 90' lang='lat' dir='ltr'><strong>et</strong></span> <span class='ocrx_word' id='word_1_123' title='bbox 622 1663 962 1732; x_wconf 89' lang='lat' dir='ltr'><strong>peccatrieis,</strong></span> <span class='ocrx_word' id='word_1_124' title='bbox 1023 1675 1078 1718; x_wconf 92' lang='lat' dir='ltr'><strong>et</strong></span> <span class='ocrx_word' id='word_1_125' title='bbox 1132 1681 1228 1734; x_wconf 91' lang='lat' dir='ltr'><strong>per</strong></span> <span class='ocrx_word' id='word_1_126' title='bbox 1279 1667 1376 1718; x_wconf 93' lang='lat' dir='ltr'><strong>hoc</strong></span> <span class='ocrx_word' id='word_1_127' title='bbox 1428 1680 1612 1717; x_wconf 90' lang='lat' dir='ltr'><strong>ramus</strong></span> 
     </span>
    </p>
   </div>
   <div class='ocr_carea' id='block_1_17' title="bbox 45 1750 1612 1828">
    <p class='ocr_par' dir='ltr' id='par_1_17' title="bbox 45 1750 1612 1828">
     <span class='ocr_line' id='line_1_17' title="bbox 45 1750 1612 1828; baseline 0.004 -24"><span class='ocrx_word' id='word_1_128' title='bbox 45 1750 259 1806; x_wconf 78' lang='lat' dir='ltr'><strong>oleastri</strong></span> <span class='ocrx_word' id='word_1_129' title='bbox 292 1754 594 1817; x_wconf 88' lang='lat' dir='ltr'><strong>dicebatur,</strong></span> <span class='ocrx_word' id='word_1_130' title='bbox 641 1755 685 1810; x_wconf 88' lang='lat' dir='ltr'><strong>si</strong></span> <span class='ocrx_word' id='word_1_131' title='bbox 724 1767 1076 1810; x_wconf 68' lang='lat' dir='ltr'><strong>COIIVBHJNII‘</strong></span> <span class='ocrx_word' id='word_1_132' title='bbox 1111 1757 1176 1811; x_wconf 89' lang='lat' dir='ltr'><strong>ad</strong></span> <span class='ocrx_word' id='word_1_133' title='bbox 1218 1758 1376 1811; x_wconf 88' lang='lat' dir='ltr'><strong>fidem</strong></span> <span class='ocrx_word' id='word_1_134' title='bbox 1426 1758 1612 1828; x_wconf 86' lang='lat' dir='ltr'><strong>(habet</strong></span> 
     </span>
    </p>
   </div>
   <div class='ocr_carea' id='block_1_18' title="bbox 45 1844 1608 1918">
    <p class='ocr_par' dir='ltr' id='par_1_18' title="bbox 45 1844 1608 1918">
     <span class='ocr_line' id='line_1_18' title="bbox 45 1844 1608 1918; baseline 0.003 -22"><span class='ocrx_word' id='word_1_135' title='bbox 45 1844 174 1896; x_wconf 89' lang='lat' dir='ltr'><strong>enim</strong></span> <span class='ocrx_word' id='word_1_136' title='bbox 211 1845 261 1896; x_wconf 94' lang='lat' dir='ltr'><strong>in</strong></span> <span class='ocrx_word' id='word_1_137' title='bbox 294 1860 354 1899; x_wconf 90' lang='lat' dir='ltr'><strong>se</strong></span> <span class='ocrx_word' id='word_1_138' title='bbox 377 1845 588 1900; x_wconf 86' lang='lat' dir='ltr'><strong>arbitrii</strong></span> <span class='ocrx_word' id='word_1_139' title='bbox 619 1845 701 1900; x_wconf 90' lang='lat' dir='ltr'><strong>sui</strong></span> <span class='ocrx_word' id='word_1_140' title='bbox 737 1845 850 1918; x_wconf 77' lang='grc'>(83)</span> <span class='ocrx_word' id='word_1_141' title='bbox 877 1847 1203 1911; x_wconf 87' lang='lat' dir='ltr'><strong>libertatem,</strong></span> <span class='ocrx_word' id='word_1_142' title='bbox 1231 1864 1337 1917; x_wconf 88' lang='lat' dir='ltr'><strong>qua</strong></span> <span class='ocrx_word' id='word_1_143' title='bbox 1361 1847 1608 1902; x_wconf 88' lang='lat' dir='ltr'><strong>converti</strong></span> 
     </span>
    </p>
   </div>
   <div class='ocr_carea' id='block_1_19' title="bbox 1713 653 3274 726">
    <p class='ocr_par' dir='ltr' id='par_1_19' title="bbox 1713 653 3274 726">
     <span class='ocr_line' id='line_1_19' title="bbox 1713 653 3274 726; baseline -0.001 -16"><span class='ocrx_word' id='word_1_144' title='bbox 1713 657 1794 711; x_wconf 85' lang='lat' dir='ltr'><strong>vel</strong></span> <span class='ocrx_word' id='word_1_145' title='bbox 1830 657 2036 714; x_wconf 88' lang='lat' dir='ltr'><strong>fractos</strong></span> <span class='ocrx_word' id='word_1_146' title='bbox 2070 673 2248 712; x_wconf 89' lang='lat' dir='ltr'><strong>ramos</strong></span> <span class='ocrx_word' id='word_1_147' title='bbox 2281 657 2571 723; x_wconf 88' lang='lat' dir='ltr'><strong>Israelitas,</strong></span> <span class='ocrx_word' id='word_1_148' title='bbox 2619 670 2797 726; x_wconf 87' lang='lat' dir='ltr'><strong>neque</strong></span> <span class='ocrx_word' id='word_1_149' title='bbox 2836 656 3098 712; x_wconf 89' lang='lat' dir='ltr'><strong>insultare</strong></span> <span class='ocrx_word' id='word_1_150' title='bbox 3150 653 3274 708; x_wconf 89' lang='lat' dir='ltr'><strong>eis:</strong></span> 
     </span>
    </p>
   </div>
   <div class='ocr_carea' id='block_1_20' title="bbox 1711 750 3272 820">
    <p class='ocr_par' dir='ltr' id='par_1_20' title="bbox 1711 750 3272 820">
     <span class='ocr_line' id='line_1_20' title="bbox 1711 750 3272 820; baseline 0.003 -19"><span class='ocrx_word' id='word_1_151' title='bbox 1711 750 1838 818; x_wconf 83' lang='lat' dir='ltr'><strong>quia</strong></span> <span class='ocrx_word' id='word_1_152' title='bbox 1895 766 2000 805; x_wconf 93' lang='lat' dir='ltr'><strong>non</strong></span> <span class='ocrx_word' id='word_1_153' title='bbox 2054 767 2153 806; x_wconf 91' lang='lat' dir='ltr'><strong>nos</strong></span> <span class='ocrx_word' id='word_1_154' title='bbox 2196 753 2433 806; x_wconf 88' lang='lat' dir='ltr'><strong>radicem</strong></span> <span class='ocrx_word' id='word_1_155' title='bbox 2482 761 2784 820; x_wconf 90' lang='lat' dir='ltr'><strong>portamus,</strong></span> <span class='ocrx_word' id='word_1_156' title='bbox 2827 751 2920 806; x_wconf 88' lang='lat' dir='ltr'><strong>sed</strong></span> <span class='ocrx_word' id='word_1_157' title='bbox 2963 752 3119 807; x_wconf 81' lang='lat' dir='ltr'><strong>radix</strong></span> <span class='ocrx_word' id='word_1_158' title='bbox 3150 767 3272 807; x_wconf 91' lang='lat' dir='ltr'><strong>nos.</strong></span> 
     </span>
    </p>
   </div>
   <div class='ocr_carea' id='block_1_21' title="bbox 1710 840 3277 913">
    <p class='ocr_par' dir='ltr' id='par_1_21' title="bbox 1710 840 3277 913">
     <span class='ocr_line' id='line_1_21' title="bbox 1710 840 3277 913; baseline 0.002 -19"><span class='ocrx_word' id='word_1_159' title='bbox 1710 840 1828 897; x_wconf 79' lang='lat' dir='ltr'><strong>Non</strong></span> <span class='ocrx_word' id='word_1_160' title='bbox 1867 843 2010 896; x_wconf 92' lang='lat' dir='ltr'><strong>enim</strong></span> <span class='ocrx_word' id='word_1_161' title='bbox 2062 843 2323 898; x_wconf 80' lang='lat' dir='ltr'><strong>habemus</strong></span> <span class='ocrx_word' id='word_1_162' title='bbox 2363 844 2476 913; x_wconf 83' lang='lat'><strong>(89)</strong></span> <span class='ocrx_word' id='word_1_163' title='bbox 2507 843 2648 911; x_wconf 88' lang='lat' dir='ltr'><strong>quod</strong></span> <span class='ocrx_word' id='word_1_164' title='bbox 2685 858 2788 896; x_wconf 92' lang='lat' dir='ltr'><strong>non</strong></span> <span class='ocrx_word' id='word_1_165' title='bbox 2835 845 3168 913; x_wconf 89' lang='lat' dir='ltr'><strong>accepimus.</strong></span> <span class='ocrx_word' id='word_1_166' title='bbox 3218 841 3277 898; x_wconf 88' lang='lat' dir='ltr'><strong>Si</strong></span> 
     </span>
    </p>
   </div>
   <div class='ocr_carea' id='block_1_22' title="bbox 1711 935 3280 1004">
    <p class='ocr_par' dir='ltr' id='par_1_22' title="bbox 1711 935 3280 1004">
     <span class='ocr_line' id='line_1_22' title="bbox 1711 935 3280 1004; baseline 0.003 -18"><span class='ocrx_word' id='word_1_167' title='bbox 1711 945 1888 987; x_wconf 91' lang='lat' dir='ltr'><strong>autem</strong></span> <span class='ocrx_word' id='word_1_168' title='bbox 1919 937 2250 999; x_wconf 84' lang='lat' dir='ltr'><strong>accepimus,</strong></span> <span class='ocrx_word' id='word_1_169' title='bbox 2277 935 2406 1003; x_wconf 87' lang='lat' dir='ltr'><strong>quid</strong></span> <span class='ocrx_word' id='word_1_170' title='bbox 2436 935 2733 1002; x_wconf 76' lang='lat' dir='ltr'><strong>gloriamur</strong></span> <span class='ocrx_word' id='word_1_171' title='bbox 2774 935 2930 1004; x_wconf 90' lang='lat' dir='ltr'><strong>quasi</strong></span> <span class='ocrx_word' id='word_1_172' title='bbox 2981 951 3085 989; x_wconf 92' lang='lat' dir='ltr'><strong>non</strong></span> <span class='ocrx_word' id='word_1_173' title='bbox 3120 951 3280 991; x_wconf 62' lang='lat' dir='ltr'><strong>acceo</strong></span> 
     </span>
    </p>
   </div>
   <div class='ocr_carea' id='block_1_23' title="bbox 1711 1025 3282 1097">
    <p class='ocr_par' dir='ltr' id='par_1_23' title="bbox 1711 1025 3282 1097">
     <span class='ocr_line' id='line_1_23' title="bbox 1711 1025 3282 1097; baseline 0 -19"><span class='ocrx_word' id='word_1_174' title='bbox 1711 1027 1948 1094; x_wconf 91' lang='lat' dir='ltr'><strong>perimus</strong></span> <span class='ocrx_word' id='word_1_175' title='bbox 1972 1026 2066 1079; x_wconf 73' lang='lat'><strong>“&#39;3</strong></span> <span class='ocrx_word' id='word_1_176' title='bbox 2115 1025 2250 1079; x_wconf 88' lang='lat' dir='ltr'><strong>Tum</strong></span> <span class='ocrx_word' id='word_1_177' title='bbox 2306 1027 2498 1086; x_wconf 80' lang='lat' dir='ltr'><strong>deinde</strong></span> <span class='ocrx_word' id='word_1_178' title='bbox 2530 1029 2683 1094; x_wconf 89' lang='lat' dir='ltr'><strong>quasi</strong></span> <span class='ocrx_word' id='word_1_179' title='bbox 2722 1027 3046 1097; x_wconf 85' lang='lat' dir='ltr'><strong>quibusdam</strong></span> <span class='ocrx_word' id='word_1_180' title='bbox 3100 1027 3282 1097; x_wconf 54' lang='lat' dir='ltr'><strong>impii-</strong></span> 
     </span>
    </p>
   </div>
   <div class='ocr_carea' id='block_1_24' title="bbox 1711 1115 3283 1172">
    <p class='ocr_par' dir='ltr' id='par_1_24' title="bbox 1711 1115 3283 1172">
     <span class='ocr_line' id='line_1_24' title="bbox 1711 1115 3283 1172; baseline -0.001 -3"><span class='ocrx_word' id='word_1_181' title='bbox 1711 1115 1925 1171; x_wconf 89' lang='lat' dir='ltr'><strong>dentius</strong></span> <span class='ocrx_word' id='word_1_182' title='bbox 1953 1117 2334 1172; x_wconf 90' lang='lat' dir='ltr'><strong>insultantibus</strong></span> <span class='ocrx_word' id='word_1_183' title='bbox 2357 1128 2412 1172; x_wconf 89' lang='lat' dir='ltr'><strong>et</strong></span> <span class='ocrx_word' id='word_1_184' title='bbox 2439 1118 2744 1172; x_wconf 80' lang='lat' dir='ltr'><strong>dicentibus</strong></span> <span class='ocrx_word' id='word_1_185' title='bbox 2770 1133 2783 1168; x_wconf 88' lang='grc'>;</span> <span class='ocrx_word' id='word_1_186' title='bbox 2818 1115 2872 1171; x_wconf 90' lang='lat' dir='ltr'><strong>Si</strong></span> <span class='ocrx_word' id='word_1_187' title='bbox 2904 1135 2922 1167; x_wconf 84' lang='lat'><strong>(</strong></span> <span class='ocrx_word' id='word_1_188' title='bbox 2963 1117 3123 1170; x_wconf 90' lang='lat' dir='ltr'><strong>fracti</strong></span> <span class='ocrx_word' id='word_1_189' title='bbox 3154 1125 3283 1170; x_wconf 90' lang='lat' dir='ltr'><strong>sunt</strong></span> 
     </span>
    </p>
   </div>
   <div class='ocr_carea' id='block_1_25' title="bbox 1713 1207 3281 1279">
    <p class='ocr_par' dir='ltr' id='par_1_25' title="bbox 1713 1207 3281 1279">
     <span class='ocr_line' id='line_1_25' title="bbox 1713 1207 3281 1279; baseline 0.001 -21"><span class='ocrx_word' id='word_1_190' title='bbox 1713 1208 1847 1260; x_wconf 90' lang='lat' dir='ltr'><strong>rami</strong></span> <span class='ocrx_word' id='word_1_191' title='bbox 1911 1207 2074 1279; x_wconf 84' lang='lat'><strong>(90):</strong></span> <span class='ocrx_word' id='word_1_192' title='bbox 2149 1211 2578 1279; x_wconf 73' lang='lat' dir='ltr'><strong>benezpropter</strong></span> <span class='ocrx_word' id='word_1_193' title='bbox 2628 1208 3069 1263; x_wconf 88' lang='lat' dir='ltr'><strong>incredulitatem</strong></span> <span class='ocrx_word' id='word_1_194' title='bbox 3122 1208 3281 1261; x_wconf 83' lang='lat' dir='ltr'><strong>fracti</strong></span> 
     </span>
    </p>
   </div>
   <div class='ocr_carea' id='block_1_26' title="bbox 1712 1298 3284 1368">
    <p class='ocr_par' dir='ltr' id='par_1_26' title="bbox 1712 1298 3284 1368">
     <span class='ocr_line' id='line_1_26' title="bbox 1712 1298 3284 1368; baseline -0.001 -18"><span class='ocrx_word' id='word_1_195' title='bbox 1712 1307 1857 1361; x_wconf 90' lang='lat' dir='ltr'><strong>sunt,</strong></span> <span class='ocrx_word' id='word_1_196' title='bbox 1894 1308 1952 1350; x_wconf 92' lang='lat' dir='ltr'><strong>ut</strong></span> <span class='ocrx_word' id='word_1_197' title='bbox 1982 1313 2082 1367; x_wconf 77' lang='lat' dir='ltr'><strong>ego</strong></span> <span class='ocrx_word' id='word_1_198' title='bbox 2125 1298 2400 1352; x_wconf 88' lang='lat' dir='ltr'><strong>insererer</strong></span> <span class='ocrx_word' id='word_1_199' title='bbox 2433 1317 2452 1350; x_wconf 73' lang='grc' dir='ltr'><strong>ι</strong></span> <span class='ocrx_word' id='word_1_200' title='bbox 2508 1298 2598 1368; x_wconf 88' lang='lat' dir='ltr'><strong>qui</strong></span> <span class='ocrx_word' id='word_1_201' title='bbox 2633 1299 2963 1352; x_wconf 85' lang='lat' dir='ltr'><strong>credebam:</strong></span> <span class='ocrx_word' id='word_1_202' title='bbox 3003 1299 3103 1352; x_wconf 90' lang='lat' dir='ltr'><strong>bos</strong></span> <span class='ocrx_word' id='word_1_203' title='bbox 3151 1310 3284 1363; x_wconf 81' lang='lat' dir='ltr'><strong>ergo</strong></span> 
     </span>
    </p>
   </div>
   <div class='ocr_carea' id='block_1_27' title="bbox 1712 1388 3284 1458">
    <p class='ocr_par' dir='ltr' id='par_1_27' title="bbox 1712 1388 3284 1458">
     <span class='ocr_line' id='line_1_27' title="bbox 1712 1388 3284 1458; baseline -0.002 -16"><span class='ocrx_word' id='word_1_204' title='bbox 1712 1388 2013 1457; x_wconf 89' lang='lat' dir='ltr'><strong>reprimens</strong></span> <span class='ocrx_word' id='word_1_205' title='bbox 2058 1389 2348 1458; x_wconf 84' lang='lat' dir='ltr'><strong>Apostolus</strong></span> <span class='ocrx_word' id='word_1_206' title='bbox 2399 1389 2573 1444; x_wconf 90' lang='lat' dir='ltr'><strong>dicit:</strong></span> <span class='ocrx_word' id='word_1_207' title='bbox 2624 1389 2701 1442; x_wconf 91' lang='lat' dir='ltr'><strong>Illi</strong></span> <span class='ocrx_word' id='word_1_208' title='bbox 2733 1389 2949 1457; x_wconf 88' lang='lat' dir='ltr'><strong>quidem</strong></span> <span class='ocrx_word' id='word_1_209' title='bbox 2980 1404 3080 1458; x_wconf 90' lang='lat' dir='ltr'><strong>per</strong></span> <span class='ocrx_word' id='word_1_210' title='bbox 3107 1389 3284 1444; x_wconf 87' lang='lat' dir='ltr'><strong>inere-</strong></span> 
     </span>
    </p>
   </div>
   <div class='ocr_carea' id='block_1_28' title="bbox 1711 1476 3280 1545">
    <p class='ocr_par' dir='ltr' id='par_1_28' title="bbox 1711 1476 3280 1545">
     <span class='ocr_line' id='line_1_28' title="bbox 1711 1476 3280 1545; baseline -0.002 -14"><span class='ocrx_word' id='word_1_211' title='bbox 1711 1478 1989 1532; x_wconf 91' lang='lat' dir='ltr'><strong>dulitatem</strong></span> <span class='ocrx_word' id='word_1_212' title='bbox 2019 1477 2177 1531; x_wconf 90' lang='lat' dir='ltr'><strong>fracti</strong></span> <span class='ocrx_word' id='word_1_213' title='bbox 2211 1488 2358 1542; x_wconf 90' lang='lat' dir='ltr'><strong>sunt,</strong></span> <span class='ocrx_word' id='word_1_214' title='bbox 2406 1487 2458 1533; x_wconf 92' lang='lat' dir='ltr'><strong>et</strong></span> <span class='ocrx_word' id='word_1_215' title='bbox 2499 1488 2554 1532; x_wconf 87' lang='lat' dir='ltr'><strong>tu</strong></span> <span class='ocrx_word' id='word_1_216' title='bbox 2592 1479 2830 1532; x_wconf 88' lang='lat' dir='ltr'><strong>insertus</strong></span> <span class='ocrx_word' id='word_1_217' title='bbox 2860 1489 2919 1530; x_wconf 88' lang='lat' dir='ltr'><strong>es</strong></span> <span class='ocrx_word' id='word_1_218' title='bbox 2957 1492 3051 1545; x_wconf 90' lang='lat' dir='ltr'><strong>per</strong></span> <span class='ocrx_word' id='word_1_219' title='bbox 3095 1476 3280 1541; x_wconf 83' lang='lat' dir='ltr'><strong>fidem,</strong></span> 
     </span>
    </p>
   </div>
   <div class='ocr_carea' id='block_1_29' title="bbox 1710 1567 3282 1638">
    <p class='ocr_par' dir='ltr' id='par_1_29' title="bbox 1710 1567 3282 1638">
     <span class='ocr_line' id='line_1_29' title="bbox 1710 1567 3282 1638; baseline -0.002 -14"><span class='ocrx_word' id='word_1_220' title='bbox 1710 1579 1763 1624; x_wconf 90' lang='lat' dir='ltr'><strong>et</strong></span> <span class='ocrx_word' id='word_1_221' title='bbox 1790 1571 1842 1623; x_wconf 93' lang='lat' dir='ltr'><strong>in</strong></span> <span class='ocrx_word' id='word_1_222' title='bbox 1873 1572 1974 1623; x_wconf 90' lang='lat' dir='ltr'><strong>lide</strong></span> <span class='ocrx_word' id='word_1_223' title='bbox 2006 1580 2157 1624; x_wconf 88' lang='lat' dir='ltr'><strong>stas:</strong></span> <span class='ocrx_word' id='word_1_224' title='bbox 2191 1572 2286 1626; x_wconf 87' lang='lat' dir='ltr'><strong>sed</strong></span> <span class='ocrx_word' id='word_1_225' title='bbox 2317 1580 2588 1624; x_wconf 88' lang='lat' dir='ltr'><strong>memento</strong></span> <span class='ocrx_word' id='word_1_226' title='bbox 2617 1570 2745 1638; x_wconf 91' lang='lat' dir='ltr'><strong>quia</strong></span> <span class='ocrx_word' id='word_1_227' title='bbox 2803 1586 2822 1620; x_wconf 78' lang='grc' dir='ltr'><strong>ι</strong></span> <span class='ocrx_word' id='word_1_228' title='bbox 2859 1569 3037 1622; x_wconf 87' lang='lat' dir='ltr'><strong>omnis</strong></span> <span class='ocrx_word' id='word_1_229' title='bbox 3079 1567 3172 1636; x_wconf 87' lang='lat' dir='ltr'><strong>qui</strong></span> <span class='ocrx_word' id='word_1_230' title='bbox 3220 1581 3282 1621; x_wconf 89' lang='lat' dir='ltr'><strong>se</strong></span> 
     </span>
    </p>
   </div>
   <div class='ocr_carea' id='block_1_30' title="bbox 1709 1658 3282 1728">
    <p class='ocr_par' dir='ltr' id='par_1_30' title="bbox 1709 1658 3282 1728">
     <span class='ocr_line' id='line_1_30' title="bbox 1709 1658 3282 1728; baseline -0.001 -14"><span class='ocrx_word' id='word_1_231' title='bbox 1709 1661 1911 1714; x_wconf 85' lang='lat' dir='ltr'><strong>exaltat</strong></span> <span class='ocrx_word' id='word_1_232' title='bbox 1955 1661 2330 1717; x_wconf 89' lang='lat' dir='ltr'><strong>bumiliabitur</strong></span> <span class='ocrx_word' id='word_1_233' title='bbox 2370 1663 2461 1723; x_wconf 68' lang='lat'><strong>7°;</strong></span> <span class='ocrx_word' id='word_1_234' title='bbox 2500 1681 2522 1716; x_wconf 77' lang='grc' dir='ltr'><strong>ι</strong></span> <span class='ocrx_word' id='word_1_235' title='bbox 2581 1671 2636 1714; x_wconf 90' lang='lat' dir='ltr'><strong>et</strong></span> <span class='ocrx_word' id='word_1_236' title='bbox 2680 1661 2800 1714; x_wconf 90' lang='lat' dir='ltr'><strong>ideo</strong></span> <span class='ocrx_word' id='word_1_237' title='bbox 2849 1676 2869 1710; x_wconf 79' lang='grc' dir='ltr'><strong>ι</strong></span> <span class='ocrx_word' id='word_1_238' title='bbox 2904 1658 3014 1713; x_wconf 93' lang='lat' dir='ltr'><strong>noli</strong></span> <span class='ocrx_word' id='word_1_239' title='bbox 3049 1659 3282 1728; x_wconf 89' lang='lat' dir='ltr'><strong>superbe</strong></span> 
     </span>
    </p>
   </div>
   <div class='ocr_carea' id='block_1_31' title="bbox 1711 1747 3281 1820">
    <p class='ocr_par' dir='ltr' id='par_1_31' title="bbox 1711 1747 3281 1820">
     <span class='ocr_line' id='line_1_31' title="bbox 1711 1747 3281 1820; baseline 0.001 -18"><span class='ocrx_word' id='word_1_240' title='bbox 1711 1764 1906 1819; x_wconf 89' lang='lat' dir='ltr'><strong>sapere</strong></span> <span class='ocrx_word' id='word_1_241' title='bbox 1932 1749 2066 1820; x_wconf 79' lang='grc'>(91),</span> <span class='ocrx_word' id='word_1_242' title='bbox 2105 1769 2123 1800; x_wconf 77' lang='grc' dir='ltr'><strong>ι</strong></span> <span class='ocrx_word' id='word_1_243' title='bbox 2162 1749 2271 1804; x_wconf 91' lang='lat' dir='ltr'><strong>noli</strong></span> <span class='ocrx_word' id='word_1_244' title='bbox 2322 1749 2430 1803; x_wconf 91' lang='lat' dir='ltr'><strong>alta</strong></span> <span class='ocrx_word' id='word_1_245' title='bbox 2460 1759 2515 1804; x_wconf 91' lang='lat' dir='ltr'><strong>et</strong></span> <span class='ocrx_word' id='word_1_246' title='bbox 2545 1749 2684 1802; x_wconf 89' lang='lat' dir='ltr'><strong>elata</strong></span> <span class='ocrx_word' id='word_1_247' title='bbox 2715 1748 2983 1818; x_wconf 92' lang='lat' dir='ltr'><strong>proloqui.</strong></span> <span class='ocrx_word' id='word_1_248' title='bbox 3021 1747 3281 1814; x_wconf 88' lang='lat' dir='ltr'><strong>Quamvis</strong></span> 
     </span>
    </p>
   </div>
   <div class='ocr_carea' id='block_1_32' title="bbox 1711 1841 3284 1907">
    <p class='ocr_par' dir='ltr' id='par_1_32' title="bbox 1711 1841 3284 1907">
     <span class='ocr_line' id='line_1_32' title="bbox 1711 1841 3284 1907; baseline 0 -13"><span class='ocrx_word' id='word_1_249' title='bbox 1711 1842 1855 1895; x_wconf 88' lang='lat' dir='ltr'><strong>enim</strong></span> <span class='ocrx_word' id='word_1_250' title='bbox 1898 1842 1950 1895; x_wconf 94' lang='lat' dir='ltr'><strong>in</strong></span> <span class='ocrx_word' id='word_1_251' title='bbox 1985 1842 2166 1896; x_wconf 84' lang='lat' dir='ltr'><strong>radice</strong></span> <span class='ocrx_word' id='word_1_252' title='bbox 2195 1853 2329 1906; x_wconf 79' lang='lat' dir='ltr'><strong>Stes,</strong></span> <span class='ocrx_word' id='word_1_253' title='bbox 2363 1853 2416 1896; x_wconf 92' lang='lat' dir='ltr'><strong>et</strong></span> <span class='ocrx_word' id='word_1_254' title='bbox 2446 1843 2582 1896; x_wconf 89' lang='lat' dir='ltr'><strong>bene</strong></span> <span class='ocrx_word' id='word_1_255' title='bbox 2607 1852 2740 1907; x_wconf 89' lang='lat' dir='ltr'><strong>stes,</strong></span> <span class='ocrx_word' id='word_1_256' title='bbox 2775 1841 2962 1895; x_wconf 88' lang='lat' dir='ltr'><strong>timeto</strong></span> <span class='ocrx_word' id='word_1_257' title='bbox 2997 1849 3176 1894; x_wconf 90' lang='lat' dir='ltr'><strong>tamen</strong></span> <span class='ocrx_word' id='word_1_258' title='bbox 3208 1841 3284 1894; x_wconf 89' lang='lat' dir='ltr'><strong>vi-</strong></span> 
     </span>
    </p>
   </div>
   <div class='ocr_carea' id='block_1_33' title="bbox 46 1911 3389 2021">
    <p class='ocr_par' dir='ltr' id='par_1_33' title="bbox 46 1911 3389 2021">
     <span class='ocr_line' id='line_1_33' title="bbox 46 1911 3389 2021; baseline -0.002 -26"><span class='ocrx_word' id='word_1_259' title='bbox 46 1937 205 2002; x_wconf 84' lang='lat' dir='ltr'><strong>possit</strong></span> <span class='ocrx_word' id='word_1_260' title='bbox 232 1937 298 1988; x_wconf 76' lang='lat' dir='ltr'><strong>ad</strong></span> <span class='ocrx_word' id='word_1_261' title='bbox 331 1938 526 1990; x_wconf 84' lang='lat' dir='ltr'><strong>bonum</strong></span> <span class='ocrx_word' id='word_1_262' title='bbox 561 1932 673 2006; x_wconf 71' lang='grc'><strong>[84]</strong></span> <span class='ocrx_word' id='word_1_263' title='bbox 701 1911 1028 2004; x_wconf 41' lang='grc' dir='ltr'><strong>),’ἰηὲει’ἰιιιι·</strong></span> <span class='ocrx_word' id='word_1_264' title='bbox 1058 1941 1212 2016; x_wconf 69' lang='lat' dir='ltr'><strong>bona:</strong></span> <span class='ocrx_word' id='word_1_265' title='bbox 1240 1911 1396 1996; x_wconf 78' lang='lat' dir='ltr'><strong>oliva:</strong></span> <span class='ocrx_word' id='word_1_266' title='bbox 1432 1956 1526 2010; x_wconf 91' lang='lat' dir='ltr'><strong>per</strong></span> <span class='ocrx_word' id='word_1_267' title='bbox 1548 1939 1608 1993; x_wconf 88' lang='lat' dir='ltr'><strong>li-</strong></span> <span class='ocrx_word' id='word_1_268' title='bbox 1645 1911 1687 1968; x_wconf 75' lang='grc' dir='ltr'><strong>Β</strong></span> <span class='ocrx_word' id='word_1_269' title='bbox 1715 1931 1849 1986; x_wconf 90' lang='lat' dir='ltr'><strong>deus</strong></span> <span class='ocrx_word' id='word_1_270' title='bbox 1886 1935 2011 2002; x_wconf 90' lang='lat' dir='ltr'><strong>quia</strong></span> <span class='ocrx_word' id='word_1_271' title='bbox 2045 1942 2099 1986; x_wconf 89' lang='lat' dir='ltr'><strong>et</strong></span> <span class='ocrx_word' id='word_1_272' title='bbox 2128 1933 2215 1986; x_wconf 88' lang='lat' dir='ltr'><strong>alii</strong></span> <span class='ocrx_word' id='word_1_273' title='bbox 2245 1933 2440 2002; x_wconf 88' lang='lat' dir='ltr'><strong>quibus</strong></span> <span class='ocrx_word' id='word_1_274' title='bbox 2463 1932 2686 1987; x_wconf 84' lang='lat' dir='ltr'><strong>insultas</strong></span> <span class='ocrx_word' id='word_1_275' title='bbox 2711 1933 2784 1987; x_wconf 89' lang='lat' dir='ltr'><strong>ibi</strong></span> <span class='ocrx_word' id='word_1_276' title='bbox 2814 1940 3084 1986; x_wconf 89' lang='lat' dir='ltr'><strong>steterunt</strong></span> <span class='ocrx_word' id='word_1_277' title='bbox 3110 1932 3201 1986; x_wconf 91' lang='lat' dir='ltr'><strong>ubi</strong></span> <span class='ocrx_word' id='word_1_278' title='bbox 3227 1939 3284 1988; x_wconf 88' lang='lat' dir='ltr'><strong>et</strong></span> <span class='ocrx_word' id='word_1_279' title='bbox 3375 2008 3389 2021; x_wconf 28' lang='grc' dir='ltr'>δ</span> 
     </span>
    </p>
   </div>
   <div class='ocr_carea' id='block_1_34' title="bbox 46 2028 1611 2101">
    <p class='ocr_par' dir='ltr' id='par_1_34' title="bbox 46 2028 1611 2101">
     <span class='ocr_line' id='line_1_34' title="bbox 46 2028 1611 2101; baseline 0.003 -21"><span class='ocrx_word' id='word_1_280' title='bbox 46 2028 178 2090; x_wconf 82' lang='lat' dir='ltr'><strong>dein,</strong></span> <span class='ocrx_word' id='word_1_281' title='bbox 209 2038 263 2081; x_wconf 93' lang='lat' dir='ltr'><strong>et</strong></span> <span class='ocrx_word' id='word_1_282' title='bbox 293 2028 523 2083; x_wconf 86' lang='lat' dir='ltr'><strong>ellicitur</strong></span> <span class='ocrx_word' id='word_1_283' title='bbox 569 2030 751 2085; x_wconf 88' lang='lat' dir='ltr'><strong>socius</strong></span> <span class='ocrx_word' id='word_1_284' title='bbox 784 2030 1006 2095; x_wconf 88' lang='lat' dir='ltr'><strong>radicis,</strong></span> <span class='ocrx_word' id='word_1_285' title='bbox 1042 2041 1095 2085; x_wconf 92' lang='lat' dir='ltr'><strong>et</strong></span> <span class='ocrx_word' id='word_1_286' title='bbox 1129 2032 1471 2101; x_wconf 76' lang='lat' dir='ltr'><strong>pinguedinis</strong></span> <span class='ocrx_word' id='word_1_287' title='bbox 1511 2032 1611 2087; x_wconf 93' lang='lat' dir='ltr'><strong>oli-</strong></span> 
     </span>
    </p>
   </div>
   <div class='ocr_carea' id='block_1_35' title="bbox 47 2117 1608 2189">
    <p class='ocr_par' dir='ltr' id='par_1_35' title="bbox 47 2117 1608 2189">
     <span class='ocr_line' id='line_1_35' title="bbox 47 2117 1608 2189; baseline 0.005 -21"><span class='ocrx_word' id='word_1_288' title='bbox 47 2131 116 2170; x_wconf 74' lang='lat' dir='ltr'><strong>va:</strong></span> <span class='ocrx_word' id='word_1_289' title='bbox 143 2117 210 2172; x_wconf 87' lang='lat'><strong>“.</strong></span> <span class='ocrx_word' id='word_1_290' title='bbox 259 2117 518 2173; x_wconf 81' lang='lat' dir='ltr'><strong>Radicem</strong></span> <span class='ocrx_word' id='word_1_291' title='bbox 551 2135 681 2173; x_wconf 90' lang='lat' dir='ltr'><strong>vero</strong></span> <span class='ocrx_word' id='word_1_292' title='bbox 712 2120 854 2175; x_wconf 87' lang='lat' dir='ltr'><strong>hanc</strong></span> <span class='ocrx_word' id='word_1_293' title='bbox 883 2121 971 2174; x_wconf 90' lang='lat' dir='ltr'><strong>alii</strong></span> <span class='ocrx_word' id='word_1_294' title='bbox 1005 2121 1272 2176; x_wconf 82' lang='lat' dir='ltr'><strong>Abraham</strong></span> <span class='ocrx_word' id='word_1_295' title='bbox 1305 2123 1608 2189; x_wconf 86' lang='lat' dir='ltr'><strong>nominant,</strong></span> 
     </span>
    </p>
   </div>
   <div class='ocr_carea' id='block_1_36' title="bbox 48 2205 1604 2281">
    <p class='ocr_par' dir='ltr' id='par_1_36' title="bbox 48 2205 1604 2281">
     <span class='ocr_line' id='line_1_36' title="bbox 48 2205 1604 2281; baseline 0.007 -23"><span class='ocrx_word' id='word_1_296' title='bbox 48 2207 123 2259; x_wconf 87' lang='lat' dir='ltr'><strong>alii</strong></span> <span class='ocrx_word' id='word_1_297' title='bbox 159 2205 319 2274; x_wconf 90' lang='lat' dir='ltr'><strong>Seth,</strong></span> <span class='ocrx_word' id='word_1_298' title='bbox 359 2208 449 2262; x_wconf 92' lang='lat' dir='ltr'><strong>alii</strong></span> <span class='ocrx_word' id='word_1_299' title='bbox 478 2209 714 2277; x_wconf 82' lang='lat' dir='ltr'><strong>aliquem</strong></span> <span class='ocrx_word' id='word_1_300' title='bbox 751 2228 916 2266; x_wconf 83' lang='lat' dir='ltr'><strong>unum</strong></span> <span class='ocrx_word' id='word_1_301' title='bbox 947 2227 1010 2266; x_wconf 84' lang='lat' dir='ltr'><strong>ex</strong></span> <span class='ocrx_word' id='word_1_302' title='bbox 1043 2213 1290 2281; x_wconf 87' lang='lat' dir='ltr'><strong>patribus</strong></span> <span class='ocrx_word' id='word_1_303' title='bbox 1324 2213 1462 2267; x_wconf 89' lang='lat' dir='ltr'><strong>bene</strong></span> <span class='ocrx_word' id='word_1_304' title='bbox 1493 2229 1604 2269; x_wconf 84' lang='lat' dir='ltr'><strong>me-</strong></span> 
     </span>
    </p>
   </div>
   <div class='ocr_carea' id='block_1_37' title="bbox 48 2298 1612 2375">
    <p class='ocr_par' dir='ltr' id='par_1_37' title="bbox 48 2298 1612 2375">
     <span class='ocr_line' id='line_1_37' title="bbox 48 2298 1612 2375; baseline 0.006 -26"><span class='ocrx_word' id='word_1_305' title='bbox 48 2298 154 2350; x_wconf 89' lang='lat' dir='ltr'><strong>ritis</strong></span> <span class='ocrx_word' id='word_1_306' title='bbox 194 2309 405 2367; x_wconf 90' lang='lat' dir='ltr'><strong>ponunt</strong></span> <span class='ocrx_word' id='word_1_307' title='bbox 455 2301 587 2370; x_wconf 81' lang='lat'><strong>(85).</strong></span> <span class='ocrx_word' id='word_1_308' title='bbox 625 2303 738 2372; x_wconf 82' lang='lat' dir='ltr'><strong>Ego</strong></span> <span class='ocrx_word' id='word_1_309' title='bbox 770 2313 951 2375; x_wconf 81' lang='lat' dir='ltr'><strong>autem</strong></span> <span class='ocrx_word' id='word_1_310' title='bbox 996 2304 1233 2357; x_wconf 88' lang='lat' dir='ltr'><strong>radicem</strong></span> <span class='ocrx_word' id='word_1_311' title='bbox 1287 2303 1447 2357; x_wconf 89' lang='lat' dir='ltr'><strong>aliam</strong></span> <span class='ocrx_word' id='word_1_312' title='bbox 1492 2321 1612 2374; x_wconf 73' lang='lat' dir='ltr'><strong>qua:</strong></span> 
     </span>
    </p>
   </div>
   <div class='ocr_carea' id='block_1_38' title="bbox 47 2391 1611 2462">
    <p class='ocr_par' dir='ltr' id='par_1_38' title="bbox 47 2391 1611 2462">
     <span class='ocr_line' id='line_1_38' title="bbox 47 2391 1611 2462; baseline 0.006 -22"><span class='ocrx_word' id='word_1_313' title='bbox 47 2399 218 2442; x_wconf 89' lang='lat' dir='ltr'><strong>sancta</strong></span> <span class='ocrx_word' id='word_1_314' title='bbox 250 2391 344 2452; x_wconf 88' lang='lat' dir='ltr'><strong>sit,</strong></span> <span class='ocrx_word' id='word_1_315' title='bbox 375 2402 429 2444; x_wconf 91' lang='lat' dir='ltr'><strong>et</strong></span> <span class='ocrx_word' id='word_1_316' title='bbox 449 2403 666 2447; x_wconf 88' lang='lat' dir='ltr'><strong>sanctas</strong></span> <span class='ocrx_word' id='word_1_317' title='bbox 689 2393 956 2462; x_wconf 82' lang='lat' dir='ltr'><strong>primitias</strong></span> <span class='ocrx_word' id='word_1_318' title='bbox 985 2393 1170 2450; x_wconf 90' lang='lat' dir='ltr'><strong>nescio</strong></span> <span class='ocrx_word' id='word_1_319' title='bbox 1195 2394 1296 2449; x_wconf 91' lang='lat' dir='ltr'><strong>nisi</strong></span> <span class='ocrx_word' id='word_1_320' title='bbox 1327 2394 1611 2450; x_wconf 90' lang='lat' dir='ltr'><strong>Dominum</strong></span> 
     </span>
    </p>
   </div>
   <div class='ocr_carea' id='block_1_39' title="bbox 50 2481 1612 2555">
    <p class='ocr_par' dir='ltr' id='par_1_39' title="bbox 50 2481 1612 2555">
     <span class='ocr_line' id='line_1_39' title="bbox 50 2481 1612 2555; baseline 0.006 -23"><span class='ocrx_word' id='word_1_321' title='bbox 50 2490 284 2533; x_wconf 85' lang='lat' dir='ltr'><strong>nostrum</strong></span> <span class='ocrx_word' id='word_1_322' title='bbox 321 2481 432 2550; x_wconf 85' lang='lat'><strong>(86)</strong></span> <span class='ocrx_word' id='word_1_323' title='bbox 484 2481 668 2538; x_wconf 81' lang='lat' dir='ltr'><strong>Jesum</strong></span> <span class='ocrx_word' id='word_1_324' title='bbox 702 2483 1001 2538; x_wconf 86' lang='lat' dir='ltr'><strong>Christum.</strong></span> <span class='ocrx_word' id='word_1_325' title='bbox 1035 2486 1152 2554; x_wconf 90' lang='lat' dir='ltr'><strong>Ipse</strong></span> <span class='ocrx_word' id='word_1_326' title='bbox 1179 2496 1263 2541; x_wconf 91' lang='lat' dir='ltr'><strong>est</strong></span> <span class='ocrx_word' id='word_1_327' title='bbox 1305 2487 1450 2540; x_wconf 85' lang='lat' dir='ltr'><strong>enim</strong></span> <span class='ocrx_word' id='word_1_328' title='bbox 1496 2489 1612 2555; x_wconf 90' lang='lat' dir='ltr'><strong>pri-</strong></span> 
     </span>
    </p>
   </div>
   <div class='ocr_carea' id='block_1_40' title="bbox 49 2573 1613 2647">
    <p class='ocr_par' dir='ltr' id='par_1_40' title="bbox 49 2573 1613 2647">
     <span class='ocr_line' id='line_1_40' title="bbox 49 2573 1613 2647; baseline 0.007 -25"><span class='ocrx_word' id='word_1_329' title='bbox 49 2573 199 2626; x_wconf 77' lang='lat' dir='ltr'><strong>niitia:</strong></span> <span class='ocrx_word' id='word_1_330' title='bbox 231 2576 498 2641; x_wconf 90' lang='lat' dir='ltr'><strong>omnium,</strong></span> <span class='ocrx_word' id='word_1_331' title='bbox 530 2576 614 2630; x_wconf 90' lang='lat' dir='ltr'><strong>vel</strong></span> <span class='ocrx_word' id='word_1_332' title='bbox 649 2595 668 2626; x_wconf 77' lang='grc' dir='ltr'><strong>ι</strong></span> <span class='ocrx_word' id='word_1_333' title='bbox 707 2577 989 2643; x_wconf 88' lang='lat' dir='ltr'><strong>delibatio,</strong></span> <span class='ocrx_word' id='word_1_334' title='bbox 1027 2596 1046 2630; x_wconf 81' lang='grc' dir='ltr'><strong>ι</strong></span> <span class='ocrx_word' id='word_1_335' title='bbox 1085 2588 1144 2632; x_wconf 85' lang='grc' dir='ltr'><strong>ιιι</strong></span> <span class='ocrx_word' id='word_1_336' title='bbox 1171 2578 1223 2631; x_wconf 87' lang='lat' dir='ltr'><strong>in</strong></span> <span class='ocrx_word' id='word_1_337' title='bbox 1253 2579 1507 2647; x_wconf 64' lang='lat' dir='ltr'><strong>praesenti</strong></span> <span class='ocrx_word' id='word_1_338' title='bbox 1535 2579 1613 2633; x_wconf 93' lang='lat' dir='ltr'><strong>lo-</strong></span> 
     </span>
    </p>
   </div>
   <div class='ocr_carea' id='block_1_41' title="bbox 49 2657 1612 2737">
    <p class='ocr_par' dir='ltr' id='par_1_41' title="bbox 49 2657 1612 2737">
     <span class='ocr_line' id='line_1_41' title="bbox 49 2657 1612 2737; baseline 0.004 -22"><span class='ocrx_word' id='word_1_339' title='bbox 49 2678 103 2716; x_wconf 92' lang='lat' dir='ltr'><strong>co</strong></span> <span class='ocrx_word' id='word_1_340' title='bbox 129 2664 396 2718; x_wconf 86' lang='lat' dir='ltr'><strong>habemus</strong></span> <span class='ocrx_word' id='word_1_341' title='bbox 425 2657 694 2736; x_wconf 49' lang='lat' dir='ltr'><strong>Apos&#39;toli,</strong></span> <span class='ocrx_word' id='word_1_342' title='bbox 729 2671 1024 2724; x_wconf 91' lang='lat' dir='ltr'><strong>secundum</strong></span> <span class='ocrx_word' id='word_1_343' title='bbox 1053 2669 1104 2722; x_wconf 90' lang='lat' dir='ltr'><strong>id</strong></span> <span class='ocrx_word' id='word_1_344' title='bbox 1131 2671 1272 2737; x_wconf 92' lang='lat' dir='ltr'><strong>quod</strong></span> <span class='ocrx_word' id='word_1_345' title='bbox 1307 2670 1434 2725; x_wconf 84' lang='lat' dir='ltr'><strong>alibi</strong></span> <span class='ocrx_word' id='word_1_346' title='bbox 1465 2672 1527 2724; x_wconf 90' lang='lat' dir='ltr'><strong>de</strong></span> <span class='ocrx_word' id='word_1_347' title='bbox 1548 2685 1612 2723; x_wconf 90' lang='lat' dir='ltr'><strong>eo</strong></span> 
     </span>
    </p>
   </div>
   <div class='ocr_carea' id='block_1_42' title="bbox 49 2752 1607 2830">
    <p class='ocr_par' dir='ltr' id='par_1_42' title="bbox 49 2752 1607 2830">
     <span class='ocr_line' id='line_1_42' title="bbox 49 2752 1607 2830; baseline 0.006 -26"><span class='ocrx_word' id='word_1_348' title='bbox 49 2752 268 2807; x_wconf 87' lang='lat' dir='ltr'><strong>dicitur:</strong></span> <span class='ocrx_word' id='word_1_349' title='bbox 313 2775 332 2806; x_wconf 72' lang='grc' dir='ltr'><strong>ι</strong></span> <span class='ocrx_word' id='word_1_350' title='bbox 356 2755 456 2822; x_wconf 85' lang='lat' dir='ltr'><strong>Qui</strong></span> <span class='ocrx_word' id='word_1_351' title='bbox 486 2768 568 2811; x_wconf 91' lang='lat' dir='ltr'><strong>est</strong></span> <span class='ocrx_word' id='word_1_352' title='bbox 595 2759 988 2830; x_wconf 83' lang='lat' dir='ltr'><strong>primogenitus</strong></span> <span class='ocrx_word' id='word_1_353' title='bbox 1015 2761 1194 2812; x_wconf 87' lang='lat' dir='ltr'><strong>omnis</strong></span> <span class='ocrx_word' id='word_1_354' title='bbox 1224 2771 1490 2815; x_wconf 63' lang='lat' dir='ltr'><strong>creatura:</strong></span> <span class='ocrx_word' id='word_1_355' title='bbox 1505 2761 1607 2814; x_wconf 73' lang='grc'><strong>⁸⁷.»</strong></span> 
     </span>
    </p>
   </div>
   <div class='ocr_carea' id='block_1_43' title="bbox 50 2844 1609 2918">
    <p class='ocr_par' dir='ltr' id='par_1_43' title="bbox 50 2844 1609 2918">
     <span class='ocr_line' id='line_1_43' title="bbox 50 2844 1609 2918; baseline 0.004 -20"><span class='ocrx_word' id='word_1_356' title='bbox 50 2844 172 2900; x_wconf 84' lang='lat' dir='ltr'><strong>Iluic</strong></span> <span class='ocrx_word' id='word_1_357' title='bbox 215 2862 452 2915; x_wconf 90' lang='lat' dir='ltr'><strong>namque</strong></span> <span class='ocrx_word' id='word_1_358' title='bbox 498 2850 663 2902; x_wconf 90' lang='lat' dir='ltr'><strong>radici</strong></span> <span class='ocrx_word' id='word_1_359' title='bbox 695 2851 874 2905; x_wconf 90' lang='lat' dir='ltr'><strong>omnis</strong></span> <span class='ocrx_word' id='word_1_360' title='bbox 911 2851 1004 2918; x_wconf 90' lang='lat' dir='ltr'><strong>qui</strong></span> <span class='ocrx_word' id='word_1_361' title='bbox 1040 2851 1281 2905; x_wconf 86' lang='lat' dir='ltr'><strong>salvator</strong></span> <span class='ocrx_word' id='word_1_362' title='bbox 1322 2852 1609 2916; x_wconf 90' lang='lat' dir='ltr'><strong>inseritur,</strong></span> 
     </span>
    </p>
   </div>
   <div class='ocr_carea' id='block_1_44' title="bbox 49 2936 1610 2997">
    <p class='ocr_par' dir='ltr' id='par_1_44' title="bbox 49 2936 1610 2997">
     <span class='ocr_line' id='line_1_44' title="bbox 49 2936 1610 2997; baseline 0.006 -11"><span class='ocrx_word' id='word_1_363' title='bbox 49 2943 95 2986; x_wconf 84' lang='lat' dir='ltr'><strong>et</strong></span> <span class='ocrx_word' id='word_1_364' title='bbox 128 2949 191 2989; x_wconf 78' lang='lat' dir='ltr'><strong>ex</strong></span> <span class='ocrx_word' id='word_1_365' title='bbox 221 2937 332 2990; x_wconf 88' lang='lat' dir='ltr'><strong>hac</strong></span> <span class='ocrx_word' id='word_1_366' title='bbox 361 2936 690 2992; x_wconf 87' lang='lat' dir='ltr'><strong>delibatioue</strong></span> <span class='ocrx_word' id='word_1_367' title='bbox 723 2948 915 2997; x_wconf 89' lang='lat' dir='ltr'><strong>sancta</strong></span> <span class='ocrx_word' id='word_1_368' title='bbox 943 2941 1127 2994; x_wconf 90' lang='lat' dir='ltr'><strong>omnis</strong></span> <span class='ocrx_word' id='word_1_369' title='bbox 1174 2956 1352 2994; x_wconf 88' lang='lat' dir='ltr'><strong>massa</strong></span> <span class='ocrx_word' id='word_1_370' title='bbox 1384 2941 1610 2995; x_wconf 87' lang='lat' dir='ltr'><strong>humani</strong></span> 
     </span>
    </p>
   </div>
   <div class='ocr_carea' id='block_1_45' title="bbox 49 3029 1612 3095">
    <p class='ocr_par' dir='ltr' id='par_1_45' title="bbox 49 3029 1612 3095">
     <span class='ocr_line' id='line_1_45' title="bbox 49 3029 1612 3095; baseline 0.003 -15"><span class='ocrx_word' id='word_1_371' title='bbox 49 3029 249 3095; x_wconf 79' lang='lat' dir='ltr'><strong>generis</strong></span> <span class='ocrx_word' id='word_1_372' title='bbox 299 3031 723 3084; x_wconf 85' lang='lat' dir='ltr'><strong>sanctificatur:</strong></span> <span class='ocrx_word' id='word_1_373' title='bbox 768 3039 822 3083; x_wconf 91' lang='lat' dir='ltr'><strong>et</strong></span> <span class='ocrx_word' id='word_1_374' title='bbox 861 3045 990 3085; x_wconf 91' lang='lat' dir='ltr'><strong>vere</strong></span> <span class='ocrx_word' id='word_1_375' title='bbox 1039 3031 1181 3084; x_wconf 84' lang='lat' dir='ltr'><strong>sicut</strong></span> <span class='ocrx_word' id='word_1_376' title='bbox 1218 3031 1370 3086; x_wconf 79' lang='lat' dir='ltr'><strong>radix</strong></span> <span class='ocrx_word' id='word_1_377' title='bbox 1421 3043 1612 3086; x_wconf 79' lang='lat' dir='ltr'><strong>sancta</strong></span> 
     </span>
    </p>
   </div>
   <div class='ocr_carea' id='block_1_46' title="bbox 49 3120 1610 3194">
    <p class='ocr_par' dir='ltr' id='par_1_46' title="bbox 49 3120 1610 3194">
     <span class='ocr_line' id='line_1_46' title="bbox 49 3120 1610 3194; baseline 0.004 -26"><span class='ocrx_word' id='word_1_378' title='bbox 49 3120 391 3174; x_wconf 89' lang='lat' dir='ltr'><strong>manentibus</strong></span> <span class='ocrx_word' id='word_1_379' title='bbox 438 3120 489 3174; x_wconf 92' lang='lat' dir='ltr'><strong>in</strong></span> <span class='ocrx_word' id='word_1_380' title='bbox 539 3137 597 3176; x_wconf 89' lang='lat' dir='ltr'><strong>se</strong></span> <span class='ocrx_word' id='word_1_381' title='bbox 653 3121 818 3176; x_wconf 88' lang='lat' dir='ltr'><strong>ramis</strong></span> <span class='ocrx_word' id='word_1_382' title='bbox 869 3123 1180 3176; x_wconf 85' lang='lat' dir='ltr'><strong>sanctitatis</strong></span> <span class='ocrx_word' id='word_1_383' title='bbox 1229 3122 1610 3194; x_wconf 81' lang='lat' dir='ltr'><strong>pinguedinem</strong></span> 
     </span>
    </p>
   </div>
   <div class='ocr_carea' id='block_1_47' title="bbox 48 3211 1681 3302">
    <p class='ocr_par' dir='ltr' id='par_1_47' title="bbox 48 3211 1681 3302">
     <span class='ocr_line' id='line_1_47' title="bbox 48 3211 1681 3302; baseline 0.002 -40"><span class='ocrx_word' id='word_1_384' title='bbox 48 3211 258 3274; x_wconf 75' lang='lat' dir='ltr'><strong>przebet,</strong></span> <span class='ocrx_word' id='word_1_385' title='bbox 294 3213 420 3264; x_wconf 91' lang='lat' dir='ltr'><strong>dum</strong></span> <span class='ocrx_word' id='word_1_386' title='bbox 454 3227 548 3281; x_wconf 88' lang='lat' dir='ltr'><strong>per</strong></span> <span class='ocrx_word' id='word_1_387' title='bbox 574 3211 836 3282; x_wconf 85' lang='lat' dir='ltr'><strong>Spiritum</strong></span> <span class='ocrx_word' id='word_1_388' title='bbox 869 3228 1024 3266; x_wconf 90' lang='lat' dir='ltr'><strong>suum</strong></span> <span class='ocrx_word' id='word_1_389' title='bbox 1054 3223 1301 3268; x_wconf 90' lang='lat' dir='ltr'><strong>sanctum</strong></span> <span class='ocrx_word' id='word_1_390' title='bbox 1329 3213 1610 3268; x_wconf 66' lang='lat' dir='ltr'><strong>aihaercn-</strong></span> <span class='ocrx_word' id='word_1_391' title='bbox 1639 3245 1681 3302; x_wconf 67' lang='grc' dir='ltr'>ο</span> 
     </span>
    </p>
   </div>
   <div class='ocr_carea' id='block_1_48' title="bbox 49 3301 1612 3373">
    <p class='ocr_par' dir='ltr' id='par_1_48' title="bbox 49 3301 1612 3373">
     <span class='ocr_line' id='line_1_48' title="bbox 49 3301 1612 3373; baseline 0.006 -25"><span class='ocrx_word' id='word_1_392' title='bbox 49 3308 118 3351; x_wconf 84' lang='lat' dir='ltr'><strong>tes</strong></span> <span class='ocrx_word' id='word_1_393' title='bbox 147 3301 251 3355; x_wconf 90' lang='lat' dir='ltr'><strong>sibi</strong></span> <span class='ocrx_word' id='word_1_394' title='bbox 295 3301 556 3368; x_wconf 84' lang='lat' dir='ltr'><strong>vivificat,</strong></span> <span class='ocrx_word' id='word_1_395' title='bbox 587 3306 752 3358; x_wconf 88' lang='lat' dir='ltr'><strong>verbo</strong></span> <span class='ocrx_word' id='word_1_396' title='bbox 803 3305 1026 3370; x_wconf 78' lang='lat' dir='ltr'><strong>excolit,</strong></span> <span class='ocrx_word' id='word_1_397' title='bbox 1074 3305 1340 3373; x_wconf 89' lang='lat' dir='ltr'><strong>sapientia</strong></span> <span class='ocrx_word' id='word_1_398' title='bbox 1391 3303 1612 3360; x_wconf 81' lang='lat' dir='ltr'><strong>ﬂoridos</strong></span> 
     </span>
    </p>
   </div>
   <div class='ocr_carea' id='block_1_49' title="bbox 49 3391 1613 3467">
    <p class='ocr_par' dir='ltr' id='par_1_49' title="bbox 49 3391 1613 3467">
     <span class='ocr_line' id='line_1_49' title="bbox 49 3391 1613 3467; baseline 0.003 -25"><span class='ocrx_word' id='word_1_399' title='bbox 49 3391 230 3456; x_wconf 87' lang='lat' dir='ltr'><strong>reddit,</strong></span> <span class='ocrx_word' id='word_1_400' title='bbox 260 3400 321 3448; x_wconf 90' lang='lat' dir='ltr'><strong>et</strong></span> <span class='ocrx_word' id='word_1_401' title='bbox 352 3394 403 3447; x_wconf 94' lang='lat' dir='ltr'><strong>in</strong></span> <span class='ocrx_word' id='word_1_402' title='bbox 433 3396 678 3448; x_wconf 90' lang='lat' dir='ltr'><strong>omnium</strong></span> <span class='ocrx_word' id='word_1_403' title='bbox 733 3396 990 3450; x_wconf 84' lang='lat' dir='ltr'><strong>virtutum</strong></span> <span class='ocrx_word' id='word_1_404' title='bbox 1041 3395 1376 3467; x_wconf 88' lang='lat' dir='ltr'><strong>plenitudine</strong></span> <span class='ocrx_word' id='word_1_405' title='bbox 1419 3393 1613 3449; x_wconf 88' lang='lat' dir='ltr'><strong>aIl&#39;erre</strong></span> 
     </span>
    </p>
   </div>
   <div class='ocr_carea' id='block_1_50' title="bbox 48 3481 1608 3557">
    <p class='ocr_par' dir='ltr' id='par_1_50' title="bbox 48 3481 1608 3557">
     <span class='ocr_line' id='line_1_50' title="bbox 48 3481 1608 3557; baseline 0.008 -25"><span class='ocrx_word' id='word_1_406' title='bbox 48 3481 242 3538; x_wconf 84' lang='lat' dir='ltr'><strong>fructus</strong></span> <span class='ocrx_word' id='word_1_407' title='bbox 271 3485 470 3539; x_wconf 89' lang='lat' dir='ltr'><strong>uberes</strong></span> <span class='ocrx_word' id='word_1_408' title='bbox 502 3485 628 3539; x_wconf 89' lang='lat' dir='ltr'><strong>facit</strong></span> <span class='ocrx_word' id='word_1_409' title='bbox 671 3502 684 3538; x_wconf 92' lang='lat'>:</span> <span class='ocrx_word' id='word_1_410' title='bbox 735 3486 806 3540; x_wconf 91' lang='lat' dir='ltr'><strong>ita</strong></span> <span class='ocrx_word' id='word_1_411' title='bbox 853 3498 912 3541; x_wconf 92' lang='lat' dir='ltr'><strong>ut</strong></span> <span class='ocrx_word' id='word_1_412' title='bbox 949 3499 1006 3541; x_wconf 89' lang='lat' dir='ltr'><strong>et</strong></span> <span class='ocrx_word' id='word_1_413' title='bbox 1037 3489 1153 3557; x_wconf 88' lang='lat' dir='ltr'><strong>ipsa</strong></span> <span class='ocrx_word' id='word_1_414' title='bbox 1204 3489 1352 3542; x_wconf 86' lang='lat' dir='ltr'><strong>dicat</strong></span> <span class='ocrx_word' id='word_1_415' title='bbox 1388 3490 1452 3542; x_wconf 88' lang='lat' dir='ltr'><strong>de</strong></span> <span class='ocrx_word' id='word_1_416' title='bbox 1485 3489 1608 3544; x_wconf 85' lang='lat' dir='ltr'><strong>eis:</strong></span> 
     </span>
    </p>
   </div>
   <div class='ocr_carea' id='block_1_51' title="bbox 59 3573 1606 3643">
    <p class='ocr_par' dir='ltr' id='par_1_51' title="bbox 59 3573 1606 3643">
     <span class='ocr_line' id='line_1_51' title="bbox 59 3573 1606 3643; baseline 0.007 -20"><span class='ocrx_word' id='word_1_417' title='bbox 59 3589 76 3622; x_wconf 75' lang='grc' dir='ltr'><strong>ι</strong></span> <span class='ocrx_word' id='word_1_418' title='bbox 113 3573 222 3643; x_wconf 81' lang='lat' dir='ltr'><strong>Ego</strong></span> <span class='ocrx_word' id='word_1_419' title='bbox 258 3585 444 3629; x_wconf 90' lang='lat' dir='ltr'><strong>autem</strong></span> <span class='ocrx_word' id='word_1_420' title='bbox 477 3578 620 3631; x_wconf 89' lang='lat' dir='ltr'><strong>sicut</strong></span> <span class='ocrx_word' id='word_1_421' title='bbox 645 3577 785 3632; x_wconf 85' lang='lat' dir='ltr'><strong>oliva</strong></span> <span class='ocrx_word' id='word_1_422' title='bbox 811 3578 1092 3634; x_wconf 86' lang='lat' dir='ltr'><strong>fructifera</strong></span> <span class='ocrx_word' id='word_1_423' title='bbox 1123 3582 1174 3634; x_wconf 93' lang='lat' dir='ltr'><strong>in</strong></span> <span class='ocrx_word' id='word_1_424' title='bbox 1200 3581 1360 3634; x_wconf 91' lang='lat' dir='ltr'><strong>domo</strong></span> <span class='ocrx_word' id='word_1_425' title='bbox 1388 3581 1479 3636; x_wconf 92' lang='lat' dir='ltr'><strong>Dei</strong></span> <span class='ocrx_word' id='word_1_426' title='bbox 1508 3583 1606 3635; x_wconf 75' lang='grc'><strong>⁸⁸.»</strong></span> 
     </span>
    </p>
   </div>
   <div class='ocr_carea' id='block_1_52' title="bbox 48 3658 1609 3741">
    <p class='ocr_par' dir='ltr' id='par_1_52' title="bbox 48 3658 1609 3741">
     <span class='ocr_line' id='line_1_52' title="bbox 48 3658 1609 3741; baseline 0.008 -25"><span class='ocrx_word' id='word_1_427' title='bbox 48 3662 244 3719; x_wconf 82' lang='lat' dir='ltr'><strong>Etenim</strong></span> <span class='ocrx_word' id='word_1_428' title='bbox 266 3669 312 3721; x_wconf 90' lang='lat' dir='ltr'><strong>si</strong></span> <span class='ocrx_word' id='word_1_429' title='bbox 333 3658 461 3721; x_wconf 86' lang='lat' dir='ltr'><strong>rami</strong></span> <span class='ocrx_word' id='word_1_430' title='bbox 479 3670 568 3738; x_wconf 91' lang='lat' dir='ltr'><strong>qui</strong></span> <span class='ocrx_word' id='word_1_431' title='bbox 587 3669 740 3724; x_wconf 88' lang='lat' dir='ltr'><strong>fracti</strong></span> <span class='ocrx_word' id='word_1_432' title='bbox 765 3681 912 3734; x_wconf 87' lang='lat' dir='ltr'><strong>sunt,</strong></span> <span class='ocrx_word' id='word_1_433' title='bbox 932 3683 1150 3741; x_wconf 88' lang='lat' dir='ltr'><strong>propter</strong></span> <span class='ocrx_word' id='word_1_434' title='bbox 1179 3673 1609 3729; x_wconf 82' lang='lat' dir='ltr'><strong>incredulitatem</strong></span> 
     </span>
    </p>
   </div>
   <div class='ocr_carea' id='block_1_53' title="bbox 47 3752 1610 3834">
    <p class='ocr_par' dir='ltr' id='par_1_53' title="bbox 47 3752 1610 3834">
     <span class='ocr_line' id='line_1_53' title="bbox 47 3752 1610 3834; baseline 0.008 -29"><span class='ocrx_word' id='word_1_435' title='bbox 47 3752 183 3810; x_wconf 89' lang='lat' dir='ltr'><strong>fracti</strong></span> <span class='ocrx_word' id='word_1_436' title='bbox 204 3767 414 3820; x_wconf 90' lang='lat' dir='ltr'><strong>sunt,et</strong></span> <span class='ocrx_word' id='word_1_437' title='bbox 431 3763 518 3828; x_wconf 93' lang='lat' dir='ltr'><strong>qui</strong></span> <span class='ocrx_word' id='word_1_438' title='bbox 533 3772 695 3823; x_wconf 85' lang='lat' dir='ltr'><strong>stant,</strong></span> <span class='ocrx_word' id='word_1_439' title='bbox 724 3761 828 3814; x_wconf 82' lang='lat' dir='ltr'><strong>fide</strong></span> <span class='ocrx_word' id='word_1_440' title='bbox 841 3773 1010 3814; x_wconf 74' lang='lat' dir='ltr'><strong>stant:</strong></span> <span class='ocrx_word' id='word_1_441' title='bbox 1033 3764 1154 3832; x_wconf 91' lang='lat' dir='ltr'><strong>quis</strong></span> <span class='ocrx_word' id='word_1_442' title='bbox 1169 3764 1418 3818; x_wconf 89' lang='lat' dir='ltr'><strong>aliuscrit</strong></span> <span class='ocrx_word' id='word_1_443' title='bbox 1435 3767 1484 3818; x_wconf 92' lang='lat' dir='ltr'><strong>in</strong></span> <span class='ocrx_word' id='word_1_444' title='bbox 1505 3782 1610 3834; x_wconf 88' lang='lat' dir='ltr'><strong>quo</strong></span> 
     </span>
    </p>
   </div>
   <div class='ocr_carea' id='block_1_54' title="bbox 47 3849 1612 3925">
    <p class='ocr_par' dir='ltr' id='par_1_54' title="bbox 47 3849 1612 3925">
     <span class='ocr_line' id='line_1_54' title="bbox 47 3849 1612 3925; baseline 0.008 -26"><span class='ocrx_word' id='word_1_445' title='bbox 47 3859 175 3902; x_wconf 81' lang='lat' dir='ltr'><strong>Stant</strong></span> <span class='ocrx_word' id='word_1_446' title='bbox 199 3851 304 3903; x_wconf 85' lang='lat' dir='ltr'><strong>nisi</strong></span> <span class='ocrx_word' id='word_1_447' title='bbox 333 3849 488 3904; x_wconf 84' lang='lat' dir='ltr'><strong>.Iesus</strong></span> <span class='ocrx_word' id='word_1_448' title='bbox 507 3851 802 3906; x_wconf 78' lang='lat' dir='ltr'><strong>Christus?</strong></span> <span class='ocrx_word' id='word_1_449' title='bbox 831 3863 883 3906; x_wconf 89' lang='lat' dir='ltr'><strong>et</strong></span> <span class='ocrx_word' id='word_1_450' title='bbox 910 3855 1034 3923; x_wconf 88' lang='lat' dir='ltr'><strong>quis</strong></span> <span class='ocrx_word' id='word_1_451' title='bbox 1055 3855 1294 3908; x_wconf 89' lang='lat' dir='ltr'><strong>estalius</strong></span> <span class='ocrx_word' id='word_1_452' title='bbox 1323 3874 1350 3906; x_wconf 87' lang='lat' dir='ltr'><strong>a</strong></span> <span class='ocrx_word' id='word_1_453' title='bbox 1385 3871 1490 3924; x_wconf 92' lang='lat' dir='ltr'><strong>quo</strong></span> <span class='ocrx_word' id='word_1_454' title='bbox 1516 3873 1612 3925; x_wconf 85' lang='lat' dir='ltr'><strong>per</strong></span> 
     </span>
    </p>
   </div>
   <div class='ocr_carea' id='block_1_55' title="bbox 50 3927 1609 4015">
    <p class='ocr_par' dir='ltr' id='par_1_55' title="bbox 50 3927 1609 4015">
     <span class='ocr_line' id='line_1_55' title="bbox 50 3927 1609 4015; baseline 0.008 -28"><span class='ocrx_word' id='word_1_455' title='bbox 50 3939 472 3994; x_wconf 86' lang='lat' dir='ltr'><strong>incredulitatem</strong></span> <span class='ocrx_word' id='word_1_456' title='bbox 501 3943 657 3996; x_wconf 90' lang='lat' dir='ltr'><strong>fracti</strong></span> <span class='ocrx_word' id='word_1_457' title='bbox 687 3955 830 4010; x_wconf 87' lang='lat' dir='ltr'><strong>sunt,</strong></span> <span class='ocrx_word' id='word_1_458' title='bbox 861 3946 960 3998; x_wconf 92' lang='lat' dir='ltr'><strong>nisi</strong></span> <span class='ocrx_word' id='word_1_459' title='bbox 987 3927 1105 4015; x_wconf 87' lang='lat' dir='ltr'><strong>ipse</strong></span> <span class='ocrx_word' id='word_1_460' title='bbox 1131 3946 1340 3999; x_wconf 92' lang='lat' dir='ltr'><strong>cuinon</strong></span> <span class='ocrx_word' id='word_1_461' title='bbox 1365 3947 1609 4000; x_wconf 89' lang='lat' dir='ltr'><strong>credide-</strong></span> 
     </span>
    </p>
   </div>
   <div class='ocr_carea' id='block_1_56' title="bbox 48 4033 1607 4106">
    <p class='ocr_par' dir='ltr' id='par_1_56' title="bbox 48 4033 1607 4106">
     <span class='ocr_line' id='line_1_56' title="bbox 48 4033 1607 4106; baseline 0.008 -26"><span class='ocrx_word' id='word_1_462' title='bbox 48 4034 199 4084; x_wconf 82' lang='lat' dir='ltr'><strong>nnit&#39;!</strong></span> <span class='ocrx_word' id='word_1_463' title='bbox 233 4033 466 4101; x_wconf 87' lang='lat' dir='ltr'><strong>Semper</strong></span> <span class='ocrx_word' id='word_1_464' title='bbox 528 4049 659 4103; x_wconf 79' lang='lat' dir='ltr'><strong>ergo</strong></span> <span class='ocrx_word' id='word_1_465' title='bbox 688 4036 994 4106; x_wconf 78' lang='lat' dir='ltr'><strong>quicunque</strong></span> <span class='ocrx_word' id='word_1_466' title='bbox 1044 4039 1264 4090; x_wconf 71' lang='lat' dir='ltr'><strong>advena:</strong></span> <span class='ocrx_word' id='word_1_467' title='bbox 1307 4039 1372 4091; x_wconf 91' lang='lat' dir='ltr'><strong>ad</strong></span> <span class='ocrx_word' id='word_1_468' title='bbox 1426 4037 1607 4102; x_wconf 87' lang='lat' dir='ltr'><strong>ﬁdem,</strong></span> 
     </span>
    </p>
   </div>
   <div class='ocr_carea' id='block_1_57' title="bbox 45 4121 1610 4197">
    <p class='ocr_par' dir='ltr' id='par_1_57' title="bbox 45 4121 1610 4197">
     <span class='ocr_line' id='line_1_57' title="bbox 45 4121 1610 4197; baseline 0.006 -25"><span class='ocrx_word' id='word_1_469' title='bbox 45 4121 114 4174; x_wconf 83' lang='lat' dir='ltr'><strong>vel</strong></span> <span class='ocrx_word' id='word_1_470' title='bbox 141 4122 206 4174; x_wconf 88' lang='lat' dir='ltr'><strong>ad</strong></span> <span class='ocrx_word' id='word_1_471' title='bbox 240 4126 714 4179; x_wconf 85' lang='lat' dir='ltr'><strong>conversationem</strong></span> <span class='ocrx_word' id='word_1_472' title='bbox 749 4126 914 4180; x_wconf 85' lang='lat' dir='ltr'><strong>Israel</strong></span> <span class='ocrx_word' id='word_1_473' title='bbox 951 4127 1063 4197; x_wconf 89' lang='lat'><strong>(87)</strong></span> <span class='ocrx_word' id='word_1_474' title='bbox 1093 4128 1404 4193; x_wconf 89' lang='lat' dir='ltr'><strong>veniebant,</strong></span> <span class='ocrx_word' id='word_1_475' title='bbox 1451 4129 1610 4182; x_wconf 86' lang='lat' dir='ltr'><strong>Chri-</strong></span> 
     </span>
    </p>
   </div>
   <div class='ocr_carea' id='block_1_58' title="bbox 46 4214 1609 4289">
    <p class='ocr_par' dir='ltr' id='par_1_58' title="bbox 46 4214 1609 4289">
     <span class='ocr_line' id='line_1_58' title="bbox 46 4214 1609 4289; baseline 0.006 -27"><span class='ocrx_word' id='word_1_476' title='bbox 46 4221 118 4265; x_wconf 86' lang='lat' dir='ltr'><strong>sto</strong></span> <span class='ocrx_word' id='word_1_477' title='bbox 174 4214 267 4283; x_wconf 91' lang='lat' dir='ltr'><strong>qui</strong></span> <span class='ocrx_word' id='word_1_478' title='bbox 311 4225 428 4268; x_wconf 91' lang='lat' dir='ltr'><strong>erat</strong></span> <span class='ocrx_word' id='word_1_479' title='bbox 470 4231 629 4270; x_wconf 87' lang='lat' dir='ltr'><strong>verus</strong></span> <span class='ocrx_word' id='word_1_480' title='bbox 673 4216 836 4271; x_wconf 88' lang='lat' dir='ltr'><strong>Israel</strong></span> <span class='ocrx_word' id='word_1_481' title='bbox 883 4219 1281 4274; x_wconf 82' lang='lat' dir='ltr'><strong>inserebantur.</strong></span> <span class='ocrx_word' id='word_1_482' title='bbox 1334 4219 1609 4289; x_wconf 74' lang='lat' dir='ltr'><strong>Przecipue</strong></span> 
     </span>
    </p>
   </div>
   <div class='ocr_carea' id='block_1_59' title="bbox 48 4309 1608 4378">
    <p class='ocr_par' dir='ltr' id='par_1_59' title="bbox 48 4309 1608 4378">
     <span class='ocr_line' id='line_1_59' title="bbox 48 4309 1608 4378; baseline 0.009 -25"><span class='ocrx_word' id='word_1_483' title='bbox 48 4311 212 4358; x_wconf 87' lang='lat' dir='ltr'><strong>tamen</strong></span> <span class='ocrx_word' id='word_1_484' title='bbox 272 4320 344 4360; x_wconf 83' lang='lat' dir='ltr'><strong>ex</strong></span> <span class='ocrx_word' id='word_1_485' title='bbox 397 4316 635 4376; x_wconf 88' lang='lat' dir='ltr'><strong>tempore</strong></span> <span class='ocrx_word' id='word_1_486' title='bbox 684 4309 949 4364; x_wconf 88' lang='lat' dir='ltr'><strong>adventus</strong></span> <span class='ocrx_word' id='word_1_487' title='bbox 983 4312 1098 4378; x_wconf 89' lang='lat' dir='ltr'><strong>ejus</strong></span> <span class='ocrx_word' id='word_1_488' title='bbox 1141 4316 1340 4366; x_wconf 92' lang='lat' dir='ltr'><strong>multus</strong></span> <span class='ocrx_word' id='word_1_489' title='bbox 1375 4313 1608 4368; x_wconf 89' lang='lat' dir='ltr'><strong>oleaster</strong></span> 
     </span>
    </p>
   </div>
   <div class='ocr_carea' id='block_1_60' title="bbox 46 4397 1607 4474">
    <p class='ocr_par' dir='ltr' id='par_1_60' title="bbox 46 4397 1607 4474">
     <span class='ocr_line' id='line_1_60' title="bbox 46 4397 1607 4474; baseline 0.007 -26"><span class='ocrx_word' id='word_1_490' title='bbox 46 4397 293 4452; x_wconf 86' lang='lat' dir='ltr'><strong>inseritur</strong></span> <span class='ocrx_word' id='word_1_491' title='bbox 327 4397 438 4470; x_wconf 86' lang='lat'><strong>(88)</strong></span> <span class='ocrx_word' id='word_1_492' title='bbox 463 4401 590 4454; x_wconf 76' lang='lat' dir='ltr'><strong>huic</strong></span> <span class='ocrx_word' id='word_1_493' title='bbox 623 4403 814 4466; x_wconf 91' lang='lat' dir='ltr'><strong>radici,</strong></span> <span class='ocrx_word' id='word_1_494' title='bbox 848 4403 934 4457; x_wconf 91' lang='lat' dir='ltr'><strong>vel</strong></span> <span class='ocrx_word' id='word_1_495' title='bbox 980 4405 1146 4459; x_wconf 84' lang='lat' dir='ltr'><strong>ramis</strong></span> <span class='ocrx_word' id='word_1_496' title='bbox 1170 4404 1310 4473; x_wconf 90' lang='lat' dir='ltr'><strong>ejus,</strong></span> <span class='ocrx_word' id='word_1_497' title='bbox 1344 4406 1607 4474; x_wconf 88' lang='lat' dir='ltr'><strong>apostolis</strong></span> 
     </span>
    </p>
   </div>
   <div class='ocr_carea' id='block_1_61' title="bbox 45 4487 1602 4564">
    <p class='ocr_par' dir='ltr' id='par_1_61' title="bbox 45 4487 1602 4564">
     <span class='ocr_line' id='line_1_61' title="bbox 45 4487 1602 4564; baseline 0.008 -26"><span class='ocrx_word' id='word_1_498' title='bbox 45 4487 239 4543; x_wconf 88' lang='lat' dir='ltr'><strong>scilicet</strong></span> <span class='ocrx_word' id='word_1_499' title='bbox 280 4499 343 4543; x_wconf 91' lang='lat' dir='ltr'><strong>et</strong></span> <span class='ocrx_word' id='word_1_500' title='bbox 393 4491 670 4560; x_wconf 89' lang='lat' dir='ltr'><strong>prophetis</strong></span> <span class='ocrx_word' id='word_1_501' title='bbox 720 4495 850 4548; x_wconf 85' lang='lat' dir='ltr'><strong>Dei:</strong></span> <span class='ocrx_word' id='word_1_502' title='bbox 894 4505 951 4548; x_wconf 87' lang='lat' dir='ltr'><strong>ut</strong></span> <span class='ocrx_word' id='word_1_503' title='bbox 1014 4496 1106 4564; x_wconf 92' lang='lat' dir='ltr'><strong>qui</strong></span> <span class='ocrx_word' id='word_1_504' title='bbox 1160 4496 1470 4550; x_wconf 86' lang='lat' dir='ltr'><strong>inseruntur</strong></span> <span class='ocrx_word' id='word_1_505' title='bbox 1504 4498 1602 4562; x_wconf 92' lang='lat' dir='ltr'><strong>eis,</strong></span> 
     </span>
    </p>
   </div>
   <div class='ocr_carea' id='block_1_62' title="bbox 1713 2023 3284 2096">
    <p class='ocr_par' dir='ltr' id='par_1_62' title="bbox 1713 2023 3284 2096">
     <span class='ocr_line' id='line_1_62' title="bbox 1713 2023 3284 2096; baseline -0.001 -17"><span class='ocrx_word' id='word_1_506' title='bbox 1713 2036 1768 2079; x_wconf 91' lang='lat' dir='ltr'><strong>tu</strong></span> <span class='ocrx_word' id='word_1_507' title='bbox 1811 2034 1960 2080; x_wconf 88' lang='lat' dir='ltr'><strong>stas:</strong></span> <span class='ocrx_word' id='word_1_508' title='bbox 1995 2035 2047 2079; x_wconf 91' lang='lat' dir='ltr'><strong>et</strong></span> <span class='ocrx_word' id='word_1_509' title='bbox 2076 2036 2126 2080; x_wconf 95' lang='lat' dir='ltr'><strong>tu</strong></span> <span class='ocrx_word' id='word_1_510' title='bbox 2151 2039 2270 2079; x_wconf 90' lang='lat' dir='ltr'><strong>cum</strong></span> <span class='ocrx_word' id='word_1_511' title='bbox 2300 2025 2368 2080; x_wconf 86' lang='lat' dir='ltr'><strong>ibi</strong></span> <span class='ocrx_word' id='word_1_512' title='bbox 2402 2040 2504 2080; x_wconf 91' lang='lat' dir='ltr'><strong>non</strong></span> <span class='ocrx_word' id='word_1_513' title='bbox 2537 2040 2706 2090; x_wconf 90' lang='lat' dir='ltr'><strong>esses,</strong></span> <span class='ocrx_word' id='word_1_514' title='bbox 2735 2025 2801 2080; x_wconf 91' lang='lat' dir='ltr'><strong>ad</strong></span> <span class='ocrx_word' id='word_1_515' title='bbox 2834 2025 2990 2079; x_wconf 83' lang='lat' dir='ltr'><strong>olivae</strong></span> <span class='ocrx_word' id='word_1_516' title='bbox 3037 2023 3149 2096; x_wconf 72' lang='lat'><strong>(92)</strong></span> <span class='ocrx_word' id='word_1_517' title='bbox 3181 2026 3284 2078; x_wconf 84' lang='lat' dir='ltr'><strong>hu-</strong></span> 
     </span>
    </p>
   </div>
   <div class='ocr_carea' id='block_1_63' title="bbox 1705 2116 3284 2192">
    <p class='ocr_par' dir='ltr' id='par_1_63' title="bbox 1705 2116 3284 2192">
     <span class='ocr_line' id='line_1_63' title="bbox 1705 2116 3284 2192; baseline 0 -20"><span class='ocrx_word' id='word_1_518' title='bbox 1705 2116 1793 2192; x_wconf 84' lang='lat' dir='ltr'><strong>jus</strong></span> <span class='ocrx_word' id='word_1_519' title='bbox 1831 2119 2065 2172; x_wconf 89' lang='lat' dir='ltr'><strong>radicem</strong></span> <span class='ocrx_word' id='word_1_520' title='bbox 2098 2118 2319 2172; x_wconf 90' lang='lat' dir='ltr'><strong>aliunde</strong></span> <span class='ocrx_word' id='word_1_521' title='bbox 2351 2118 2643 2173; x_wconf 91' lang='lat' dir='ltr'><strong>translatus</strong></span> <span class='ocrx_word' id='word_1_522' title='bbox 2681 2133 2760 2184; x_wconf 89' lang='lat' dir='ltr'><strong>es,</strong></span> <span class='ocrx_word' id='word_1_523' title='bbox 2793 2127 2848 2172; x_wconf 89' lang='lat' dir='ltr'><strong>et</strong></span> <span class='ocrx_word' id='word_1_524' title='bbox 2895 2117 3156 2188; x_wconf 87' lang='lat' dir='ltr'><strong>possibile</strong></span> <span class='ocrx_word' id='word_1_525' title='bbox 3200 2125 3284 2172; x_wconf 89' lang='lat' dir='ltr'><strong>est</strong></span> 
     </span>
    </p>
   </div>
   <div class='ocr_carea' id='block_1_64' title="bbox 1711 2207 3282 2280">
    <p class='ocr_par' dir='ltr' id='par_1_64' title="bbox 1711 2207 3282 2280">
     <span class='ocr_line' id='line_1_64' title="bbox 1711 2207 3282 2280; baseline -0.001 -17"><span class='ocrx_word' id='word_1_526' title='bbox 1711 2211 1875 2265; x_wconf 89' lang='lat' dir='ltr'><strong>etiam</strong></span> <span class='ocrx_word' id='word_1_527' title='bbox 1919 2220 1970 2265; x_wconf 90' lang='lat' dir='ltr'><strong>te</strong></span> <span class='ocrx_word' id='word_1_528' title='bbox 2008 2225 2259 2280; x_wconf 89' lang='lat' dir='ltr'><strong>peccare.</strong></span> <span class='ocrx_word' id='word_1_529' title='bbox 2291 2209 2426 2264; x_wconf 85' lang='lat' dir='ltr'><strong>Nam</strong></span> <span class='ocrx_word' id='word_1_530' title='bbox 2469 2218 2526 2264; x_wconf 91' lang='lat' dir='ltr'><strong>et</strong></span> <span class='ocrx_word' id='word_1_531' title='bbox 2567 2210 2670 2263; x_wconf 90' lang='lat' dir='ltr'><strong>hoc</strong></span> <span class='ocrx_word' id='word_1_532' title='bbox 2715 2209 2830 2278; x_wconf 93' lang='lat' dir='ltr'><strong>ipso</strong></span> <span class='ocrx_word' id='word_1_533' title='bbox 2859 2209 3003 2278; x_wconf 88' lang='lat' dir='ltr'><strong>quod</strong></span> <span class='ocrx_word' id='word_1_534' title='bbox 3030 2207 3282 2276; x_wconf 87' lang='lat' dir='ltr'><strong>superbis</strong></span> 
     </span>
    </p>
   </div>
   <div class='ocr_carea' id='block_1_65' title="bbox 1712 2299 3285 2370">
    <p class='ocr_par' dir='ltr' id='par_1_65' title="bbox 1712 2299 3285 2370">
     <span class='ocr_line' id='line_1_65' title="bbox 1712 2299 3285 2370; baseline -0.001 -15"><span class='ocrx_word' id='word_1_535' title='bbox 1712 2311 1764 2355; x_wconf 91' lang='lat' dir='ltr'><strong>et</strong></span> <span class='ocrx_word' id='word_1_536' title='bbox 1788 2301 2064 2366; x_wconf 80' lang='lat' dir='ltr'><strong>exaltaris,</strong></span> <span class='ocrx_word' id='word_1_537' title='bbox 2088 2301 2200 2369; x_wconf 90' lang='lat' dir='ltr'><strong>jam</strong></span> <span class='ocrx_word' id='word_1_538' title='bbox 2225 2316 2417 2370; x_wconf 87' lang='lat' dir='ltr'><strong>peccas</strong></span> <span class='ocrx_word' id='word_1_539' title='bbox 2443 2319 2456 2356; x_wconf 93' lang='lat'>:</span> <span class='ocrx_word' id='word_1_540' title='bbox 2491 2309 2546 2355; x_wconf 92' lang='lat' dir='ltr'><strong>et</strong></span> <span class='ocrx_word' id='word_1_541' title='bbox 2567 2301 2700 2355; x_wconf 92' lang='lat' dir='ltr'><strong>scito</strong></span> <span class='ocrx_word' id='word_1_542' title='bbox 2729 2301 2986 2370; x_wconf 90' lang='lat' dir='ltr'><strong>quoniam</strong></span> <span class='ocrx_word' id='word_1_543' title='bbox 3017 2317 3038 2352; x_wconf 78' lang='grc' dir='ltr'><strong>ι</strong></span> <span class='ocrx_word' id='word_1_544' title='bbox 3069 2300 3114 2354; x_wconf 91' lang='lat' dir='ltr'><strong>si</strong></span> <span class='ocrx_word' id='word_1_545' title='bbox 3143 2299 3285 2354; x_wconf 87' lang='lat' dir='ltr'><strong>Deus</strong></span> 
     </span>
    </p>
   </div>
   <div class='ocr_carea' id='block_1_66' title="bbox 1715 2392 3279 2464">
    <p class='ocr_par' dir='ltr' id='par_1_66' title="bbox 1715 2392 3279 2464">
     <span class='ocr_line' id='line_1_66' title="bbox 1715 2392 3279 2464; baseline -0.001 -18"><span class='ocrx_word' id='word_1_546' title='bbox 1715 2392 2048 2458; x_wconf 86' lang='lat' dir='ltr'><strong>naturalibus</strong></span> <span class='ocrx_word' id='word_1_547' title='bbox 2100 2393 2264 2447; x_wconf 91' lang='lat' dir='ltr'><strong>ramis</strong></span> <span class='ocrx_word' id='word_1_548' title='bbox 2319 2408 2423 2447; x_wconf 91' lang='lat' dir='ltr'><strong>non</strong></span> <span class='ocrx_word' id='word_1_549' title='bbox 2474 2394 2736 2464; x_wconf 91' lang='lat' dir='ltr'><strong>pepercit,</strong></span> <span class='ocrx_word' id='word_1_550' title='bbox 2780 2408 2881 2448; x_wconf 79' lang='lat' dir='ltr'><strong>nec</strong></span> <span class='ocrx_word' id='word_1_551' title='bbox 2916 2393 3009 2447; x_wconf 92' lang='lat' dir='ltr'><strong>tibi</strong></span> <span class='ocrx_word' id='word_1_552' title='bbox 3038 2399 3279 2461; x_wconf 62' lang='lat' dir='ltr'><strong>parcet.»</strong></span> 
     </span>
    </p>
   </div>
   <div class='ocr_carea' id='block_1_67' title="bbox 1713 2481 3287 2555">
    <p class='ocr_par' dir='ltr' id='par_1_67' title="bbox 1713 2481 3287 2555">
     <span class='ocr_line' id='line_1_67' title="bbox 1713 2481 3287 2555; baseline 0.003 -20"><span class='ocrx_word' id='word_1_553' title='bbox 1713 2481 1844 2536; x_wconf 88' lang='lat' dir='ltr'><strong>Post</strong></span> <span class='ocrx_word' id='word_1_554' title='bbox 1882 2485 1992 2538; x_wconf 58' lang='lat' dir='ltr'><strong>haec</strong></span> <span class='ocrx_word' id='word_1_555' title='bbox 2033 2497 2160 2538; x_wconf 91' lang='lat' dir='ltr'><strong>vero</strong></span> <span class='ocrx_word' id='word_1_556' title='bbox 2215 2485 2320 2539; x_wconf 91' lang='lat' dir='ltr'><strong>iste</strong></span> <span class='ocrx_word' id='word_1_557' title='bbox 2355 2485 2466 2555; x_wconf 80' lang='grc'>(95)</span> <span class='ocrx_word' id='word_1_558' title='bbox 2513 2484 2606 2555; x_wconf 89' lang='lat' dir='ltr'><strong>qui</strong></span> <span class='ocrx_word' id='word_1_559' title='bbox 2661 2485 2906 2554; x_wconf 86' lang='lat' dir='ltr'><strong>superbit</strong></span> <span class='ocrx_word' id='word_1_560' title='bbox 2951 2492 3007 2539; x_wconf 89' lang='lat' dir='ltr'><strong>et</strong></span> <span class='ocrx_word' id='word_1_561' title='bbox 3062 2483 3287 2539; x_wconf 84' lang='lat' dir='ltr'><strong>insultat</strong></span> 
     </span>
    </p>
   </div>
   <div class='ocr_carea' id='block_1_68' title="bbox 1714 2574 3286 2646">
    <p class='ocr_par' dir='ltr' id='par_1_68' title="bbox 1714 2574 3286 2646">
     <span class='ocr_line' id='line_1_68' title="bbox 1714 2574 3286 2646; baseline 0.003 -19"><span class='ocrx_word' id='word_1_562' title='bbox 1714 2575 1904 2644; x_wconf 89' lang='lat' dir='ltr'><strong>lapsis,</strong></span> <span class='ocrx_word' id='word_1_563' title='bbox 1944 2576 2227 2631; x_wconf 89' lang='lat' dir='ltr'><strong>altioribus</strong></span> <span class='ocrx_word' id='word_1_564' title='bbox 2269 2576 2338 2630; x_wconf 90' lang='lat' dir='ltr'><strong>ab</strong></span> <span class='ocrx_word' id='word_1_565' title='bbox 2374 2576 2630 2646; x_wconf 84' lang='lat' dir='ltr'><strong>Apostoio</strong></span> <span class='ocrx_word' id='word_1_566' title='bbox 2672 2576 2920 2630; x_wconf 89' lang='lat' dir='ltr'><strong>sensibus</strong></span> <span class='ocrx_word' id='word_1_567' title='bbox 2965 2574 3286 2631; x_wconf 86' lang='lat' dir='ltr'><strong>humilitatis</strong></span> 
     </span>
    </p>
   </div>
   <div class='ocr_carea' id='block_1_69' title="bbox 1716 2665 3284 2735">
    <p class='ocr_par' dir='ltr' id='par_1_69' title="bbox 1716 2665 3284 2735">
     <span class='ocr_line' id='line_1_69' title="bbox 1716 2665 3284 2735; baseline -0.001 -17"><span class='ocrx_word' id='word_1_568' title='bbox 1716 2666 2018 2732; x_wconf 91' lang='lat' dir='ltr'><strong>imbuitur;</strong></span> <span class='ocrx_word' id='word_1_569' title='bbox 2057 2675 2109 2720; x_wconf 91' lang='lat' dir='ltr'><strong>et</strong></span> <span class='ocrx_word' id='word_1_570' title='bbox 2154 2667 2358 2722; x_wconf 89' lang='lat' dir='ltr'><strong>dicitur</strong></span> <span class='ocrx_word' id='word_1_571' title='bbox 2409 2667 2475 2719; x_wconf 90' lang='lat' dir='ltr'><strong>ad</strong></span> <span class='ocrx_word' id='word_1_572' title='bbox 2521 2683 2642 2720; x_wconf 91' lang='lat' dir='ltr'><strong>eum</strong></span> <span class='ocrx_word' id='word_1_573' title='bbox 2672 2684 2686 2720; x_wconf 91' lang='lat'><strong>:</strong></span> <span class='ocrx_word' id='word_1_574' title='bbox 2721 2665 2799 2719; x_wconf 91' lang='lat' dir='ltr'><strong>Tu</strong></span> <span class='ocrx_word' id='word_1_575' title='bbox 2832 2668 2923 2735; x_wconf 93' lang='lat' dir='ltr'><strong>qui</strong></span> <span class='ocrx_word' id='word_1_576' title='bbox 2967 2666 3080 2719; x_wconf 66' lang='lat' dir='ltr'><strong>hare</strong></span> <span class='ocrx_word' id='word_1_577' title='bbox 3127 2666 3284 2729; x_wconf 89' lang='lat' dir='ltr'><strong>dicis,</strong></span> 
     </span>
    </p>
   </div>
   <div class='ocr_carea' id='block_1_70' title="bbox 1717 2757 3284 2813">
    <p class='ocr_par' dir='ltr' id='par_1_70' title="bbox 1717 2757 3284 2813">
     <span class='ocr_line' id='line_1_70' title="bbox 1717 2757 3284 2813; baseline 0 -5"><span class='ocrx_word' id='word_1_578' title='bbox 1717 2773 1738 2808; x_wconf 74' lang='grc' dir='ltr'><strong>ι</strong></span> <span class='ocrx_word' id='word_1_579' title='bbox 1778 2757 1898 2811; x_wconf 87' lang='lat' dir='ltr'><strong>vide</strong></span> <span class='ocrx_word' id='word_1_580' title='bbox 1931 2758 2228 2812; x_wconf 88' lang='lat' dir='ltr'><strong>bonitatem</strong></span> <span class='ocrx_word' id='word_1_581' title='bbox 2259 2768 2312 2813; x_wconf 90' lang='lat' dir='ltr'><strong>et</strong></span> <span class='ocrx_word' id='word_1_582' title='bbox 2343 2758 2689 2812; x_wconf 87' lang='lat' dir='ltr'><strong>severitatem</strong></span> <span class='ocrx_word' id='word_1_583' title='bbox 2723 2758 2812 2810; x_wconf 89' lang='lat' dir='ltr'><strong>Dei</strong></span> <span class='ocrx_word' id='word_1_584' title='bbox 2845 2776 2857 2810; x_wconf 89' lang='lat'><strong>:</strong></span> <span class='ocrx_word' id='word_1_585' title='bbox 2891 2775 2909 2807; x_wconf 78' lang='grc' dir='ltr'><strong>ι</strong></span> <span class='ocrx_word' id='word_1_586' title='bbox 2946 2766 3000 2810; x_wconf 92' lang='lat' dir='ltr'><strong>et</strong></span> <span class='ocrx_word' id='word_1_587' title='bbox 3034 2772 3153 2810; x_wconf 91' lang='lat' dir='ltr'><strong>cum</strong></span> <span class='ocrx_word' id='word_1_588' title='bbox 3203 2758 3284 2809; x_wconf 84' lang='lat' dir='ltr'><strong>vi-</strong></span> 
     </span>
    </p>
   </div>
   <div class='ocr_carea' id='block_1_71' title="bbox 1714 2849 3284 2920">
    <p class='ocr_par' dir='ltr' id='par_1_71' title="bbox 1714 2849 3284 2920">
     <span class='ocr_line' id='line_1_71' title="bbox 1714 2849 3284 2920; baseline -0.002 -18"><span class='ocrx_word' id='word_1_589' title='bbox 1714 2850 1808 2902; x_wconf 91' lang='lat' dir='ltr'><strong>des</strong></span> <span class='ocrx_word' id='word_1_590' title='bbox 1838 2850 2184 2903; x_wconf 83' lang='lat' dir='ltr'><strong>severitatem</strong></span> <span class='ocrx_word' id='word_1_591' title='bbox 2224 2851 2342 2920; x_wconf 84' lang='lat' dir='ltr'><strong>ejus</strong></span> <span class='ocrx_word' id='word_1_592' title='bbox 2388 2865 2511 2919; x_wconf 78' lang='lat' dir='ltr'><strong>erga</strong></span> <span class='ocrx_word' id='word_1_593' title='bbox 2550 2849 2825 2904; x_wconf 88' lang='lat' dir='ltr'><strong>defractos</strong></span> <span class='ocrx_word' id='word_1_594' title='bbox 2851 2864 3052 2912; x_wconf 85' lang='lat' dir='ltr'><strong>ramos,</strong></span> <span class='ocrx_word' id='word_1_595' title='bbox 3106 2859 3284 2902; x_wconf 84' lang='lat' dir='ltr'><strong>metu-</strong></span> 
     </span>
    </p>
   </div>
   <div class='ocr_carea' id='block_1_72' title="bbox 1712 2938 3282 3008">
    <p class='ocr_par' dir='ltr' id='par_1_72' title="bbox 1712 2938 3282 3008">
     <span class='ocr_line' id='line_1_72' title="bbox 1712 2938 3282 3008; baseline -0.002 -15"><span class='ocrx_word' id='word_1_596' title='bbox 1712 2938 1908 2993; x_wconf 87' lang='lat' dir='ltr'><strong>endum</strong></span> <span class='ocrx_word' id='word_1_597' title='bbox 1941 2941 2033 2994; x_wconf 88' lang='lat' dir='ltr'><strong>tibi</strong></span> <span class='ocrx_word' id='word_1_598' title='bbox 2067 2949 2150 2993; x_wconf 85' lang='lat' dir='ltr'><strong>est</strong></span> <span class='ocrx_word' id='word_1_599' title='bbox 2177 2954 2241 2993; x_wconf 91' lang='lat' dir='ltr'><strong>ne</strong></span> <span class='ocrx_word' id='word_1_600' title='bbox 2267 2939 2407 2994; x_wconf 81' lang='lat' dir='ltr'><strong>forte</strong></span> <span class='ocrx_word' id='word_1_601' title='bbox 2459 2949 2512 2993; x_wconf 90' lang='lat' dir='ltr'><strong>et</strong></span> <span class='ocrx_word' id='word_1_602' title='bbox 2562 2949 2618 2993; x_wconf 89' lang='lat' dir='ltr'><strong>tu</strong></span> <span class='ocrx_word' id='word_1_603' title='bbox 2648 2938 2776 2994; x_wconf 86' lang='lat' dir='ltr'><strong>dum</strong></span> <span class='ocrx_word' id='word_1_604' title='bbox 2823 2938 3077 3008; x_wconf 82' lang='lat' dir='ltr'><strong>superbis</strong></span> <span class='ocrx_word' id='word_1_605' title='bbox 3112 2950 3166 2992; x_wconf 86' lang='lat' dir='ltr'><strong>et</strong></span> <span class='ocrx_word' id='word_1_606' title='bbox 3196 2938 3282 2991; x_wconf 84' lang='lat' dir='ltr'><strong>in-</strong></span> 
     </span>
    </p>
   </div>
   <div class='ocr_carea' id='block_1_73' title="bbox 1713 3032 3285 3102">
    <p class='ocr_par' dir='ltr' id='par_1_73' title="bbox 1713 3032 3285 3102">
     <span class='ocr_line' id='line_1_73' title="bbox 1713 3032 3285 3102; baseline -0.003 -15"><span class='ocrx_word' id='word_1_607' title='bbox 1713 3032 1883 3087; x_wconf 88' lang='lat' dir='ltr'><strong>sultas</strong></span> <span class='ocrx_word' id='word_1_608' title='bbox 1907 3032 2089 3099; x_wconf 90' lang='lat' dir='ltr'><strong>lapsis,</strong></span> <span class='ocrx_word' id='word_1_609' title='bbox 2120 3033 2466 3087; x_wconf 84' lang='lat' dir='ltr'><strong>severitatem</strong></span> <span class='ocrx_word' id='word_1_610' title='bbox 2502 3032 2593 3087; x_wconf 90' lang='lat' dir='ltr'><strong>Dei</strong></span> <span class='ocrx_word' id='word_1_611' title='bbox 2647 3047 2768 3102; x_wconf 68' lang='lat' dir='ltr'><strong>quae</strong></span> <span class='ocrx_word' id='word_1_612' title='bbox 2813 3041 3126 3100; x_wconf 86' lang='lat' dir='ltr'><strong>peccatores</strong></span> <span class='ocrx_word' id='word_1_613' title='bbox 3159 3045 3285 3100; x_wconf 87' lang='lat' dir='ltr'><strong>per-</strong></span> 
     </span>
    </p>
   </div>
   <div class='ocr_carea' id='block_1_74' title="bbox 1717 3121 3285 3193">
    <p class='ocr_par' dir='ltr' id='par_1_74' title="bbox 1717 3121 3285 3193">
     <span class='ocr_line' id='line_1_74' title="bbox 1717 3121 3285 3193; baseline 0 -17"><span class='ocrx_word' id='word_1_614' title='bbox 1717 3134 1897 3192; x_wconf 75' lang='lat' dir='ltr'><strong>urget,</strong></span> <span class='ocrx_word' id='word_1_615' title='bbox 1954 3124 2204 3177; x_wconf 88' lang='lat' dir='ltr'><strong>incurras</strong></span> <span class='ocrx_word' id='word_1_616' title='bbox 2234 3124 2348 3192; x_wconf 89' lang='lat' dir='ltr'><strong>ipse</strong></span> <span class='ocrx_word' id='word_1_617' title='bbox 2399 3124 2696 3193; x_wconf 87' lang='lat' dir='ltr'><strong>peccando.</strong></span> <span class='ocrx_word' id='word_1_618' title='bbox 2730 3121 2956 3176; x_wconf 85' lang='lat' dir='ltr'><strong>Bonitas</strong></span> <span class='ocrx_word' id='word_1_619' title='bbox 2993 3123 3133 3175; x_wconf 90' lang='lat' dir='ltr'><strong>enim</strong></span> <span class='ocrx_word' id='word_1_620' title='bbox 3169 3122 3285 3188; x_wconf 88' lang='lat' dir='ltr'><strong>ejus</strong></span> 
     </span>
    </p>
   </div>
   <div class='ocr_carea' id='block_1_75' title="bbox 1715 3214 3284 3286">
    <p class='ocr_par' dir='ltr' id='par_1_75' title="bbox 1715 3214 3284 3286">
     <span class='ocr_line' id='line_1_75' title="bbox 1715 3214 3284 3286; baseline 0.002 -20"><span class='ocrx_word' id='word_1_621' title='bbox 1715 3224 1998 3284; x_wconf 88' lang='lat' dir='ltr'><strong>permanet</strong></span> <span class='ocrx_word' id='word_1_622' title='bbox 2025 3214 2075 3266; x_wconf 92' lang='lat' dir='ltr'><strong>in</strong></span> <span class='ocrx_word' id='word_1_623' title='bbox 2097 3214 2285 3283; x_wconf 75' lang='lat' dir='ltr'><strong>bisqui</strong></span> <span class='ocrx_word' id='word_1_624' title='bbox 2309 3215 2360 3267; x_wconf 94' lang='lat' dir='ltr'><strong>in</strong></span> <span class='ocrx_word' id='word_1_625' title='bbox 2388 3215 2625 3269; x_wconf 86' lang='lat' dir='ltr'><strong>bonitate</strong></span> <span class='ocrx_word' id='word_1_626' title='bbox 2654 3215 3068 3286; x_wconf 88' lang='lat' dir='ltr'><strong>permanserint.</strong></span> <span class='ocrx_word' id='word_1_627' title='bbox 3099 3235 3115 3267; x_wconf 78' lang='grc' dir='ltr'><strong>ι</strong></span> <span class='ocrx_word' id='word_1_628' title='bbox 3141 3216 3284 3270; x_wconf 84' lang='lat' dir='ltr'><strong>Alio-</strong></span> 
     </span>
    </p>
   </div>
   <div class='ocr_carea' id='block_1_76' title="bbox 1713 3302 3286 3376">
    <p class='ocr_par' dir='ltr' id='par_1_76' title="bbox 1713 3302 3286 3376">
     <span class='ocr_line' id='line_1_76' title="bbox 1713 3302 3286 3376; baseline 0.001 -21"><span class='ocrx_word' id='word_1_629' title='bbox 1713 3302 1842 3371; x_wconf 90' lang='lat' dir='ltr'><strong>quin</strong></span> <span class='ocrx_word' id='word_1_630' title='bbox 1866 3321 1883 3355; x_wconf 87' lang='grc' dir='ltr'><strong>ι</strong></span> <span class='ocrx_word' id='word_1_631' title='bbox 1901 3304 2088 3358; x_wconf 89' lang='lat' dir='ltr'><strong>eodem</strong></span> <span class='ocrx_word' id='word_1_632' title='bbox 2103 3303 2290 3358; x_wconf 88' lang='lat' dir='ltr'><strong>ordine</strong></span> <span class='ocrx_word' id='word_1_633' title='bbox 2310 3322 2328 3354; x_wconf 76' lang='grc' dir='ltr'><strong>ι</strong></span> <span class='ocrx_word' id='word_1_634' title='bbox 2349 3314 2401 3357; x_wconf 90' lang='lat' dir='ltr'><strong>et</strong></span> <span class='ocrx_word' id='word_1_635' title='bbox 2418 3304 2579 3367; x_wconf 80' lang='grc' dir='ltr'>ιιι,ιεί</span> <span class='ocrx_word' id='word_1_636' title='bbox 2603 3304 2653 3357; x_wconf 84' lang='lat' dir='ltr'><strong>in</strong></span> <span class='ocrx_word' id='word_1_637' title='bbox 2675 3303 2910 3359; x_wconf 86' lang='lat' dir='ltr'><strong>bonitate</strong></span> <span class='ocrx_word' id='word_1_638' title='bbox 2924 3320 3026 3359; x_wconf 93' lang='lat' dir='ltr'><strong>non</strong></span> <span class='ocrx_word' id='word_1_639' title='bbox 3042 3321 3286 3376; x_wconf 85' lang='lat' dir='ltr'><strong>perman-</strong></span> 
     </span>
    </p>
   </div>
   <div class='ocr_carea' id='block_1_77' title="bbox 1712 3392 3286 3462">
    <p class='ocr_par' dir='ltr' id='par_1_77' title="bbox 1712 3392 3286 3462">
     <span class='ocr_line' id='line_1_77' title="bbox 1712 3392 3286 3462; baseline -0.001 -17"><span class='ocrx_word' id='word_1_640' title='bbox 1712 3392 1872 3455; x_wconf 90' lang='lat' dir='ltr'><strong>seris,</strong></span> <span class='ocrx_word' id='word_1_641' title='bbox 1893 3409 1911 3443; x_wconf 84' lang='grc' dir='ltr'><strong>ι</strong></span> <span class='ocrx_word' id='word_1_642' title='bbox 1931 3392 2229 3446; x_wconf 74' lang='lat' dir='ltr'><strong>excideris:</strong></span> <span class='ocrx_word' id='word_1_643' title='bbox 2265 3401 2318 3446; x_wconf 91' lang='lat' dir='ltr'><strong>et</strong></span> <span class='ocrx_word' id='word_1_644' title='bbox 2347 3392 2420 3446; x_wconf 93' lang='lat' dir='ltr'><strong>illi</strong></span> <span class='ocrx_word' id='word_1_645' title='bbox 2449 3393 2492 3446; x_wconf 90' lang='lat' dir='ltr'><strong>si</strong></span> <span class='ocrx_word' id='word_1_646' title='bbox 2529 3396 2580 3445; x_wconf 92' lang='lat' dir='ltr'><strong>in</strong></span> <span class='ocrx_word' id='word_1_647' title='bbox 2619 3392 2995 3447; x_wconf 85' lang='lat' dir='ltr'><strong>incredulitate</strong></span> <span class='ocrx_word' id='word_1_648' title='bbox 3033 3408 3136 3446; x_wconf 91' lang='lat' dir='ltr'><strong>non</strong></span> <span class='ocrx_word' id='word_1_649' title='bbox 3161 3407 3286 3462; x_wconf 60' lang='lat' dir='ltr'><strong>per.</strong></span> 
     </span>
    </p>
   </div>
   <div class='ocr_carea' id='block_1_78' title="bbox 1714 3487 3285 3556">
    <p class='ocr_par' dir='ltr' id='par_1_78' title="bbox 1714 3487 3285 3556">
     <span class='ocr_line' id='line_1_78' title="bbox 1714 3487 3285 3556; baseline 0.001 -16"><span class='ocrx_word' id='word_1_650' title='bbox 1714 3487 2408 3556; x_wconf 74' lang='lat' dir='ltr'><strong>manserint,inserentur.i</strong></span> <span class='ocrx_word' id='word_1_651' title='bbox 2438 3487 2546 3542; x_wconf 89' lang='lat' dir='ltr'><strong>Deo</strong></span> <span class='ocrx_word' id='word_1_652' title='bbox 2570 3489 2714 3542; x_wconf 92' lang='lat' dir='ltr'><strong>enim</strong></span> <span class='ocrx_word' id='word_1_653' title='bbox 2745 3500 2950 3543; x_wconf 89' lang='lat' dir='ltr'><strong>nonest</strong></span> <span class='ocrx_word' id='word_1_654' title='bbox 2975 3487 3285 3556; x_wconf 83' lang='lat' dir='ltr'><strong>impossibi-</strong></span> 
     </span>
    </p>
   </div>
   <div class='ocr_carea' id='block_1_79' title="bbox 1711 3577 3284 3635">
    <p class='ocr_par' dir='ltr' id='par_1_79' title="bbox 1711 3577 3284 3635">
     <span class='ocr_line' id='line_1_79' title="bbox 1711 3577 3284 3635; baseline 0.003 -5"><span class='ocrx_word' id='word_1_655' title='bbox 1711 3577 1760 3630; x_wconf 93' lang='lat' dir='ltr'><strong>le</strong></span> <span class='ocrx_word' id='word_1_656' title='bbox 1782 3597 1800 3628; x_wconf 79' lang='grc' dir='ltr'><strong>ι</strong></span> <span class='ocrx_word' id='word_1_657' title='bbox 1827 3579 2020 3632; x_wconf 81' lang='lat' dir='ltr'><strong>iterum</strong></span> <span class='ocrx_word' id='word_1_658' title='bbox 2041 3578 2281 3632; x_wconf 90' lang='lat' dir='ltr'><strong>inserere</strong></span> <span class='ocrx_word' id='word_1_659' title='bbox 2303 3577 2422 3632; x_wconf 90' lang='lat' dir='ltr'><strong>illos</strong></span> <span class='ocrx_word' id='word_1_660' title='bbox 2441 3597 2459 3628; x_wconf 79' lang='grc' dir='ltr'><strong>ι</strong></span> <span class='ocrx_word' id='word_1_661' title='bbox 2480 3579 2523 3633; x_wconf 90' lang='lat' dir='ltr'><strong>si</strong></span> <span class='ocrx_word' id='word_1_662' title='bbox 2547 3581 2802 3634; x_wconf 88' lang='lat' dir='ltr'><strong>recedant</strong></span> <span class='ocrx_word' id='word_1_663' title='bbox 2818 3581 2885 3634; x_wconf 91' lang='lat' dir='ltr'><strong>ab</strong></span> <span class='ocrx_word' id='word_1_664' title='bbox 2907 3580 3284 3635; x_wconf 73' lang='lat' dir='ltr'><strong>incredulitate</strong></span> 
     </span>
    </p>
   </div>
   <div class='ocr_carea' id='block_1_80' title="bbox 1709 3668 3284 3740">
    <p class='ocr_par' dir='ltr' id='par_1_80' title="bbox 1709 3668 3284 3740">
     <span class='ocr_line' id='line_1_80' title="bbox 1709 3668 3284 3740; baseline 0.001 -15"><span class='ocrx_word' id='word_1_665' title='bbox 1709 3668 1874 3739; x_wconf 79' lang='lat'><strong>639</strong></span> <span class='ocrx_word' id='word_1_666' title='bbox 1893 3683 1988 3737; x_wconf 89' lang='lat' dir='ltr'><strong>per</strong></span> <span class='ocrx_word' id='word_1_667' title='bbox 2017 3684 2174 3736; x_wconf 90' lang='lat' dir='ltr'><strong>quam</strong></span> <span class='ocrx_word' id='word_1_668' title='bbox 2210 3668 2362 3723; x_wconf 89' lang='lat' dir='ltr'><strong>fracti</strong></span> <span class='ocrx_word' id='word_1_669' title='bbox 2391 3680 2515 3723; x_wconf 92' lang='lat' dir='ltr'><strong>sunt</strong></span> <span class='ocrx_word' id='word_1_670' title='bbox 2550 3688 2563 3723; x_wconf 93' lang='lat'>:</span> <span class='ocrx_word' id='word_1_671' title='bbox 2607 3671 3042 3740; x_wconf 90' lang='lat' dir='ltr'><strong>quandoquidem</strong></span> <span class='ocrx_word' id='word_1_672' title='bbox 3072 3671 3284 3726; x_wconf 84' lang='lat' dir='ltr'><strong>facilius</strong></span> 
     </span>
    </p>
   </div>
   <div class='ocr_carea' id='block_1_81' title="bbox 1711 3760 3281 3828">
    <p class='ocr_par' dir='ltr' id='par_1_81' title="bbox 1711 3760 3281 3828">
     <span class='ocr_line' id='line_1_81' title="bbox 1711 3760 3281 3828; baseline 0.001 -18"><span class='ocrx_word' id='word_1_673' title='bbox 1711 3762 1925 3813; x_wconf 89' lang='lat' dir='ltr'><strong>videtur</strong></span> <span class='ocrx_word' id='word_1_674' title='bbox 1950 3761 2180 3828; x_wconf 64' lang='lat' dir='ltr'><strong>propriae</strong></span> <span class='ocrx_word' id='word_1_675' title='bbox 2207 3760 2418 3813; x_wconf 86' lang='lat' dir='ltr'><strong>arboris</strong></span> <span class='ocrx_word' id='word_1_676' title='bbox 2460 3776 2643 3814; x_wconf 86' lang='lat' dir='ltr'><strong>ramos</strong></span> <span class='ocrx_word' id='word_1_677' title='bbox 2676 3761 2842 3812; x_wconf 89' lang='lat' dir='ltr'><strong>radici</strong></span> <span class='ocrx_word' id='word_1_678' title='bbox 2873 3775 2985 3814; x_wconf 73' lang='lat' dir='ltr'><strong>sua:</strong></span> <span class='ocrx_word' id='word_1_679' title='bbox 3029 3760 3281 3823; x_wconf 88' lang='lat' dir='ltr'><strong>reddere,</strong></span> 
     </span>
    </p>
   </div>
   <div class='ocr_carea' id='block_1_82' title="bbox 1710 3850 3281 3920">
    <p class='ocr_par' dir='ltr' id='par_1_82' title="bbox 1710 3850 3281 3920">
     <span class='ocr_line' id='line_1_82' title="bbox 1710 3850 3281 3920; baseline 0.001 -17"><span class='ocrx_word' id='word_1_680' title='bbox 1710 3859 1870 3920; x_wconf 80' lang='lat' dir='ltr'><strong>quam</strong></span> <span class='ocrx_word' id='word_1_681' title='bbox 1890 3851 2128 3905; x_wconf 83' lang='lat' dir='ltr'><strong>inserere</strong></span> <span class='ocrx_word' id='word_1_682' title='bbox 2145 3852 2367 3905; x_wconf 88' lang='lat' dir='ltr'><strong>alienos.</strong></span> <span class='ocrx_word' id='word_1_683' title='bbox 2384 3851 2534 3918; x_wconf 91' lang='lat' dir='ltr'><strong>Quod</strong></span> <span class='ocrx_word' id='word_1_684' title='bbox 2554 3859 2732 3904; x_wconf 88' lang='lat' dir='ltr'><strong>autem</strong></span> <span class='ocrx_word' id='word_1_685' title='bbox 2761 3850 2944 3914; x_wconf 73' lang='lat' dir='ltr'><strong>dixit,c</strong></span> <span class='ocrx_word' id='word_1_686' title='bbox 2967 3865 3034 3905; x_wconf 77' lang='lat' dir='ltr'><strong>ex</strong></span> <span class='ocrx_word' id='word_1_687' title='bbox 3050 3851 3281 3905; x_wconf 86' lang='lat' dir='ltr'><strong>naturali</strong></span> 
     </span>
    </p>
   </div>
   <div class='ocr_carea' id='block_1_83' title="bbox 1709 3941 3282 4012">
    <p class='ocr_par' dir='ltr' id='par_1_83' title="bbox 1709 3941 3282 4012">
     <span class='ocr_line' id='line_1_83' title="bbox 1709 3941 3282 4012; baseline -0.002 -14"><span class='ocrx_word' id='word_1_688' title='bbox 1709 3945 1965 4012; x_wconf 89' lang='lat' dir='ltr'><strong>oleastro,</strong></span> <span class='ocrx_word' id='word_1_689' title='bbox 2000 3959 2088 3996; x_wconf 70' lang='lat' dir='ltr'><strong>iet</strong></span> <span class='ocrx_word' id='word_1_690' title='bbox 2112 3942 2352 3996; x_wconf 71' lang='lat' dir='ltr'><strong>iterumzr</strong></span> <span class='ocrx_word' id='word_1_691' title='bbox 2373 3941 2668 3996; x_wconf 88' lang='lat' dir='ltr'><strong>secundum</strong></span> <span class='ocrx_word' id='word_1_692' title='bbox 2701 3953 2946 3996; x_wconf 87' lang='lat' dir='ltr'><strong>naturam</strong></span> <span class='ocrx_word' id='word_1_693' title='bbox 2977 3943 3282 3996; x_wconf 87' lang='lat' dir='ltr'><strong>iusereutur</strong></span> 
     </span>
    </p>
   </div>
   <div class='ocr_carea' id='block_1_84' title="bbox 1709 4032 3281 4098">
    <p class='ocr_par' dir='ltr' id='par_1_84' title="bbox 1709 4032 3281 4098">
     <span class='ocr_line' id='line_1_84' title="bbox 1709 4032 3281 4098; baseline -0.001 -10"><span class='ocrx_word' id='word_1_694' title='bbox 1709 4050 1819 4088; x_wconf 66' lang='lat' dir='ltr'><strong>sum</strong></span> <span class='ocrx_word' id='word_1_695' title='bbox 1833 4034 2007 4098; x_wconf 74' lang='lat' dir='ltr'><strong>olivze,</strong></span> <span class='ocrx_word' id='word_1_696' title='bbox 2033 4053 2052 4086; x_wconf 80' lang='grc' dir='ltr'><strong>ι</strong></span> <span class='ocrx_word' id='word_1_697' title='bbox 2080 4042 2327 4088; x_wconf 84' lang='lat' dir='ltr'><strong>naturam</strong></span> <span class='ocrx_word' id='word_1_698' title='bbox 2344 4033 2499 4086; x_wconf 85' lang='lat' dir='ltr'><strong>olivae</strong></span> <span class='ocrx_word' id='word_1_699' title='bbox 2528 4032 2610 4086; x_wconf 89' lang='lat' dir='ltr'><strong>vel</strong></span> <span class='ocrx_word' id='word_1_700' title='bbox 2629 4033 2844 4086; x_wconf 85' lang='lat' dir='ltr'><strong>oleastri</strong></span> <span class='ocrx_word' id='word_1_701' title='bbox 2869 4034 3158 4087; x_wconf 91' lang='lat' dir='ltr'><strong>secundum</strong></span> <span class='ocrx_word' id='word_1_702' title='bbox 3183 4033 3281 4086; x_wconf 88' lang='lat' dir='ltr'><strong>hoc</strong></span> 
     </span>
    </p>
   </div>
   <div class='ocr_carea' id='block_1_85' title="bbox 1709 4124 3281 4195">
    <p class='ocr_par' dir='ltr' id='par_1_85' title="bbox 1709 4124 3281 4195">
     <span class='ocr_line' id='line_1_85' title="bbox 1709 4124 3281 4195; baseline -0.001 -14"><span class='ocrx_word' id='word_1_703' title='bbox 1709 4130 1964 4181; x_wconf 90' lang='lat' dir='ltr'><strong>debemus</strong></span> <span class='ocrx_word' id='word_1_704' title='bbox 1986 4127 2232 4194; x_wconf 87' lang='lat' dir='ltr'><strong>accipere</strong></span> <span class='ocrx_word' id='word_1_705' title='bbox 2255 4126 2396 4193; x_wconf 90' lang='lat' dir='ltr'><strong>quod</strong></span> <span class='ocrx_word' id='word_1_706' title='bbox 2417 4139 2578 4191; x_wconf 92' lang='lat' dir='ltr'><strong>supra</strong></span> <span class='ocrx_word' id='word_1_707' title='bbox 2605 4124 2974 4192; x_wconf 85' lang='lat' dir='ltr'><strong>exposuimus,</strong></span> <span class='ocrx_word' id='word_1_708' title='bbox 2995 4126 3134 4195; x_wconf 90' lang='lat' dir='ltr'><strong>quod</strong></span> <span class='ocrx_word' id='word_1_709' title='bbox 3169 4125 3281 4194; x_wconf 66' lang='grc'>(94)</span> 
     </span>
    </p>
   </div>
   <div class='ocr_carea' id='block_1_86' title="bbox 1707 4213 3280 4283">
    <p class='ocr_par' dir='ltr' id='par_1_86' title="bbox 1707 4213 3280 4283">
     <span class='ocr_line' id='line_1_86' title="bbox 1707 4213 3280 4283; baseline -0.002 -13"><span class='ocrx_word' id='word_1_710' title='bbox 1707 4217 1916 4270; x_wconf 89' lang='lat' dir='ltr'><strong>arbitrii</strong></span> <span class='ocrx_word' id='word_1_711' title='bbox 1951 4215 2174 4270; x_wconf 87' lang='lat' dir='ltr'><strong>libertas</strong></span> <span class='ocrx_word' id='word_1_712' title='bbox 2206 4226 2454 4267; x_wconf 87' lang='lat' dir='ltr'><strong>naturam</strong></span> <span class='ocrx_word' id='word_1_713' title='bbox 2483 4213 2670 4267; x_wconf 80' lang='lat' dir='ltr'><strong>fecerit</strong></span> <span class='ocrx_word' id='word_1_714' title='bbox 2703 4215 2994 4283; x_wconf 90' lang='lat' dir='ltr'><strong>unicuique</strong></span> <span class='ocrx_word' id='word_1_715' title='bbox 3022 4215 3104 4269; x_wconf 88' lang='lat' dir='ltr'><strong>vel</strong></span> <span class='ocrx_word' id='word_1_716' title='bbox 3135 4215 3280 4268; x_wconf 85' lang='lat' dir='ltr'><strong>olea-</strong></span> 
     </span>
    </p>
   </div>
   <div class='ocr_carea' id='block_1_87' title="bbox 1707 4302 3279 4377">
    <p class='ocr_par' dir='ltr' id='par_1_87' title="bbox 1707 4302 3279 4377">
     <span class='ocr_line' id='line_1_87' title="bbox 1707 4302 3279 4377; baseline -0.001 -16"><span class='ocrx_word' id='word_1_717' title='bbox 1707 4309 1827 4374; x_wconf 88' lang='lat' dir='ltr'><strong>stri,</strong></span> <span class='ocrx_word' id='word_1_718' title='bbox 1857 4308 1940 4361; x_wconf 90' lang='lat' dir='ltr'><strong>vel</strong></span> <span class='ocrx_word' id='word_1_719' title='bbox 1997 4307 2149 4360; x_wconf 73' lang='lat' dir='ltr'><strong>bona:</strong></span> <span class='ocrx_word' id='word_1_720' title='bbox 2178 4307 2358 4361; x_wconf 70' lang='lat' dir='ltr'><strong>olivae.</strong></span> <span class='ocrx_word' id='word_1_721' title='bbox 2404 4302 2814 4360; x_wconf 84' lang='lat' dir='ltr'><strong>Observandum</strong></span> <span class='ocrx_word' id='word_1_722' title='bbox 2850 4321 2979 4359; x_wconf 91' lang='lat' dir='ltr'><strong>sane</strong></span> <span class='ocrx_word' id='word_1_723' title='bbox 3023 4317 3105 4360; x_wconf 89' lang='lat' dir='ltr'><strong>est</strong></span> <span class='ocrx_word' id='word_1_724' title='bbox 3136 4309 3279 4377; x_wconf 85' lang='lat' dir='ltr'><strong>quod</strong></span> 
     </span>
    </p>
   </div>
   <div class='ocr_carea' id='block_1_88' title="bbox 1709 4396 3281 4470">
    <p class='ocr_par' dir='ltr' id='par_1_88' title="bbox 1709 4396 3281 4470">
     <span class='ocr_line' id='line_1_88' title="bbox 1709 4396 3281 4470; baseline -0.003 -15"><span class='ocrx_word' id='word_1_725' title='bbox 1709 4401 1762 4455; x_wconf 88' lang='lat' dir='ltr'><strong>hi</strong></span> <span class='ocrx_word' id='word_1_726' title='bbox 1793 4401 2004 4470; x_wconf 90' lang='lat' dir='ltr'><strong>quidem</strong></span> <span class='ocrx_word' id='word_1_727' title='bbox 2029 4402 2119 4469; x_wconf 85' lang='lat' dir='ltr'><strong>qui</strong></span> <span class='ocrx_word' id='word_1_728' title='bbox 2152 4415 2218 4452; x_wconf 72' lang='lat' dir='ltr'><strong>ex</strong></span> <span class='ocrx_word' id='word_1_729' title='bbox 2243 4399 2460 4468; x_wconf 88' lang='lat' dir='ltr'><strong>propria</strong></span> <span class='ocrx_word' id='word_1_730' title='bbox 2489 4399 2629 4451; x_wconf 86' lang='lat' dir='ltr'><strong>oliva</strong></span> <span class='ocrx_word' id='word_1_731' title='bbox 2653 4398 2992 4463; x_wconf 87' lang='lat' dir='ltr'><strong>deciderunt,</strong></span> <span class='ocrx_word' id='word_1_732' title='bbox 3015 4396 3169 4451; x_wconf 83' lang='lat' dir='ltr'><strong>fracti</strong></span> <span class='ocrx_word' id='word_1_733' title='bbox 3201 4399 3281 4450; x_wconf 88' lang='lat' dir='ltr'><strong>di-</strong></span> 
     </span>
    </p>
   </div>
   <div class='ocr_carea' id='block_1_89' title="bbox 1707 4487 3281 4560">
    <p class='ocr_par' dir='ltr' id='par_1_89' title="bbox 1707 4487 3281 4560">
     <span class='ocr_line' id='line_1_89' title="bbox 1707 4487 3281 4560; baseline -0.006 -12"><span class='ocrx_word' id='word_1_734' title='bbox 1707 4502 1904 4548; x_wconf 89' lang='lat' dir='ltr'><strong>cuntur</strong></span> <span class='ocrx_word' id='word_1_735' title='bbox 1936 4509 1951 4558; x_wconf 89' lang='lat'><strong>;</strong></span> <span class='ocrx_word' id='word_1_736' title='bbox 1980 4494 2030 4544; x_wconf 87' lang='lat' dir='ltr'><strong>bi</strong></span> <span class='ocrx_word' id='word_1_737' title='bbox 2063 4506 2190 4544; x_wconf 84' lang='lat' dir='ltr'><strong>vero</strong></span> <span class='ocrx_word' id='word_1_738' title='bbox 2223 4493 2315 4560; x_wconf 90' lang='lat' dir='ltr'><strong>qui</strong></span> <span class='ocrx_word' id='word_1_739' title='bbox 2351 4506 2418 4544; x_wconf 79' lang='lat' dir='ltr'><strong>ex</strong></span> <span class='ocrx_word' id='word_1_740' title='bbox 2461 4490 2699 4544; x_wconf 86' lang='lat' dir='ltr'><strong>oleastro</strong></span> <span class='ocrx_word' id='word_1_741' title='bbox 2734 4489 3067 4552; x_wconf 89' lang='lat' dir='ltr'><strong>inseruntur,</strong></span> <span class='ocrx_word' id='word_1_742' title='bbox 3103 4488 3144 4540; x_wconf 91' lang='lat' dir='ltr'><strong>si</strong></span> <span class='ocrx_word' id='word_1_743' title='bbox 3184 4487 3281 4539; x_wconf 80' lang='lat' dir='ltr'><strong>ite-</strong></span> 
     </span>
    </p>
   </div>
   <div class='ocr_carea' id='block_1_90' title="bbox 45 4581 3282 4656">
    <p class='ocr_par' dir='ltr' id='par_1_90' title="bbox 45 4581 3282 4656">
     <span class='ocr_line' id='line_1_90' title="bbox 45 4581 3282 4656; baseline -0 -24"><span class='ocrx_word' id='word_1_744' title='bbox 45 4581 160 4633; x_wconf 69' lang='grc' dir='ltr'><em>εοεῖὶ</em></span> <span class='ocrx_word' id='word_1_745' title='bbox 193 4581 332 4635; x_wconf 86' lang='lat' dir='ltr'><strong>fiant</strong></span> <span class='ocrx_word' id='word_1_746' title='bbox 359 4584 554 4638; x_wconf 87' lang='lat' dir='ltr'><strong>radicis</strong></span> <span class='ocrx_word' id='word_1_747' title='bbox 577 4593 630 4638; x_wconf 91' lang='lat' dir='ltr'><strong>et</strong></span> <span class='ocrx_word' id='word_1_748' title='bbox 654 4585 1000 4656; x_wconf 78' lang='lat' dir='ltr'><strong>pinguediuis</strong></span> <span class='ocrx_word' id='word_1_749' title='bbox 1031 4587 1264 4642; x_wconf 90' lang='lat' dir='ltr'><strong>Christi.</strong></span> <span class='ocrx_word' id='word_1_750' title='bbox 1320 4587 1452 4642; x_wconf 88' lang='lat' dir='ltr'><strong>Post</strong></span> <span class='ocrx_word' id='word_1_751' title='bbox 1484 4589 1597 4644; x_wconf 73' lang='lat' dir='ltr'><strong>lucc</strong></span> <span class='ocrx_word' id='word_1_752' title='bbox 1633 4583 1676 4638; x_wconf 81' lang='grc' dir='ltr'>Ι)</span> <span class='ocrx_word' id='word_1_753' title='bbox 1705 4599 1822 4638; x_wconf 87' lang='lat' dir='ltr'><strong>rum</strong></span> <span class='ocrx_word' id='word_1_754' title='bbox 1848 4583 2213 4654; x_wconf 89' lang='lat' dir='ltr'><strong>peccaverint,</strong></span> <span class='ocrx_word' id='word_1_755' title='bbox 2259 4596 2364 4636; x_wconf 92' lang='lat' dir='ltr'><strong>non</strong></span> <span class='ocrx_word' id='word_1_756' title='bbox 2392 4581 2702 4651; x_wconf 76' lang='lat' dir='ltr'><strong>frangendi,</strong></span> <span class='ocrx_word' id='word_1_757' title='bbox 2737 4581 2880 4649; x_wconf 92' lang='lat' dir='ltr'><strong>quod</strong></span> <span class='ocrx_word' id='word_1_758' title='bbox 2923 4581 3108 4647; x_wconf 86' lang='lat' dir='ltr'><strong>utique</strong></span> <span class='ocrx_word' id='word_1_759' title='bbox 3137 4586 3282 4631; x_wconf 80' lang='lat' dir='ltr'><strong>esset</strong></span> 
     </span>
    </p>
   </div>
   <div class='ocr_carea' id='block_1_91' title="bbox 101 4718 556 4788">
    <p class='ocr_par' dir='ltr' id='par_1_91' title="bbox 101 4718 556 4788">
     <span class='ocr_line' id='line_1_91' title="bbox 101 4718 556 4788; baseline 0.007 -16"><span class='ocrx_word' id='word_1_760' title='bbox 101 4719 142 4749; x_wconf 80' lang='lat'>”</span> <span class='ocrx_word' id='word_1_761' title='bbox 170 4718 315 4775; x_wconf 89' lang='lat' dir='ltr'><strong>Psal.</strong></span> <span class='ocrx_word' id='word_1_762' title='bbox 338 4737 474 4788; x_wconf 77' lang='lat' dir='ltr'><strong>Lvii,</strong></span> <span class='ocrx_word' id='word_1_763' title='bbox 503 4723 556 4776; x_wconf 77' lang='grc' dir='ltr'>ι.</span> 
     </span>
    </p>
   </div>
   <div class='ocr_carea' id='block_1_92' title="bbox 44 4785 1020 4859">
    <p class='ocr_par' dir='ltr' id='par_1_92' title="bbox 44 4785 1020 4859">
     <span class='ocr_line' id='line_1_92' title="bbox 44 4785 1020 4859; baseline 0.012 -21"><span class='ocrx_word' id='word_1_764' title='bbox 44 4785 107 4839; x_wconf 85' lang='grc' dir='ltr'><strong>⁶³Ι</strong></span> <span class='ocrx_word' id='word_1_765' title='bbox 134 4790 258 4844; x_wconf 81' lang='lat' dir='ltr'><strong>Cor.</strong></span> <span class='ocrx_word' id='word_1_766' title='bbox 290 4807 362 4856; x_wconf 82' lang='lat' dir='ltr'><strong>tv,</strong></span> <span class='ocrx_word' id='word_1_767' title='bbox 399 4785 469 4846; x_wconf 27' lang='lat'><strong>7.’</strong></span> <span class='ocrx_word' id='word_1_768' title='bbox 523 4795 568 4824; x_wconf 84' lang='grc'><strong>⁷⁰</strong></span> <span class='ocrx_word' id='word_1_769' title='bbox 589 4795 720 4848; x_wconf 90' lang='lat' dir='ltr'><strong>Luc.</strong></span> <span class='ocrx_word' id='word_1_770' title='bbox 754 4785 903 4859; x_wconf 66' lang='lat' dir='ltr'><strong>irin,</strong></span> <span class='ocrx_word' id='word_1_771' title='bbox 933 4785 1020 4850; x_wconf 75' lang='lat' dir='ltr'><strong>M.</strong></span> 
     </span>
    </p>
   </div>
   <div class='ocr_carea' id='block_1_93' title="bbox 100 4900 1596 4972">
    <p class='ocr_par' dir='ltr' id='par_1_93' title="bbox 100 4900 1596 4972">
     <span class='ocr_line' id='line_1_93' title="bbox 100 4900 1596 4972; baseline 0.006 -19"><span class='ocrx_word' id='word_1_772' title='bbox 100 4900 208 4968; x_wconf 86' lang='lat'><strong>(8|)</strong></span> <span class='ocrx_word' id='word_1_773' title='bbox 245 4902 416 4967; x_wconf 84' lang='lat' dir='ltr'><strong>Editi,</strong></span> <span class='ocrx_word' id='word_1_774' title='bbox 447 4923 466 4954; x_wconf 76' lang='grc' dir='ltr'><strong>σ</strong></span> <span class='ocrx_word' id='word_1_775' title='bbox 496 4921 524 4958; x_wconf 89' lang='lat' dir='ltr'><strong>a</strong></span> <span class='ocrx_word' id='word_1_776' title='bbox 557 4906 735 4969; x_wconf 88' lang='lat' dir='ltr'><strong>vulva,</strong></span> <span class='ocrx_word' id='word_1_777' title='bbox 758 4915 1076 4960; x_wconf 86' lang='lat' dir='ltr'><strong>erraverunt</strong></span> <span class='ocrx_word' id='word_1_778' title='bbox 1107 4906 1175 4959; x_wconf 91' lang='lat' dir='ltr'><strong>ab</strong></span> <span class='ocrx_word' id='word_1_779' title='bbox 1206 4917 1387 4972; x_wconf 89' lang='lat' dir='ltr'><strong>utero,</strong></span> <span class='ocrx_word' id='word_1_780' title='bbox 1420 4927 1440 4960; x_wconf 73' lang='grc' dir='ltr'><strong>ι</strong></span> <span class='ocrx_word' id='word_1_781' title='bbox 1491 4920 1596 4970; x_wconf 80' lang='lat' dir='ltr'><strong>etc.</strong></span> 
     </span>
    </p>
   </div>
   <div class='ocr_carea' id='block_1_94' title="bbox 100 4973 1327 5046">
    <p class='ocr_par' dir='ltr' id='par_1_94' title="bbox 100 4973 1327 5046">
     <span class='ocr_line' id='line_1_94' title="bbox 100 4973 1327 5046; baseline 0.008 -26"><span class='ocrx_word' id='word_1_782' title='bbox 100 4975 206 5046; x_wconf 46' lang='grc' dir='ltr'>(ξς)</span> <span class='ocrx_word' id='word_1_783' title='bbox 243 4973 464 5046; x_wconf 47' lang='grc' dir='ltr'>[αξιιίιιμ</span> <span class='ocrx_word' id='word_1_784' title='bbox 495 4992 659 5042; x_wconf 82' lang='lat' dir='ltr'><strong>genus</strong></span> <span class='ocrx_word' id='word_1_785' title='bbox 683 4992 802 5030; x_wconf 84' lang='lat' dir='ltr'><strong>esse</strong></span> <span class='ocrx_word' id='word_1_786' title='bbox 834 4977 1138 5046; x_wconf 88' lang='lat' dir='ltr'><strong>culpabilis,</strong></span> <span class='ocrx_word' id='word_1_787' title='bbox 1167 4995 1186 5028; x_wconf 79' lang='grc' dir='ltr'><strong>ι</strong></span> <span class='ocrx_word' id='word_1_788' title='bbox 1220 4988 1327 5030; x_wconf 92' lang='lat' dir='ltr'><strong>etc.</strong></span> 
     </span>
    </p>
   </div>
   <div class='ocr_carea' id='block_1_95' title="bbox 102 5042 859 5178">
    <p class='ocr_par' dir='ltr' id='par_1_95' title="bbox 102 5042 859 5178">
     <span class='ocr_line' id='line_1_95' title="bbox 102 5042 859 5178; baseline 0.004 -82"><span class='ocrx_word' id='word_1_789' title='bbox 102 5043 207 5178; x_wconf 48' lang='grc'>(85)</span> <span class='ocrx_word' id='word_1_790' title='bbox 249 5043 371 5094; x_wconf 77' lang='lat' dir='ltr'><strong>Sui.</strong></span> <span class='ocrx_word' id='word_1_791' title='bbox 407 5042 566 5099; x_wconf 75' lang='lat' dir='ltr'><strong>Deest</strong></span> <span class='ocrx_word' id='word_1_792' title='bbox 600 5047 648 5097; x_wconf 85' lang='lat' dir='ltr'><strong>ill</strong></span> <span class='ocrx_word' id='word_1_793' title='bbox 680 5047 859 5099; x_wconf 84' lang='lat' dir='ltr'><strong>editis.</strong></span> 
     </span>
     <span class='ocr_line' id='line_1_96' title="bbox 122 5113 859 5178; baseline 0.007 -14"><span class='ocrx_word' id='word_1_794' title='bbox 122 5114 208 5178; x_wconf 68' lang='grc'>86)</span> <span class='ocrx_word' id='word_1_795' title='bbox 244 5113 411 5173; x_wconf 81' lang='lat' dir='ltr'><strong>Editi,</strong></span> <span class='ocrx_word' id='word_1_796' title='bbox 445 5133 462 5164; x_wconf 72' lang='grc' dir='ltr'><strong>ι</strong></span> <span class='ocrx_word' id='word_1_797' title='bbox 495 5116 560 5167; x_wconf 81' lang='lat' dir='ltr'><strong>ad</strong></span> <span class='ocrx_word' id='word_1_798' title='bbox 597 5117 752 5170; x_wconf 82' lang='lat' dir='ltr'><strong>Iidem</strong></span> <span class='ocrx_word' id='word_1_799' title='bbox 786 5119 859 5169; x_wconf 82' lang='lat' dir='ltr'><strong>hut</strong></span> 
     </span>
    </p>
   </div>
   <div class='ocr_carea' id='block_1_96' title="bbox 122 5113 981 5178">
    <p class='ocr_par' dir='ltr' id='par_1_96' title="bbox 122 5113 981 5178">
     <span class='ocr_line' id='line_1_97' title="bbox 122 5113 981 5178; baseline 0.005 -14"><span class='ocrx_word' id='word_1_800' title='bbox 122 5114 208 5178; x_wconf 69' lang='grc'>86)</span> <span class='ocrx_word' id='word_1_801' title='bbox 244 5113 411 5173; x_wconf 82' lang='lat' dir='ltr'><strong>Editi,</strong></span> <span class='ocrx_word' id='word_1_802' title='bbox 445 5133 462 5164; x_wconf 72' lang='grc' dir='ltr'><strong>ι</strong></span> <span class='ocrx_word' id='word_1_803' title='bbox 495 5116 560 5167; x_wconf 89' lang='lat' dir='ltr'><strong>ad</strong></span> <span class='ocrx_word' id='word_1_804' title='bbox 597 5117 752 5170; x_wconf 81' lang='lat' dir='ltr'><strong>fidem</strong></span> <span class='ocrx_word' id='word_1_805' title='bbox 786 5118 928 5170; x_wconf 85' lang='lat' dir='ltr'><strong>boni.</strong></span> <span class='ocrx_word' id='word_1_806' title='bbox 961 5136 981 5168; x_wconf 75' lang='grc' dir='ltr'><strong>ι</strong></span> 
     </span>
    </p>
   </div>
   <div class='ocr_carea' id='block_1_97' title="bbox 69 5183 1595 5257">
    <p class='ocr_par' dir='ltr' id='par_1_97' title="bbox 69 5183 1595 5257">
     <span class='ocr_line' id='line_1_98' title="bbox 69 5183 1595 5257; baseline 0.005 -22"><span class='ocrx_word' id='word_1_807' title='bbox 69 5183 209 5257; x_wconf 39' lang='grc'>,(85)</span> <span class='ocrx_word' id='word_1_808' title='bbox 243 5183 474 5257; x_wconf 61' lang='lat' dir='ltr'><strong>Editi._c_</strong></span> <span class='ocrx_word' id='word_1_809' title='bbox 496 5187 644 5238; x_wconf 79' lang='lat' dir='ltr'><strong>bona:</strong></span> <span class='ocrx_word' id='word_1_810' title='bbox 670 5187 866 5257; x_wconf 83' lang='lat' dir='ltr'><strong>tuentis</strong></span> <span class='ocrx_word' id='word_1_811' title='bbox 897 5194 1118 5253; x_wconf 91' lang='lat' dir='ltr'><strong>ponunt.</strong></span> <span class='ocrx_word' id='word_1_812' title='bbox 1157 5207 1175 5239; x_wconf 76' lang='grc' dir='ltr'><strong>ι</strong></span> <span class='ocrx_word' id='word_1_813' title='bbox 1213 5187 1306 5239; x_wconf 86' lang='lat' dir='ltr'><strong>Ms.</strong></span> <span class='ocrx_word' id='word_1_814' title='bbox 1333 5203 1469 5241; x_wconf 91' lang='lat' dir='ltr'><strong>unus</strong></span> <span class='ocrx_word' id='word_1_815' title='bbox 1492 5188 1595 5242; x_wconf 82' lang='lat' dir='ltr'><strong>Re-</strong></span> 
     </span>
    </p>
   </div>
   <div class='ocr_carea' id='block_1_98' title="bbox 41 5253 1596 5326">
    <p class='ocr_par' dir='ltr' id='par_1_98' title="bbox 41 5253 1596 5326">
     <span class='ocr_line' id='line_1_99' title="bbox 41 5253 1596 5326; baseline 0.008 -27"><span class='ocrx_word' id='word_1_816' title='bbox 41 5253 139 5314; x_wconf 71' lang='lat' dir='ltr'><strong>gius</strong></span> <span class='ocrx_word' id='word_1_817' title='bbox 165 5253 501 5326; x_wconf 62' lang='lat' dir='ltr'><strong>num.l_659.</strong></span> <span class='ocrx_word' id='word_1_818' title='bbox 531 5272 550 5305; x_wconf 77' lang='grc' dir='ltr'><strong>ι</strong></span> <span class='ocrx_word' id='word_1_819' title='bbox 584 5256 705 5307; x_wconf 88' lang='lat' dir='ltr'><strong>boni</strong></span> <span class='ocrx_word' id='word_1_820' title='bbox 734 5258 909 5309; x_wconf 89' lang='lat' dir='ltr'><strong>meriti</strong></span> <span class='ocrx_word' id='word_1_821' title='bbox 940 5267 1164 5326; x_wconf 86' lang='lat' dir='ltr'><strong>ponunt.</strong></span> <span class='ocrx_word' id='word_1_822' title='bbox 1201 5258 1431 5312; x_wconf 61' lang='lat' dir='ltr'><strong>i‘Caeteri</strong></span> <span class='ocrx_word' id='word_1_823' title='bbox 1467 5274 1596 5312; x_wconf 85' lang='lat' dir='ltr'><strong>vero</strong></span> 
     </span>
    </p>
   </div>
   <div class='ocr_carea' id='block_1_99' title="bbox 42 5323 926 5380">
    <p class='ocr_par' dir='ltr' id='par_1_99' title="bbox 42 5323 926 5380">
     <span class='ocr_line' id='line_1_100' title="bbox 42 5323 926 5380; baseline 0.012 -12"><span class='ocrx_word' id='word_1_824' title='bbox 42 5338 154 5375; x_wconf 76' lang='lat' dir='ltr'><strong>mss.</strong></span> <span class='ocrx_word' id='word_1_825' title='bbox 193 5333 250 5376; x_wconf 86' lang='lat' dir='ltr'><strong>et</strong></span> <span class='ocrx_word' id='word_1_826' title='bbox 295 5323 549 5377; x_wconf 78' lang='lat' dir='ltr'><strong>ﬂabanus</strong></span> <span class='ocrx_word' id='word_1_827' title='bbox 583 5335 640 5376; x_wconf 90' lang='lat' dir='ltr'><strong>ut</strong></span> <span class='ocrx_word' id='word_1_828' title='bbox 670 5327 720 5377; x_wconf 93' lang='lat' dir='ltr'><strong>in</strong></span> <span class='ocrx_word' id='word_1_829' title='bbox 754 5336 926 5380; x_wconf 81' lang='lat' dir='ltr'><strong>textu.</strong></span> 
     </span>
    </p>
   </div>
   <div class='ocr_carea' id='block_1_100' title="bbox 99 5391 1599 5466">
    <p class='ocr_par' dir='ltr' id='par_1_100' title="bbox 99 5391 1599 5466">
     <span class='ocr_line' id='line_1_101' title="bbox 99 5391 1599 5466; baseline 0.003 -22"><span class='ocrx_word' id='word_1_830' title='bbox 99 5391 207 5457; x_wconf 85' lang='grc'>(86)</span> <span class='ocrx_word' id='word_1_831' title='bbox 236 5394 331 5446; x_wconf 88' lang='lat' dir='ltr'><strong>Sic</strong></span> <span class='ocrx_word' id='word_1_832' title='bbox 359 5393 490 5466; x_wconf 81' lang='lat' dir='ltr'><strong>editi</strong></span> <span class='ocrx_word' id='word_1_833' title='bbox 518 5405 572 5448; x_wconf 89' lang='lat' dir='ltr'><strong>et</strong></span> <span class='ocrx_word' id='word_1_834' title='bbox 605 5397 874 5450; x_wconf 73' lang='lat' dir='ltr'><strong>llabanus.</strong></span> <span class='ocrx_word' id='word_1_835' title='bbox 897 5397 993 5451; x_wconf 90' lang='lat' dir='ltr'><strong>Ms.</strong></span> <span class='ocrx_word' id='word_1_836' title='bbox 1025 5397 1227 5466; x_wconf 80' lang='lat' dir='ltr'><strong>Regius</strong></span> <span class='ocrx_word' id='word_1_837' title='bbox 1257 5411 1406 5450; x_wconf 90' lang='lat' dir='ltr'><strong>num.</strong></span> <span class='ocrx_word' id='word_1_838' title='bbox 1440 5395 1599 5458; x_wconf 77' lang='lat'><strong>1659,</strong></span> 
     </span>
    </p>
   </div>
   <div class='ocr_carea' id='block_1_101' title="bbox 48 5464 1598 5522">
    <p class='ocr_par' dir='ltr' id='par_1_101' title="bbox 48 5464 1598 5522">
     <span class='ocr_line' id='line_1_102' title="bbox 48 5464 1598 5522; baseline 0.008 -14"><span class='ocrx_word' id='word_1_839' title='bbox 48 5473 61 5503; x_wconf 75' lang='grc' dir='ltr'><strong>ι</strong></span> <span class='ocrx_word' id='word_1_840' title='bbox 95 5477 285 5516; x_wconf 87' lang='lat' dir='ltr'><strong>meum.</strong></span> <span class='ocrx_word' id='word_1_841' title='bbox 323 5482 342 5513; x_wconf 74' lang='grc' dir='ltr'><strong>ι</strong></span> <span class='ocrx_word' id='word_1_842' title='bbox 397 5464 593 5519; x_wconf 65' lang='lat' dir='ltr'><strong>ueteri</strong></span> <span class='ocrx_word' id='word_1_843' title='bbox 641 5480 771 5519; x_wconf 88' lang='lat' dir='ltr'><strong>mss.</strong></span> <span class='ocrx_word' id='word_1_844' title='bbox 817 5470 1077 5522; x_wconf 82' lang='lat' dir='ltr'><strong>omittunt</strong></span> <span class='ocrx_word' id='word_1_845' title='bbox 1115 5464 1204 5520; x_wconf 55' lang='lat' dir='ltr'><strong>&#39;vel</strong></span> <span class='ocrx_word' id='word_1_846' title='bbox 1252 5485 1270 5517; x_wconf 83' lang='grc' dir='ltr'><strong>ι</strong></span> <span class='ocrx_word' id='word_1_847' title='bbox 1301 5476 1542 5521; x_wconf 83' lang='lat' dir='ltr'><strong>uestrum</strong></span> <span class='ocrx_word' id='word_1_848' title='bbox 1578 5486 1598 5520; x_wconf 73' lang='grc' dir='ltr'><strong>ι</strong></span> 
     </span>
    </p>
   </div>
   <div class='ocr_carea' id='block_1_102' title="bbox 43 5531 450 5586">
    <p class='ocr_par' dir='ltr' id='par_1_102' title="bbox 43 5531 450 5586">
     <span class='ocr_line' id='line_1_103' title="bbox 43 5531 450 5586; baseline 0.017 -9"><span class='ocrx_word' id='word_1_849' title='bbox 43 5531 108 5579; x_wconf 79' lang='lat' dir='ltr'><strong>vel</strong></span> <span class='ocrx_word' id='word_1_850' title='bbox 149 5550 166 5581; x_wconf 76' lang='grc' dir='ltr'><strong>ι</strong></span> <span class='ocrx_word' id='word_1_851' title='bbox 199 5549 398 5586; x_wconf 83' lang='lat' dir='ltr'><strong>meum.</strong></span> <span class='ocrx_word' id='word_1_852' title='bbox 431 5551 450 5584; x_wconf 74' lang='grc' dir='ltr'><strong>ι</strong></span> 
     </span>
    </p>
   </div>
   <div class='ocr_carea' id='block_1_103' title="bbox 103 5603 1593 5671">
    <p class='ocr_par' dir='ltr' id='par_1_103' title="bbox 103 5603 1593 5671">
     <span class='ocr_line' id='line_1_104' title="bbox 103 5603 1593 5671; baseline 0.004 -18"><span class='ocrx_word' id='word_1_853' title='bbox 103 5603 209 5665; x_wconf 76' lang='lat'><strong>(87)</strong></span> <span class='ocrx_word' id='word_1_854' title='bbox 240 5603 366 5656; x_wconf 84' lang='lat' dir='ltr'><strong>Mss.</strong></span> <span class='ocrx_word' id='word_1_855' title='bbox 398 5607 503 5656; x_wconf 90' lang='lat' dir='ltr'><strong>duo</strong></span> <span class='ocrx_word' id='word_1_856' title='bbox 528 5604 750 5671; x_wconf 89' lang='lat' dir='ltr'><strong>habent,</strong></span> <span class='ocrx_word' id='word_1_857' title='bbox 779 5624 798 5657; x_wconf 77' lang='grc' dir='ltr'><strong>ι</strong></span> <span class='ocrx_word' id='word_1_858' title='bbox 827 5606 894 5661; x_wconf 92' lang='lat' dir='ltr'><strong>ad</strong></span> <span class='ocrx_word' id='word_1_859' title='bbox 925 5609 1341 5662; x_wconf 86' lang='lat' dir='ltr'><strong>conversionem</strong></span> <span class='ocrx_word' id='word_1_860' title='bbox 1371 5606 1593 5662; x_wconf 62' lang='lat' dir='ltr'><strong>Israel.»</strong></span> 
     </span>
    </p>
   </div>
   <div class='ocr_carea' id='block_1_104' title="bbox 101 5673 790 5737">
    <p class='ocr_par' dir='ltr' id='par_1_104' title="bbox 101 5673 790 5737">
     <span class='ocr_line' id='line_1_105' title="bbox 101 5673 790 5737; baseline 0.01 -13"><span class='ocrx_word' id='word_1_861' title='bbox 101 5675 205 5737; x_wconf 74' lang='lat'><strong>(88)</strong></span> <span class='ocrx_word' id='word_1_862' title='bbox 244 5673 407 5736; x_wconf 74' lang='lat' dir='ltr'><strong>Editi,</strong></span> <span class='ocrx_word' id='word_1_863' title='bbox 439 5693 457 5724; x_wconf 75' lang='grc' dir='ltr'><strong>ι</strong></span> <span class='ocrx_word' id='word_1_864' title='bbox 484 5676 740 5730; x_wconf 86' lang='lat' dir='ltr'><strong>insertus.</strong></span> <span class='ocrx_word' id='word_1_865' title='bbox 769 5695 790 5730; x_wconf 72' lang='grc' dir='ltr'><strong>ι</strong></span> 
     </span>
    </p>
   </div>
   <div class='ocr_carea' id='block_1_105' title="bbox 100 5743 1599 5814">
    <p class='ocr_par' dir='ltr' id='par_1_105' title="bbox 100 5743 1599 5814">
     <span class='ocr_line' id='line_1_106' title="bbox 100 5743 1599 5814; baseline 0.005 -21"><span class='ocrx_word' id='word_1_866' title='bbox 100 5743 205 5811; x_wconf 81' lang='grc'>(89)</span> <span class='ocrx_word' id='word_1_867' title='bbox 232 5743 331 5796; x_wconf 77' lang='lat' dir='ltr'><strong>Ms.</strong></span> <span class='ocrx_word' id='word_1_868' title='bbox 382 5745 580 5814; x_wconf 73' lang='lat' dir='ltr'><strong>Iiegius</strong></span> <span class='ocrx_word' id='word_1_869' title='bbox 628 5761 775 5802; x_wconf 88' lang='lat' dir='ltr'><strong>num.</strong></span> <span class='ocrx_word' id='word_1_870' title='bbox 827 5746 986 5810; x_wconf 72' lang='lat'><strong>1639,</strong></span> <span class='ocrx_word' id='word_1_871' title='bbox 1045 5764 1064 5799; x_wconf 76' lang='grc' dir='ltr'><strong>ι</strong></span> <span class='ocrx_word' id='word_1_872' title='bbox 1098 5747 1227 5802; x_wconf 87' lang='lat' dir='ltr'><strong>Post</strong></span> <span class='ocrx_word' id='word_1_873' title='bbox 1267 5746 1460 5801; x_wconf 87' lang='lat' dir='ltr'><strong>edocet</strong></span> <span class='ocrx_word' id='word_1_874' title='bbox 1499 5762 1599 5801; x_wconf 86' lang='lat' dir='ltr'><strong>nos</strong></span> 
     </span>
    </p>
   </div>
   <div class='ocr_carea' id='block_1_106' title="bbox 46 5810 1592 5877">
    <p class='ocr_par' dir='ltr' id='par_1_106' title="bbox 46 5810 1592 5877">
     <span class='ocr_line' id='line_1_107' title="bbox 46 5810 1592 5877; baseline 0.006 -18"><span class='ocrx_word' id='word_1_875' title='bbox 46 5810 316 5876; x_wconf 82' lang='lat' dir='ltr'><strong>Apostolus</strong></span> <span class='ocrx_word' id='word_1_876' title='bbox 355 5810 486 5868; x_wconf 54' lang='lat' dir='ltr'><strong>ncn&#39;</strong></span> <span class='ocrx_word' id='word_1_877' title='bbox 503 5814 687 5868; x_wconf 78' lang='lat' dir='ltr'><strong>extolli</strong></span> <span class='ocrx_word' id='word_1_878' title='bbox 723 5817 1010 5870; x_wconf 88' lang='lat' dir='ltr'><strong>adversum</strong></span> <span class='ocrx_word' id='word_1_879' title='bbox 1046 5833 1228 5871; x_wconf 88' lang='lat' dir='ltr'><strong>ramos</strong></span> <span class='ocrx_word' id='word_1_880' title='bbox 1264 5819 1487 5877; x_wconf 80' lang='lat' dir='ltr'><strong>fractos.</strong></span> <span class='ocrx_word' id='word_1_881' title='bbox 1542 5817 1592 5868; x_wconf 88' lang='lat' dir='ltr'><strong>id</strong></span> 
     </span>
    </p>
   </div>
   <div class='ocr_carea' id='block_1_107' title="bbox 47 5883 1595 5955">
    <p class='ocr_par' dir='ltr' id='par_1_107' title="bbox 47 5883 1595 5955">
     <span class='ocr_line' id='line_1_108' title="bbox 47 5883 1595 5955; baseline 0.008 -25"><span class='ocrx_word' id='word_1_882' title='bbox 47 5893 114 5934; x_wconf 71' lang='lat' dir='ltr'><strong>tat</strong></span> <span class='ocrx_word' id='word_1_883' title='bbox 156 5883 491 5940; x_wconf 87' lang='lat' dir='ltr'><strong>lsraelitas...</strong></span> <span class='ocrx_word' id='word_1_884' title='bbox 527 5886 670 5939; x_wconf 82' lang='lat' dir='ltr'><strong>Nibil</strong></span> <span class='ocrx_word' id='word_1_885' title='bbox 701 5889 846 5939; x_wconf 90' lang='lat' dir='ltr'><strong>enim</strong></span> <span class='ocrx_word' id='word_1_886' title='bbox 870 5889 1151 5955; x_wconf 85' lang='lat' dir='ltr'><strong>habemus,</strong></span> <span class='ocrx_word' id='word_1_887' title='bbox 1174 5908 1192 5940; x_wconf 83' lang='grc' dir='ltr'><strong>ι</strong></span> <span class='ocrx_word' id='word_1_888' title='bbox 1228 5897 1334 5944; x_wconf 82' lang='lat' dir='ltr'><strong>etc.</strong></span> <span class='ocrx_word' id='word_1_889' title='bbox 1359 5887 1465 5944; x_wconf 83' lang='lat' dir='ltr'><strong>Sed</strong></span> <span class='ocrx_word' id='word_1_890' title='bbox 1489 5901 1595 5942; x_wconf 66' lang='lat' dir='ltr'><strong>cm-</strong></span> 
     </span>
    </p>
   </div>
   <div class='ocr_carea' id='block_1_108' title="bbox 265 5976 948 6040">
    <p class='ocr_par' dir='ltr' id='par_1_108' title="bbox 265 5976 948 6040">
     <span class='ocr_line' id='line_1_109' title="bbox 265 5976 948 6040; baseline 0.006 -4"><span class='ocrx_word' id='word_1_891' title='bbox 265 5978 542 6040; x_wconf 66' lang='lat' dir='ltr'><strong>Pn‘nor.</strong></span> <span class='ocrx_word' id='word_1_892' title='bbox 605 5976 724 6038; x_wconf 84' lang='lat' dir='ltr'><strong>Gn.</strong></span> <span class='ocrx_word' id='word_1_893' title='bbox 781 5976 948 6040; x_wconf 75' lang='lat' dir='ltr'><strong>XIV.</strong></span> 
     </span>
    </p>
   </div>
   <div class='ocr_carea' id='block_1_109' title="bbox 634 4723 1681 4795">
    <p class='ocr_par' dir='ltr' id='par_1_109' title="bbox 634 4723 1681 4795">
     <span class='ocr_line' id='line_1_110' title="bbox 634 4723 1681 4795; baseline 0.001 -19"><span class='ocrx_word' id='word_1_894' title='bbox 634 4725 678 4755; x_wconf 76' lang='lat'><strong>“</strong></span> <span class='ocrx_word' id='word_1_895' title='bbox 721 4723 914 4792; x_wconf 83' lang='lat' dir='ltr'><strong>Ephcs.</strong></span> <span class='ocrx_word' id='word_1_896' title='bbox 953 4741 1015 4787; x_wconf 88' lang='lat' dir='ltr'><strong>It,</strong></span> <span class='ocrx_word' id='word_1_897' title='bbox 1052 4726 1138 4781; x_wconf 75' lang='grc'><strong>12.</strong></span> <span class='ocrx_word' id='word_1_898' title='bbox 1215 4729 1259 4758; x_wconf 76' lang='grc'><strong>⁸⁵</strong></span> <span class='ocrx_word' id='word_1_899' title='bbox 1277 4726 1415 4782; x_wconf 76' lang='lat' dir='ltr'><strong>Psal.</strong></span> <span class='ocrx_word' id='word_1_900' title='bbox 1446 4743 1566 4795; x_wconf 71' lang='lat' dir='ltr'><strong>nl,</strong></span> <span class='ocrx_word' id='word_1_901' title='bbox 1596 4729 1681 4782; x_wconf 79' lang='lat' dir='ltr'><strong>Il.</strong></span> 
     </span>
    </p>
   </div>
   <div class='ocr_carea' id='block_1_110' title="bbox 1756 4708 3280 4783">
    <p class='ocr_par' dir='ltr' id='par_1_110' title="bbox 1756 4708 3280 4783">
     <span class='ocr_line' id='line_1_111' title="bbox 1756 4708 3280 4783; baseline -0.009 -10"><span class='ocrx_word' id='word_1_902' title='bbox 1756 4721 1802 4753; x_wconf 79' lang='lat'><strong>“</strong></span> <span class='ocrx_word' id='word_1_903' title='bbox 1828 4721 1982 4775; x_wconf 77' lang='lat' dir='ltr'><strong>Ilom.</strong></span> <span class='ocrx_word' id='word_1_904' title='bbox 2013 4733 2092 4783; x_wconf 73' lang='grc' dir='ltr'>ιιι,</span> <span class='ocrx_word' id='word_1_905' title='bbox 2122 4717 2208 4773; x_wconf 79' lang='grc'><strong>17.</strong></span> <span class='ocrx_word' id='word_1_906' title='bbox 2285 4717 2327 4748; x_wconf 82' lang='grc'><strong>⁸⁷</strong></span> <span class='ocrx_word' id='word_1_907' title='bbox 2369 4715 2578 4771; x_wconf 89' lang='lat' dir='ltr'><strong>Coloss.</strong></span> <span class='ocrx_word' id='word_1_908' title='bbox 2616 4731 2652 4779; x_wconf 89' lang='grc' dir='ltr'>ι,</span> <span class='ocrx_word' id='word_1_909' title='bbox 2695 4713 2778 4767; x_wconf 81' lang='lat' dir='ltr'><strong>l5.</strong></span> <span class='ocrx_word' id='word_1_910' title='bbox 2855 4713 2899 4744; x_wconf 73' lang='grc'><strong>⁸⁸</strong></span> <span class='ocrx_word' id='word_1_911' title='bbox 2922 4710 3060 4764; x_wconf 83' lang='lat' dir='ltr'><strong>Psal.</strong></span> <span class='ocrx_word' id='word_1_912' title='bbox 3091 4725 3162 4773; x_wconf 84' lang='lat' dir='ltr'><strong>LI,</strong></span> <span class='ocrx_word' id='word_1_913' title='bbox 3192 4708 3280 4762; x_wconf 81' lang='grc'><strong>10.</strong></span> 
     </span>
    </p>
   </div>
   <div class='ocr_carea' id='block_1_111' title="bbox 1705 4894 3278 4968">
    <p class='ocr_par' dir='ltr' id='par_1_111' title="bbox 1705 4894 3278 4968">
     <span class='ocr_line' id='line_1_112' title="bbox 1705 4894 3278 4968; baseline -0.01 -7"><span class='ocrx_word' id='word_1_914' title='bbox 1705 4908 1803 4961; x_wconf 85' lang='lat' dir='ltr'><strong>teri</strong></span> <span class='ocrx_word' id='word_1_915' title='bbox 1837 4920 1993 4968; x_wconf 89' lang='lat' dir='ltr'><strong>mss.,</strong></span> <span class='ocrx_word' id='word_1_916' title='bbox 2022 4903 2282 4955; x_wconf 80' lang='lat' dir='ltr'><strong>Rabanus</strong></span> <span class='ocrx_word' id='word_1_917' title='bbox 2306 4910 2357 4954; x_wconf 92' lang='lat' dir='ltr'><strong>et</strong></span> <span class='ocrx_word' id='word_1_918' title='bbox 2389 4908 2516 4952; x_wconf 83' lang='lat' dir='ltr'><strong>eum</strong></span> <span class='ocrx_word' id='word_1_919' title='bbox 2547 4908 2602 4949; x_wconf 92' lang='lat' dir='ltr'><strong>ut</strong></span> <span class='ocrx_word' id='word_1_920' title='bbox 2629 4899 2679 4950; x_wconf 93' lang='lat' dir='ltr'><strong>in</strong></span> <span class='ocrx_word' id='word_1_921' title='bbox 2703 4907 2912 4968; x_wconf 81' lang='lat' dir='ltr'><strong>nostro</strong></span> <span class='ocrx_word' id='word_1_922' title='bbox 2958 4901 3130 4968; x_wconf 74' lang='lat' dir='ltr'><strong>textu,</strong></span> <span class='ocrx_word' id='word_1_923' title='bbox 3175 4894 3278 4947; x_wconf 91' lang='lat' dir='ltr'><strong>nisi</strong></span> 
     </span>
    </p>
   </div>
   <div class='ocr_carea' id='block_1_112' title="bbox 1701 4965 3275 5045">
    <p class='ocr_par' dir='ltr' id='par_1_112' title="bbox 1701 4965 3275 5045">
     <span class='ocr_line' id='line_1_113' title="bbox 1701 4965 3275 5045; baseline -0.008 -18"><span class='ocrx_word' id='word_1_924' title='bbox 1701 4977 1842 5045; x_wconf 90' lang='lat' dir='ltr'><strong>quod</strong></span> <span class='ocrx_word' id='word_1_925' title='bbox 1874 4965 2002 5045; x_wconf 77' lang='lat' dir='ltr'><strong>editi</strong></span> <span class='ocrx_word' id='word_1_926' title='bbox 2032 4972 2288 5025; x_wconf 89' lang='lat' dir='ltr'><strong>omittant</strong></span> <span class='ocrx_word' id='word_1_927' title='bbox 2315 4989 2332 5021; x_wconf 84' lang='grc' dir='ltr'><strong>ι</strong></span> <span class='ocrx_word' id='word_1_928' title='bbox 2360 4969 2461 5029; x_wconf 86' lang='lat' dir='ltr'><strong>vel,</strong></span> <span class='ocrx_word' id='word_1_929' title='bbox 2494 4986 2512 5018; x_wconf 79' lang='grc' dir='ltr'><strong>ι</strong></span> <span class='ocrx_word' id='word_1_930' title='bbox 2538 4978 2591 5021; x_wconf 89' lang='lat' dir='ltr'><strong>et</strong></span> <span class='ocrx_word' id='word_1_931' title='bbox 2620 4967 2866 5021; x_wconf 78' lang='lat' dir='ltr'><strong>llahauus</strong></span> <span class='ocrx_word' id='word_1_932' title='bbox 2901 4965 3094 5016; x_wconf 87' lang='lat' dir='ltr'><strong>habeat</strong></span> <span class='ocrx_word' id='word_1_933' title='bbox 3128 4980 3146 5012; x_wconf 88' lang='grc'><strong>‹</strong></span> <span class='ocrx_word' id='word_1_934' title='bbox 3177 4973 3228 5017; x_wconf 90' lang='lat' dir='ltr'><strong>et</strong></span> <span class='ocrx_word' id='word_1_935' title='bbox 3255 4982 3275 5015; x_wconf 72' lang='grc' dir='ltr'><strong>ι</strong></span> 
     </span>
    </p>
   </div>
   <div class='ocr_carea' id='block_1_113' title="bbox 1700 5044 3278 5186">
    <p class='ocr_par' dir='ltr' id='par_1_113' title="bbox 1700 5044 3278 5186">
     <span class='ocr_line' id='line_1_114' title="bbox 1700 5044 3278 5186; baseline -0.007 -19"><span class='ocrx_word' id='word_1_936' title='bbox 1700 5044 2083 5186; x_wconf 52' lang='lat' dir='ltr'><strong>Pri,9h)v§ilit.i,</strong></span> <span class='ocrx_word' id='word_1_937' title='bbox 2121 5129 2139 5162; x_wconf 83' lang='grc' dir='ltr'><strong>ι</strong></span> <span class='ocrx_word' id='word_1_938' title='bbox 2175 5107 2650 5179; x_wconf 88' lang='lat' dir='ltr'><strong>impudentibus...</strong></span> <span class='ocrx_word' id='word_1_939' title='bbox 2678 5107 2786 5162; x_wconf 83' lang='lat' dir='ltr'><strong>Sed</strong></span> <span class='ocrx_word' id='word_1_940' title='bbox 2823 5102 2977 5158; x_wconf 85' lang='lat' dir='ltr'><strong>fracti</strong></span> <span class='ocrx_word' id='word_1_941' title='bbox 3013 5111 3142 5156; x_wconf 89' lang='lat' dir='ltr'><strong>sunt</strong></span> <span class='ocrx_word' id='word_1_942' title='bbox 3190 5118 3278 5156; x_wconf 81' lang='lat' dir='ltr'><strong>ra-</strong></span> 
     </span>
    </p>
   </div>
   <div class='ocr_carea' id='block_1_114' title="bbox 1702 5193 3108 5326">
    <p class='ocr_par' dir='ltr' id='par_1_114' title="bbox 1702 5193 3108 5326">
     <span class='ocr_line' id='line_1_115' title="bbox 1702 5193 2220 5251; baseline -0.008 -11"><span class='ocrx_word' id='word_1_943' title='bbox 1702 5193 1796 5251; x_wconf 86' lang='lat' dir='ltr'><strong>mi,</strong></span> <span class='ocrx_word' id='word_1_944' title='bbox 1828 5203 1846 5236; x_wconf 83' lang='grc' dir='ltr'><strong>ι</strong></span> <span class='ocrx_word' id='word_1_945' title='bbox 1885 5193 1989 5237; x_wconf 87' lang='lat' dir='ltr'><strong>etc.</strong></span> <span class='ocrx_word' id='word_1_946' title='bbox 2046 5219 2051 5224; x_wconf 48' lang='grc' dir='ltr'><strong>θ</strong></span> <span class='ocrx_word' id='word_1_947' title='bbox 2213 5193 2220 5200; x_wconf 89' lang='grc'><strong><em>“</em></strong></span> 
     </span>
     <span class='ocr_line' id='line_1_116' title="bbox 1772 5249 3108 5326; baseline -0.01 -18"><span class='ocrx_word' id='word_1_948' title='bbox 1772 5253 1880 5326; x_wconf 87' lang='lat' dir='ltr'><strong>(9t)</strong></span> <span class='ocrx_word' id='word_1_949' title='bbox 1913 5251 2079 5326; x_wconf 63' lang='lat' dir='ltr'><strong>Editi,</strong></span> <span class='ocrx_word' id='word_1_950' title='bbox 2109 5271 2128 5301; x_wconf 76' lang='grc' dir='ltr'><strong>ι</strong></span> <span class='ocrx_word' id='word_1_951' title='bbox 2162 5249 2388 5326; x_wconf 82' lang='lat' dir='ltr'><strong>superba</strong></span> <span class='ocrx_word' id='word_1_952' title='bbox 2414 5261 2624 5326; x_wconf 42' lang='lat' dir='ltr'><strong>sapere.</strong></span> <span class='ocrx_word' id='word_1_953' title='bbox 2657 5263 2675 5296; x_wconf 77' lang='grc' dir='ltr'><strong>ι</strong></span> <span class='ocrx_word' id='word_1_954' title='bbox 2743 5323 2750 5326; x_wconf 19' lang='grc' dir='ltr'><strong><em>Δ</em></strong></span> <span class='ocrx_word' id='word_1_955' title='bbox 2790 5323 2800 5326; x_wconf 76' lang='lat'><em>_</em></span> <span class='ocrx_word' id='word_1_956' title='bbox 3039 5313 3070 5326; x_wconf 55' lang='grc' dir='ltr'>η</span> <span class='ocrx_word' id='word_1_957' title='bbox 3097 5313 3108 5324; x_wconf 42' lang='grc'><strong><em>⁸</em></strong></span> 
     </span>
    </p>
   </div>
   <div class='ocr_carea' id='block_1_115' title="bbox 1776 5313 3276 5394">
    <p class='ocr_par' dir='ltr' id='par_1_115' title="bbox 1776 5313 3276 5394">
     <span class='ocr_line' id='line_1_117' title="bbox 1776 5313 3276 5394; baseline -0.011 -15"><span class='ocrx_word' id='word_1_958' title='bbox 1776 5313 1889 5394; x_wconf 59' lang='grc' dir='ltr'>(9έ)</span> <span class='ocrx_word' id='word_1_959' title='bbox 1922 5323 2022 5375; x_wconf 89' lang='lat' dir='ltr'><strong>Ms.</strong></span> <span class='ocrx_word' id='word_1_960' title='bbox 2050 5313 2250 5394; x_wconf 70' lang='lat' dir='ltr'><strong>Regius</strong></span> <span class='ocrx_word' id='word_1_961' title='bbox 2273 5334 2422 5394; x_wconf 89' lang='lat' dir='ltr'><strong>num.</strong></span> <span class='ocrx_word' id='word_1_962' title='bbox 2455 5313 2615 5394; x_wconf 49' lang='grc'>1⁷659,</span> <span class='ocrx_word' id='word_1_963' title='bbox 2649 5333 2668 5366; x_wconf 74' lang='grc' dir='ltr'><strong>ι</strong></span> <span class='ocrx_word' id='word_1_964' title='bbox 2703 5323 2849 5394; x_wconf 40' lang='grc' dir='ltr'>ειμι.</span> <span class='ocrx_word' id='word_1_965' title='bbox 2876 5328 2998 5367; x_wconf 92' lang='lat' dir='ltr'><strong>cum</strong></span> <span class='ocrx_word' id='word_1_966' title='bbox 3038 5313 3110 5394; x_wconf 86' lang='lat' dir='ltr'><strong>ibi</strong></span> <span class='ocrx_word' id='word_1_967' title='bbox 3137 5325 3276 5394; x_wconf 82' lang='lat' dir='ltr'><strong>stes,</strong></span> 
     </span>
    </p>
   </div>
   <div class='ocr_carea' id='block_1_116' title="bbox 1707 5383 3274 5454">
    <p class='ocr_par' dir='ltr' id='par_1_116' title="bbox 1707 5383 3274 5454">
     <span class='ocr_line' id='line_1_118' title="bbox 1707 5383 3274 5454; baseline -0.011 -3"><span class='ocrx_word' id='word_1_968' title='bbox 1707 5383 1976 5454; x_wconf 50' lang='lat' dir='ltr'><strong>ad‘oli&#39;vaa,</strong></span> <span class='ocrx_word' id='word_1_969' title='bbox 2010 5410 2028 5442; x_wconf 77' lang='grc' dir='ltr'><strong>ι</strong></span> <span class='ocrx_word' id='word_1_970' title='bbox 2056 5383 2163 5444; x_wconf 69' lang='grc' dir='ltr'>θιεῖ</span> <span class='ocrx_word' id='word_1_971' title='bbox 2203 5389 2308 5443; x_wconf 82' lang='lat' dir='ltr'><strong>Sed</strong></span> <span class='ocrx_word' id='word_1_972' title='bbox 2335 5388 2520 5442; x_wconf 68' lang='lat' dir='ltr'><strong>caeteri</strong></span> <span class='ocrx_word' id='word_1_973' title='bbox 2567 5403 2722 5450; x_wconf 86' lang='lat' dir='ltr'><strong>mss.,</strong></span> <span class='ocrx_word' id='word_1_974' title='bbox 2757 5383 3010 5438; x_wconf 63' lang='lat' dir='ltr'><strong>[tabanus</strong></span> <span class='ocrx_word' id='word_1_975' title='bbox 3051 5391 3107 5438; x_wconf 86' lang='lat' dir='ltr'><strong>et</strong></span> <span class='ocrx_word' id='word_1_976' title='bbox 3149 5385 3274 5437; x_wconf 76' lang='lat' dir='ltr'><strong>editi</strong></span> 
     </span>
    </p>
   </div>
   <div class='ocr_carea' id='block_1_117' title="bbox 1711 5473 3278 5606">
    <p class='ocr_par' dir='ltr' id='par_1_117' title="bbox 1711 5473 3278 5606">
     <span class='ocr_line' id='line_1_119' title="bbox 1711 5473 3278 5606; baseline -0.01 -16"><span class='ocrx_word' id='word_1_977' title='bbox 1711 5473 2060 5606; x_wconf 47' lang='lat'><strong>“(338732;</strong></span> <span class='ocrx_word' id='word_1_978' title='bbox 2091 5528 2373 5585; x_wconf 83' lang='lat' dir='ltr'><strong>Oinittitur</strong></span> <span class='ocrx_word' id='word_1_979' title='bbox 2398 5529 2452 5583; x_wconf 92' lang='lat' dir='ltr'><strong>in</strong></span> <span class='ocrx_word' id='word_1_980' title='bbox 2481 5527 2679 5593; x_wconf 86' lang='lat' dir='ltr'><strong>editis;</strong></span> <span class='ocrx_word' id='word_1_981' title='bbox 2721 5525 2813 5596; x_wconf 90' lang='lat' dir='ltr'><strong>qui</strong></span> <span class='ocrx_word' id='word_1_982' title='bbox 2849 5533 3032 5595; x_wconf 89' lang='lat' dir='ltr'><strong>postea</strong></span> <span class='ocrx_word' id='word_1_983' title='bbox 3057 5522 3278 5584; x_wconf 82' lang='lat' dir='ltr'><strong>habent,</strong></span> 
     </span>
    </p>
   </div>
   <div class='ocr_carea' id='block_1_118' title="bbox 1714 5602 2298 5660">
    <p class='ocr_par' dir='ltr' id='par_1_118' title="bbox 1714 5602 2298 5660">
     <span class='ocr_line' id='line_1_120' title="bbox 1714 5602 2298 5660; baseline -0.015 -1"><span class='ocrx_word' id='word_1_984' title='bbox 1714 5625 1735 5659; x_wconf 70' lang='grc' dir='ltr'><strong>ι</strong></span> <span class='ocrx_word' id='word_1_985' title='bbox 1764 5602 1819 5660; x_wconf 77' lang='lat' dir='ltr'><strong>et</strong></span> <span class='ocrx_word' id='word_1_986' title='bbox 1842 5604 1972 5658; x_wconf 90' lang='lat' dir='ltr'><strong>dicit</strong></span> <span class='ocrx_word' id='word_1_987' title='bbox 1992 5602 2057 5653; x_wconf 88' lang='lat' dir='ltr'><strong>ad</strong></span> <span class='ocrx_word' id='word_1_988' title='bbox 2086 5616 2229 5654; x_wconf 91' lang='lat' dir='ltr'><strong>eum.</strong></span> <span class='ocrx_word' id='word_1_989' title='bbox 2280 5617 2298 5650; x_wconf 77' lang='grc' dir='ltr'><strong>ι</strong></span> 
     </span>
    </p>
   </div>
   <div class='ocr_carea' id='block_1_119' title="bbox 1779 5663 3276 5746">
    <p class='ocr_par' dir='ltr' id='par_1_119' title="bbox 1779 5663 3276 5746">
     <span class='ocr_line' id='line_1_121' title="bbox 1779 5663 3276 5746; baseline -0.01 -17"><span class='ocrx_word' id='word_1_990' title='bbox 1779 5675 1889 5746; x_wconf 72' lang='grc'>(94)</span> <span class='ocrx_word' id='word_1_991' title='bbox 1936 5690 1952 5722; x_wconf 78' lang='grc' dir='ltr'><strong>ι</strong></span> <span class='ocrx_word' id='word_1_992' title='bbox 1974 5671 2150 5746; x_wconf 80' lang='lat' dir='ltr'><strong>_Quod</strong></span> <span class='ocrx_word' id='word_1_993' title='bbox 2191 5689 2206 5718; x_wconf 75' lang='grc' dir='ltr'><strong>ι</strong></span> <span class='ocrx_word' id='word_1_994' title='bbox 2238 5668 2510 5746; x_wconf 65' lang='lat' dir='ltr'><strong>omittitur</strong></span> <span class='ocrx_word' id='word_1_995' title='bbox 2541 5669 2591 5722; x_wconf 92' lang='lat' dir='ltr'><strong>in</strong></span> <span class='ocrx_word' id='word_1_996' title='bbox 2633 5667 2811 5746; x_wconf 78' lang='lat' dir='ltr'><strong>editis,</strong></span> <span class='ocrx_word' id='word_1_997' title='bbox 2845 5666 2954 5746; x_wconf 38' lang='lat' dir='ltr'><strong>sed‘</strong></span> <span class='ocrx_word' id='word_1_998' title='bbox 2973 5663 3276 5746; x_wconf 76' lang='lat' dir='ltr'><strong>restituitur</strong></span> 
     </span>
    </p>
   </div>
   <div class='ocr_carea' id='block_1_120' title="bbox 1706 5736 3274 5809">
    <p class='ocr_par' dir='ltr' id='par_1_120' title="bbox 1706 5736 3274 5809">
     <span class='ocr_line' id='line_1_122' title="bbox 1706 5736 3274 5809; baseline -0.011 -8"><span class='ocrx_word' id='word_1_999' title='bbox 1706 5736 1921 5801; x_wconf 53' lang='lat' dir='ltr'><strong>ex‘nis.</strong></span> <span class='ocrx_word' id='word_1_1000' title='bbox 1974 5741 2141 5809; x_wconf 75' lang='lat' dir='ltr'><strong>Regio</strong></span> <span class='ocrx_word' id='word_1_1001' title='bbox 2180 5754 2328 5793; x_wconf 93' lang='lat' dir='ltr'><strong>num.</strong></span> <span class='ocrx_word' id='word_1_1002' title='bbox 2364 5739 2498 5793; x_wconf 81' lang='grc'>1639</span> <span class='ocrx_word' id='word_1_1003' title='bbox 2543 5739 2885 5809; x_wconf 16' lang='grc' dir='ltr'>εινιὶειιιιιιιυ.</span> <span class='ocrx_word' id='word_1_1004' title='bbox 2917 5736 3109 5791; x_wconf 73' lang='lat' dir='ltr'><strong>Czeteri</strong></span> <span class='ocrx_word' id='word_1_1005' title='bbox 3154 5745 3274 5786; x_wconf 76' lang='lat' dir='ltr'><strong>vero</strong></span> 
     </span>
    </p>
   </div>
   <div class='ocr_carea' id='block_1_121' title="bbox 1708 5808 2712 5879">
    <p class='ocr_par' dir='ltr' id='par_1_121' title="bbox 1708 5808 2712 5879">
     <span class='ocr_line' id='line_1_123' title="bbox 1708 5808 2712 5879; baseline -0.014 -5"><span class='ocrx_word' id='word_1_1006' title='bbox 1708 5831 1840 5874; x_wconf 84' lang='lat' dir='ltr'><strong>mss.</strong></span> <span class='ocrx_word' id='word_1_1007' title='bbox 1875 5808 2076 5870; x_wconf 85' lang='lat' dir='ltr'><strong>habent</strong></span> <span class='ocrx_word' id='word_1_1008' title='bbox 2103 5833 2122 5867; x_wconf 74' lang='grc' dir='ltr'><strong>ι</strong></span> <span class='ocrx_word' id='word_1_1009' title='bbox 2161 5819 2220 5865; x_wconf 84' lang='grc' dir='ltr'><strong>ιιι</strong></span> <span class='ocrx_word' id='word_1_1010' title='bbox 2249 5827 2268 5862; x_wconf 77' lang='grc' dir='ltr'><strong>ι</strong></span> <span class='ocrx_word' id='word_1_1011' title='bbox 2297 5824 2395 5879; x_wconf 87' lang='lat' dir='ltr'><strong>pro</strong></span> <span class='ocrx_word' id='word_1_1012' title='bbox 2425 5827 2445 5862; x_wconf 72' lang='grc' dir='ltr'><strong>ι</strong></span> <span class='ocrx_word' id='word_1_1013' title='bbox 2485 5808 2648 5878; x_wconf 88' lang='lat' dir='ltr'><strong>quod.</strong></span> <span class='ocrx_word' id='word_1_1014' title='bbox 2692 5827 2712 5860; x_wconf 74' lang='grc' dir='ltr'><strong>ι</strong></span> 
     </span>
    </p>
   </div>
   <div class='ocr_carea' id='block_1_122' title="bbox 2952 5963 3032 6020">
    <p class='ocr_par' dir='ltr' id='par_1_122' title="bbox 2952 5963 3032 6020">
     <span class='ocr_line' id='line_1_124' title="bbox 2952 5963 3032 6020; baseline 0.013 -1"><span class='ocrx_word' id='word_1_1015' title='bbox 2952 5963 3032 6020; x_wconf 79' lang='lat'><strong>38</strong></span> 
     </span>
    </p>
   </div>
  </div>
