3766 6540
63 475 199 530 IIII?

980 481 1336 536 (IO-IIMENT.
1382 481 1444 534 IN
1485 479 1701 534 EPIST.
1737 479 1829 532 AD
1862 477 2027 534 ROM.
2061 478 2189 533 LIB.
2236 479 2371 535 VIII.

3165 481 3304 534 IIIIS

64 611 94 650 a
120 611 206 650 me
241 605 635 662 testamentum,
668 613 790 654 cum
841 602 1114 656 abstulero
1147 614 1362 672 peccata
1393 618 1632 657 eorum.»
1666 606 1715 663 Α
1743 615 1845 668 qua
1874 615 2003 654 vero
2044 599 2238 664 tristia,
2284 601 2328 654 si
2377 598 2591 668 quidem
2633 613 2700 653 ne
2736 597 2896 652 Israel
2939 600 3208 665 dicuntur,
3238 603 3306 659 ad

61 687 349 744 Sciendum
377 701 507 740 sane
531 699 630 754 est,
647 689 786 757 quod
809 689 860 742 in
879 692 1132 761 pr0pbeta
1155 695 1304 753 Isaia.
1327 697 1466 748 unde
1488 694 1637 749 testi-

59 781 297 834 monium
316 779 453 834 istud
485 779 678 835 Paulus
696 784 938 848 assumit,
963 800 1059 851 pro
1087 801 1151 840 eo
1173 788 1313 855 quod
1342 787 1636 856 dixitApo-

57 877 275 935 stolns,r
300 871 474 925 veniet
489 888 554 924 ex
571 870 718 934 Sion,
735 891 753 923 ι
774 875 1032 944 scriptum
1053 886 1157 939 εει,
1183 895 1201 928 ι
1228 878 1636 949 venietpropter

58 962 180 1017 Sion
198 979 212 1027 ;
227 981 247 1013 ι
263 971 318 1016 et
333 964 476 1032 quod
493 964 565 1016 ait
585 963 718 1028 th,I
738 979 857 1017 cum
875 967 1143 1020 abstulero
1159 979 1371 1037 peccata
1390 986 1592 1031 eorum,
1609 988 1628 1022 ι

58 1055 123 1108 ibi
153 1056 378 1108 omnino
405 1056 661 1123 scripturn
694 1073 798 1110 non
827 1067 906 1111 est
927 1098 942 1121 ,
971 1059 1062 1112 sed
1090 1075 1187 1114 nec
1217 1063 1353 1129 apud
1384 1061 1633 1116 IIebrmos

57 1146 267 1211 quidem
308 1157 321 1200 :
359 1146 597 1213 Apostoli
656 1155 834 1201 tamen
886 1149 1204 1203 auctoritate
1248 1162 1628 1222 prresnmptum

54 1244 148 1289 est.
173 1235 393 1289 Interim
417 1238 636 1292 veniens
660 1237 912 1293 Dominus
935 1256 999 1294 ex
1022 1241 1151 1296 Sion
1177 1242 1384 1309 liberat,
1405 1253 1458 1298 et
1481 1261 1632 1298 aver-

57 1326 116 1379 tit
150 1327 460 1395 impietates
491 1329 558 1382 ab
608 1328 794 1387 Jacob.
845 1332 1054 1386 Avertit
1095 1345 1276 1389 autem
1311 1335 1387 1405 (9)
1439 1336 1632 1406 impie-

56 1427 192 1473 tates
246 1419 318 1472 ab
362 1435 428 1476 eo
461 1421 758 1476 secundum
808 1424 934 1476 illud
974 1428 1116 1493 quod
1144 1429 1403 1496 scriptum
1429 1439 1510 1482 est
1535 1428 1581 1459 "
1611 1445 1623 1483 :

57 1509 186 1574 Quia
224 1527 246 1561 ι
279 1511 450 1568 diluet
501 1514 754 1570 Dominus
795 1517 987 1571 sordes
1039 1517 1269 1572 (Iliorum
1303 1529 1351 1574 et
1396 1520 1626 1574 filiarum

59 1600 204 1660 Sion,
236 1609 292 1655 et
342 1603 656 1672 sanguinem
689 1606 972 1660 mundabit
995 1607 1102 1678 (10)
1133 1609 1199 1663 de
1223 1608 1398 1663 medio
1429 1608 1544 1678 ejus
1573 1611 1624 1665 in

54 1696 242 1764 Spiritu
265 1694 476 1766 judicii,
517 1707 572 1752 et
600 1700 791 1768 spiritu
829 1702 1056 1756 ustionis
1089 1701 1198 1773 (II)
1234 1719 1248 1768 ;
1280 1723 1297 1754 ι
1331 1712 1384 1756 et
1426 1705 1528 1758 hoc
1553 1705 1623 1758 ita

56 1786 163 1841 fieri
193 1796 577 1843 testamentum
607 1791 688 1844 eis
706 1803 824 1846 erat
854 1807 882 1846 a
913 1793 1042 1860 Deo,
1077 1805 1135 1849 ut
1162 1796 1242 1849 sic
1268 1796 1335 1848 ab
1361 1797 1442 1851 eis
1463 1811 1622 1850 aver-

57 1887 299 1932 terentur
329 1879 633 1948 impietates
657 1922 672 1944 ,
703 1892 755 1936 et
801 1883 1146 1938 anferrentur
1200 1893 1440 1952 peccata.
1492 1885 1622 1951 Quis

1745 691 1868 744 illos
1893 691 2011 745 sine
2043 690 2205 744 dubio
2235 691 2472 758 reliquos
2497 691 2584 758 qui
2624 693 2879 744 exemeati
2909 703 3032 745 sttnt
3059 693 3307 750 referun-

1745 792 1832 836 tur
1861 800 1875 836 :
1899 782 1942 836 si
1979 798 2104 836 vero
2131 783 2196 836 de
2229 783 2493 852 gentibus,
2515 783 2630 836 illos
2659 781 2903 850 profecto
2932 785 3022 851 qui
3051 796 3178 838 sunt
3206 803 3305 840 ex-

1741 885 1822 928 tra
1855 875 2242 945 plenitudinem
2276 876 2564 945 sxringunt.
2607 873 2798 928 Omnia
2831 884 3006 929 tamen
3038 879 3158 930 linis
3185 892 3308 946 per-

1740 978 1914 1037 urget,
1963 977 2014 1020 et
2058 982 2152 1021 eos
2197 969 2410 1036 quidem
2451 968 2539 1038 qui
2589 967 2729 1021 beati
2771 978 2915 1032 sunt,
2953 969 3068 1022 sive
3109 969 3184 1024 illi
3237 985 3306 1024 ex

1740 1057 1932 1123 ISrael,
1968 1057 2082 1110 sive
2115 1057 2279 1110 etiam
2326 1071 2388 1110 ex
2443 1057 2694 1127 gentibus
2735 1057 2984 1120 veniant,
3025 1059 3306 1122 prmsentis

1740 1150 1998 1218 temporis
2030 1148 2141 1218 (Ili)
2177 1149 2502 1216 evangelicae
2525 1149 2785 1202 doctrinae
2823 1163 3004 1202 sermo
3035 1149 3303 1216 purificat,

1738 1252 1790 1296 ut
1825 1242 1932 1295 sint
1962 1243 2095 1296 tales
2123 1244 2262 1298 sicut
2284 1251 2439 1294 erant
2482 1240 2556 1293 illi
2589 1239 2656 1293 ad
2691 1254 2826 1308 quos
2865 1239 3120 1294 Dominus
3155 1241 3306 1296 dice-

1735 1334 1827 1387 bat
1856 1333 1902 1364 θ’
1931 1350 1945 1383 :
1991 1351 2008 1385 ι
2044 1335 2180 1388 Ecce
2202 1332 2314 1402 jam
2339 1348 2433 1386 vos
2475 1331 2659 1385 mundi
2693 1332 2827 1385 estis
2854 1343 3072 1402 propter
3097 1347 3308 1386 sermo-

1737 1441 1858 1478 nem
1891 1441 2047 1494 quem
2076 1425 2286 1480 Iocntns
2315 1440 2432 1478 sum
2466 1425 2635 1479 vobis.
2671 1446 2689 1477 ι
2727 1426 2826 1492 Qui
2875 1441 3002 1477 vero
3029 1425 3176 1478 verbi
3211 1425 3307 1480 Dei

1733 1525 1786 1569 et
1831 1517 2092 1570 doctrinae
2149 1516 2477 1584 evangeliea:
2516 1516 2942 1584 purificationem
2988 1519 3254 1583 spreverit
3285 1555 3303 1581 ,

1736 1607 1980 1662 tristibus
2025 1617 2078 1660 et
2108 1609 2405 1675 pmnalibus
2452 1607 2913 1675 purificationibus
2949 1607 3301 1678 sr-metipsum

1731 1709 1994 1763 reservat,
2012 1708 2069 1752 nt
2085 1699 2488 1770 ignisgehennte
2501 1700 2552 1753 in
2567 1700 2902 1755 cruciatibus
2916 1713 3121 1770 purget,
3139 1718 3299 1772 quem

1729 1805 1833 1846 nec
1854 1790 2147 1860 apostolica
2172 1791 2416 1845 doctrina
2450 1803 2547 1844 nec
2574 1791 2916 1860 evangelicus
2967 1806 3147 1846 sermo
3173 1808 3303 1862 pur-

1727 1882 1892 1952 gavit,
1916 1881 2208 1936 secundum
2244 1882 2374 1935 illud
2405 1884 2544 1952 quod
2571 1883 2825 1951 scriptum
2854 1894 2937 1937 est
2961 1884 3003 1914 ⁸¹
3025 1901 3040 1936 :
3061 1903 3078 1936 ι
3121 1884 3183 1937 Ει
3207 1901 3305 1953 pu-

54 1979 231 2024 autem
287 1972 359 2026 sit
411 1973 514 2026 iste
562 1973 738 2027 omnis
771 1973 932 2028 Israel
967 1977 1055 2044 qui
1101 1977 1284 2030 salvus
1321 1979 1491 2041 fieret,
1542 1978 1622 2031 vel
1657 1960 1699 2016 Β
1729 1971 1954 2026 riﬁcabo
1981 1983 2034 2026 te
2066 1973 2175 2041 igni
2200 1973 2268 2026 ad
2292 1987 2507 2042 purum.
2550 1992 2568 2024 ι
2598 1971 2793 2025 Verum
2829 1973 2880 2026 in
2909 1974 3010 2027 hac
3035 1974 3147 2042 ipsa
3173 1989 3305 2042 pur-

54 2069 165 2124 quae
196 2057 308 2110 erit
340 2057 438 2111 ista
477 2057 753 2127 plenitudo
802 2061 963 2114 etiam
1001 2067 1261 2132 gentium,
1299 2063 1442 2119 Deus
1474 2064 1623 2120 solus

56 2151 216 2216 novit,
247 2161 306 2205 et
335 2151 657 2221 Unigenitus
689 2171 842 2220 suus,
869 2167 921 2209 et
961 2158 1004 2211 si
1032 2159 1122 2227 qui
1155 2159 1295 2214 forte
1321 2161 1478 2215 amici
1508 2162 1624 2231 ejus

55 2255 203 2312 sunt;
230 2246 300 2300 ad
334 2261 472 2314 quos
511 2247 650 2302 dicat
676 2249 721 2279 '"
755 2264 769 2302 :
815 2269 834 2299 ι
871 2249 988 2304 Jam
1027 2267 1131 2306 non
1165 2253 1338 2307 dicam
1380 2269 1475 2309 vos
1509 2270 1625 2310 ser-

55 2352 158 2398 vos,
199 2340 300 2394 sed
346 2341 588 2407 amicos;
618 2332 918 2411 quiainota
969 2344 1123 2397 vobis
1153 2340 1253 2398 feci
1297 2347 1475 2399 omnia
1503 2361 1623 2416 quae

56 2431 224 2484 audivi
277 2447 312 2485 a
361 2432 542 2490 Patre.
583 2453 601 2485 ι
645 2434 756 2488 Iloc
798 2446 976 2489 tamen
1025 2447 1201 2504 potest
1243 2438 1406 2492 etiam
1437 2449 1622 2494 nostro

56 2523 223 2576 sensui
253 2539 582 2589 occurrere,
615 2526 757 2594 quod
799 2526 941 2580 sicut
981 2527 1180 2595 Israel,
1213 2530 1451 2597 quandiu
1494 2545 1620 2599 per-

55 2625 224 2669 manet
250 2617 553 2670 secundum
583 2633 801 2672 carnem
833 2617 1085 2682 Israel,et
1109 2635 1214 2673 non
1241 2621 1402 2674 etiam
1434 2636 1622 2676 secun-

56 2706 167 2759 dum
195 2708 452 2774 spiritum
483 2707 657 2763 factus
679 2708 841 2764 fuerit
865 2711 1104 2766 Israelita
1136 2726 1298 2767 verus
1334 2723 1511 2768 mente
1537 2714 1618 2766 vi-

53 2792 173 2849 dens
201 2795 400 2859 Deum,
419 2800 688 2866 pertinere
715 2799 825 2871 (12)
856 2816 960 2855 non
987 2811 1166 2872 potest
1187 2803 1254 2856 ad
1277 2802 1524 2868 salutem,
1543 2804 1614 2859 ita

55 2902 141 2940 nec
169 2899 365 2957 gentes
391 2886 606 2958 quidem
637 2908 827 2948 omnes
873 2895 1094 2948 omnino
1145 2895 1342 2949 salvari
1373 2905 1617 2965 possunt,

55 2975 144 3029 nisi
171 2991 299 3044 quae
343 2978 482 3032 intra
526 2980 913 3048 plenitudinem
951 2982 1149 3037 fuerint
1185 2993 1432 3053 repertae,
1465 3000 1617 3054 qua:-

54 3080 256 3140 ounqe
284 3068 382 3123 illa
416 3079 497 3126 est
517 3087 636 3142 quze
660 3071 730 3127 ab
762 3073 1022 3143 Apostolo
1068 3074 1347 3143 plenitudo
1373 3075 1484 3147 (I5)
1519 3093 1617 3132 no-

55 3164 302 3216 minatur.
344 3162 416 3216 Ita
446 3180 573 3235 ergo
607 3165 922 3236 mysterium
963 3164 1052 3218 Dei
1090 3165 1345 3220 ineffabili
1379 3168 1613 3236 quadam

53 3253 328 3319 sapientiae
381 3253 498 3322 ejus
549 3255 954 3324 dispensatione
1008 3265 1307 3320 tractatur,
1339 3265 1394 3311 ut
1447 3258 1609 3312 etiam

54 3355 162 3395 cum
193 3343 311 3398 sibi
353 3347 532 3398 anima
567 3357 767 3400 sortem
815 3347 1076 3402 malorum
1123 3349 1234 3416 ipsa
1265 3349 1611 3417 consciverit,

55 3435 130 3489 ille
163 3437 448 3504 qui-novit
491 3438 739 3493 universa
772 3439 1076 3509 disponere,
1112 3440 1468 3507 abjeetionem
1500 3442 1617 3512 ejus

53 3537 100 3581 et
133 3543 376 3597 poenam,
416 3529 644 3582 aliorum
681 3529 839 3583 faciat
878 3530 1127 3585 salutem.
1160 3532 1264 3585 Sed
1298 3541 1352 3584 et
1385 3532 1514 3586 illud
1538 3532 1616 3587 vi-

54 3618 198 3674 detur
224 3621 362 3675 mihi
395 3622 446 3674 in
481 3622 581 3676 hoc
607 3622 718 3693 (14)
747 3623 864 3678 Ioco
885 3624 1191 3694 diligentius
1215 3625 1578 3679 contuendum
1599 3668 1614 3694 ,

55 3712 180 3779 quod
220 3714 524 3766 caecitatem
566 3713 722 3766 istam
767 3729 872 3768 non
913 3716 1043 3769 dicit
1070 3714 1214 3769 omni
1243 3713 1410 3768 Israel
1442 3715 1620 3768 conti-

56 3802 202 3870 gisse,
235 3803 339 3857 sed
373 3821 392 3854 ι
429 3818 496 3857 ex
522 3814 694 3872 parte.
736 3804 998 3873 Reliquiae
1034 3823 1052 3856 ι
1086 3806 1228 3860 enim
1270 3824 1288 3855 ι
1323 3806 1616 3858 secundum

56 3891 370 3947 electionem
398 3893 583 3961 gratia:
611 3892 774 3947 salvae
807 3893 960 3948 facta:
1003 3903 1128 3948 sunt
1153 3893 1220 3947 ⁷⁸.
1262 3911 1280 3944 ι
1316 3893 1389 3946 De
1422 3893 1616 3960 quibus

56 3985 286 4052 reliquiis
326 3994 382 4037 et
407 3983 569 4038 Isaias
598 3984 1014 4053 pr0phetaverat
1061 3983 1246 4037 dicens
1276 3997 1290 4034 :
1324 4002 1342 4034 ι
1373 3981 1483 4037 Nisi
1518 3982 1619 4036 Do-

56 4077 223 4132 minus
280 4077 523 4131 Sabaoth
581 4076 884 4146 reliquisset
934 4076 1087 4131 nobis
1134 4091 1318 4131 semen
1350 4076 1463 4129 ".3
1499 4075 1619 4129 Istae

56 4187 169 4240 ergo
205 4170 453 4238 reliquizn
488 4171 541 4223 in
583 4169 915 4224 beatitudine
958 4169 1315 4225 conferuntur
1354 4183 1474 4222 eum
1504 4167 1617 4236 ple-

57 4263 290 4317 nitudine
327 4263 563 4331 gentium
591 4280 603 4314 :
645 4262 823 4316 caueri
851 4276 976 4314 vero
1000 4260 1089 4329 qui
1120 4261 1372 4314 exetecati
1401 4270 1526 4314 sunt
1552 4274 1617 4314 ex

57 4355 230 4420 Israel,
255 4354 622 4410 conferuntur
651 4355 736 4409 his
771 4355 1022 4426 gentibus
1050 4369 1168 4422 qua:
1197 4367 1299 4405 non
1329 4360 1618 4420 potuerunt

57 4447 110 4497 ad
141 4445 535 4515 plenitudinem
570 4445 872 4513 pervenire.
903 4443 992 4498 Sic
1023 4457 1149 4512 ergo
1173 4441 1284 4512 (I5)
1315 4457 1434 4511 quae
1471 4442 1620 4496 inve-

57 4538 264 4592 niuntur
312 4536 368 4590 in
403 4536 746 4591 sermonibus
791 4535 1173 4604 prophetarum
1214 4534 1280 4587 de
1325 4535 1620 4602 repromis-

1727 2065 1942 2132 gatione
1972 2077 2091 2132 quae
2126 2077 2224 2131 per
2267 2077 2484 2131 pennam
2535 2062 2674 2131 ignis
2722 2063 3046 2129 adhibetur,
3083 2063 3304 2131 quantis

1728 2152 2082 2222 temporibus,
2118 2154 2400 2221 quantisve
2447 2154 2660 2208 sazculis
2689 2153 2755 2207 de
2794 2157 3173 2223 peccatoribus
3206 2172 3306 2210 ex-

1726 2245 1904 2313 igatur
1933 2243 2045 2313 (I7)
2071 2246 2368 2308 cruciatus,
2397 2244 2545 2297 solus
2565 2246 2706 2299 scire
2736 2258 2911 2315 petest
2935 2246 3022 2300 ille
3047 2248 3130 2301 cui
3157 2265 3174 2297 ι
3201 2246 3303 2300 Pa-

1726 2342 1814 2391 ter
1848 2351 2010 2390 omne
2032 2335 2295 2403 judicium
2326 2337 2632 2403 tradidit",
2677 2357 2696 2388 ι
2728 2339 2816 2407 qui
2849 2340 2918 2392 ita
2953 2339 3123 2408 diligit
3148 2355 3304 2394 crea-

1726 2437 1900 2480 turam
1931 2443 2108 2492 suam,
2137 2436 2196 2480 ut
2235 2442 2332 2497 pro
2361 2429 2472 2497 ipsa
2497 2430 2838 2483 evacuaverit
2860 2431 3203 2499 semetipsum
3237 2432 3303 2487 de

1726 2517 1818 2572 Dei
1857 2518 2054 2582 forma,
2093 2527 2148 2572 et
2186 2520 2327 2572 servi
2377 2518 2601 2573 formam
2647 2522 2966 2589 susceperit,
3010 2521 3302 2576 humilians

1723 2610 2072 2680 semetipsum
2125 2626 2294 2679 usque
2331 2612 2396 2664 ad
2444 2621 2667 2666 mortem
2699 2611 2782 2676 ⁸⁸,
2814 2613 3000 2666 volens
3051 2631 3071 2664 ι
3115 2629 3302 2669 omnes

1721 2705 1968 2759 homines
1993 2703 2169 2759 salvos
2205 2703 2342 2767 fieri,
2373 2712 2427 2758 et
2461 2703 2512 2756 in
2563 2703 2890 2772 agnitionem
2931 2705 3173 2758 veritatis
3206 2721 3301 2759 ve-

1721 2797 1839 2852 nire
1861 2797 1929 2851 3‘.
1971 2815 1988 2848 ι
2016 2795 2398 2851 Verumtamen
2432 2797 2739 2850 meminisse
2781 2812 2994 2864 semper
3017 2799 3297 2868 debemus,

1720 2888 1860 2956 quod
1895 2897 2214 2956 prmsentem
2251 2889 2425 2943 locum
2475 2890 2765 2958 Apostolus
2797 2891 2948 2959 quasi
2973 2883 3297 2961 mysterium

1719 2981 1909 3034 babcri
1935 2981 2096 3035 voluit
2119 2980 2251 3052 (I8),
2294 2997 2401 3050 quo
2431 2981 2638 3035 scilicet
2678 2982 2979 3049 Itujusmodi
3013 2999 3199 3038 sensus
3231 2985 3299 3037 Ii-

1719 3069 1866 3124 deles
1901 3075 2101 3140 quique
2128 3081 2181 3125 et
2211 3071 2435 3139 perfecti
2475 3072 2615 3125 intra
2663 3073 2983 3142 semetipsos
3013 3075 3156 3128 velut
3182 3092 3298 3145 my-

1717 3161 1940 3215 sterium
1973 3162 2063 3215 Dei
2098 3160 2313 3216 silentio
2344 3171 2564 3230 tegant,
2602 3177 2700 3216 nec
2739 3164 2936 3231 passim
2969 3164 3299 3231 imperfectis

1718 3261 1773 3306 et
1822 3253 2000 3307 minus
2046 3253 2336 3323 capacibus
2386 3253 2681 3322 proferant.
2732 3273 2750 3306 ι
2794 3255 3107 3327 Μγςεςςξίιιη
3151 3259 3296 3315 enim

1723 3345 1886 3414 regis,
1916 3365 1934 3396 ι
1973 3345 2048 3399 ait
2078 3345 2358 3416 Scriptura
2387 3347 2456 3411 ⁸⁵,
2498 3366 2516 3398 ι
2556 3348 2734 3402 celare
2764 3349 2961 3403 bonum
2995 3359 3098 3404 est.
3133 3369 3151 3401 ›

1790 3438 1874 3491 I5.
1926 3455 1946 3489 ‹
2002 3438 2314 3492 Secundum
2387 3439 2737 3510 Evangelium
2798 3440 3016 3508 quidem
3087 3439 3300 3498 inimici

1710 3533 1941 3594 propter
1965 3539 2061 3578 vos
2089 3541 2101 3575 :
2130 3525 2428 3579 secundum
2451 3527 2771 3580 electionem
2796 3539 2976 3581 autem
2997 3528 3302 3587 charissimi

1725 3624 1948 3685 propter
1993 3627 2197 3686 patres.
2251 3616 2379 3672 Sine
2432 3617 2752 3687 poenitentia
2803 3619 2950 3673 enim
2999 3632 3127 3676 sunt
3163 3619 3305 3676 dona

1709 3718 1778 3804 let
1816 3710 2028 3764 vocatio
2067 3711 2181 3773 Dei,
2209 3709 2361 3766 Sicut
2398 3711 2543 3766 enim
2580 3728 2676 3766 vos
2713 3712 3003 3782 aliquando
3042 3730 3151 3768 non
3190 3731 3306 3770 cre-

1722 3799 1935 3854 didistis
1976 3800 2106 3861 Deo,
2126 3815 2273 3854 nunc
2313 3810 2492 3855 autem
2523 3801 2682 3873 641
2717 3802 3139 3858 misericordiam
3171 3821 3303 3860 con-

1711 3877 1897 3946 secuti
1939 3892 2072 3946 estis
2127 3901 2350 3962 propter
2402 3893 2644 3963 ipsorum
2699 3893 3131 3950 incredulitatem
3174 3914 3186 3950 :
3229 3897 3301 3952 ita

1723 3990 1778 4036 et
1816 3982 1906 4037 isti
1945 3997 2092 4036 nunc
2129 3983 2478 4038 crediderunt
2514 3983 2570 4036 in
2608 3985 2774 4039 vestri
2813 3987 3199 4051 misericordia,
3241 4002 3302 4044 ut

1721 4082 1776 4128 et
1840 4073 1942 4144 ipsi
2001 4075 2429 4130 misericordiam
2499 4087 2900 4146 consequantur
2960 4097 2972 4132 :
3035 4079 3301 4136 conclusit

1721 4164 1866 4218 enim
1900 4165 2042 4236 Deus
2077 4181 2267 4221 omnes
2307 4167 2359 4221 in
2401 4168 2796 4235 incredulitate,
2829 4179 2888 4224 ut
2925 4172 3176 4227 omnibus
3204 4174 3303 4227 mi-

1721 4267 1988 4312 sereatur.
2021 4257 2065 4311 Ο
2103 4259 2331 4313 altitudo
2368 4259 2676 4314 divitiarum
2718 4262 2997 4331 sapientiae
3033 4273 3087 4318 et
3125 4264 3293 4319 scien-

1723 4347 1811 4404 tia:
1850 4350 1945 4404 Dei
1989 4368 2001 4402 :
2042 4366 2203 4420 quam
2245 4350 2614 4407 inscrutabilia
2649 4362 2778 4408 sunt
2811 4353 3015 4425 judicia
3054 4355 3202 4425 ejus,
3246 4370 3301 4412 et

1724 4441 2126 4514 investigabiles
2173 4444 2273 4499 viae
2310 4445 2459 4512 eius!
2502 4443 2635 4510 Quis
2683 4446 2829 4500 enim
2882 4449 3133 4517 cognovit
3170 4465 3297 4503 sen-

1724 4547 1843 4585 sum
1883 4527 2126 4584 Domini?
2163 4529 2274 4580 Aut
2303 4529 2425 4597 quis
2471 4529 2549 4582 illi
2598 4529 2944 4584 consiliarius
2986 4529 3131 4584 fuit?
3186 4533 3292 4584 Aut

55 4628 285 4683 tionibus
346 4628 548 4694 scripta
603 4625 992 4680 beatitudinem
1044 4625 1373 4680 continentia
1395 4665 1410 4689 ,
1453 4625 1499 4678 si
1551 4625 1618 4680 de
1649 4649 1694 4702 ι)
1725 4624 1846 4689 quis
1876 4621 2024 4690 prior
2064 4618 2212 4674 dedit
2237 4619 2310 4681 ei,
2345 4628 2400 4672 et
2440 4619 2778 4674 retribuetur
2806 4621 2895 4675 ei?
2924 4619 3189 4686 Quoniam
3224 4637 3294 4675 ex

55 4717 220 4785 Israel,
259 4720 335 4774 ad
371 4719 628 4786 reliquias
668 4719 798 4772 istas
853 4733 973 4786 quae
1029 4717 1211 4771 electae
1250 4726 1397 4781 sunt,
1449 4716 1619 4786 perti-

55 4823 166 4865 nent
191 4830 205 4865 :
231 4813 279 4867 si
318 4813 388 4866 de
417 4811 687 4881 gentibus,
720 4812 785 4864 ad
822 4810 1206 4880 plenitudinem
1250 4815 1514 4877 spectant.
1557 4807 1614 4862 Si

612 4945 658 4976 ⁷⁷
687 4943 844 4997 Joan.
877 4959 964 5004 xv,
998 4943 1080 4995 I5.
1175 4941 1219 4972 ⁷⁸
1251 4941 1404 4994 Rom.
1429 4943 1571 5003 xr,5.

143 4950 186 4978 ⁷⁸
217 4949 326 5001 Isa.
355 4960 431 5007 tv,
460 4945 513 4998 4.

57 5031 98 5081 v,
122 5017 209 5072 22.

115 5134 185 5202 (9)
227 5131 399 5194 Editi,
436 5149 454 5181 ι
506 5131 719 5193 liberet,
744 5139 798 5183 et
836 5138 1047 5183 avertat
1087 5128 1390 5196 impietates
1423 5127 1490 5182 ab
1522 5125 1614 5180 Ja-

57 5204 162 5256 cob.
191 5201 404 5254 Avertit
430 5210 628 5260 autem,
668 5218 685 5251 ι
720 5209 825 5254 etc.

118 5271 224 5341 (I0)
255 5271 352 5324 Sic
379 5269 706 5341 ms.Regius
727 5284 877 5341 num.
909 5265 1066 5322 I659.
1084 5266 1275 5341 Cameri
1301 5281 1429 5322 vero
1457 5281 1612 5331 mss.,

60 5337 306 5394 Rabanus
341 5349 396 5393 et
429 5339 582 5400 editi,
607 5355 625 5390 ι
664 5337 1266 5406 delevit....mundavit.
1306 5355 1325 5389 ο

117 5409 228 5479 (11)
268 5408 442 5473 Editi,
475 5425 495 5460 ι
530 5417 586 5461 et
611 5409 802 5476 spiritu
833 5408 1072 5462 ultionis.
1102 5425 1121 5458 ι

113 5481 216 5550 (I2)
249 5480 421 5544 Editi,
465 5498 482 5530 ι
521 5481 850 5550 pertingere,
888 5499 906 5529 ›
937 5489 993 5534 et
1031 5481 1102 5535 ita
1136 5480 1423 5550 legendum
1464 5481 1615 5536 vide-

56 5555 154 5612 tur;
181 5549 445 5604 Rabanus
487 5564 618 5604 vero
665 5549 722 5604 et
755 5564 885 5604 mss.
925 5551 1097 5605 nostri
1143 5549 1362 5618 omnes,
1401 5569 1419 5601 ι
1451 5553 1618 5622 perti-

58 5631 187 5672 IICI‘C.
224 5639 243 5670 Ι

116 5691 219 5754 (15)
260 5688 565 5743 Plenitudo.
603 5689 766 5744 Deest
792 5690 845 5744 in
876 5701 1032 5745 antea
1065 5691 1243 5746 editis.

113 5758 218 5831 (1.1)
266 5779 286 5810 ‹
347 5758 463 5814 Hoc
515 5779 535 5811 ›
584 5759 738 5815 deest
777 5761 829 5814 in
879 5761 1074 5831 editis,
1117 5772 1171 5820 et
1209 5761 1513 5822 restituitur
1548 5780 1616 5821 ex

55 5825 245 5884 duobus
285 5844 419 5882 mss.

113 5899 216 5972 (15)
251 5898 422 5970 Editi,
455 5919 476 5956 ι
507 5898 565 5958 Si
599 5915 748 5973 ergo.
784 5919 802 5954 ι

291 4964 326 4997 ι.
355 4960 431 5007 tv,
460 4945 513 4998 4.
612 4945 658 4976 ⁷⁷
687 4943 844 4997 Joan.
877 4959 964 5004 xv,
998 4943 1080 4995 I5.
1175 4941 1219 4972 ⁷⁸
1251 4941 1404 4994 Rom.
1429 4943 1571 5003 xr,5.

291 5016 345 5047 ⁸³
385 5015 579 5084 Pbilip.
624 5030 684 5080 ιι,
714 5016 766 5070 7.
839 5014 927 5066 ⁸⁵1
970 5012 1108 5066 Tim.
1138 5027 1208 5077 II,
1233 5012 1289 5065 4.
1364 5012 1409 5042 ⁸⁵
1442 5011 1615 5066 Ton.)

1766 4958 1843 4996 sa.
1881 4959 1917 4998 I.
1942 4940 1995 4993 9.

1769 5050 1784 5064 .
1859 5011 1904 5042 ⁸⁵
1934 5012 1995 5063 [It

1729 4715 1866 4782 ipso,
1901 4721 1957 4764 et
1989 4726 2085 4779 per
2110 4710 2307 4779 ipsum,
2340 4718 2394 4766 et
2425 4709 2478 4764 in
2511 4709 2626 4778 ipso
2652 4720 2776 4764 sunt
2806 4711 2985 4763 omnia
3015 4729 3027 4763 :
3054 4711 3148 4778 ipsi
3174 4711 3292 4781 glo-

1729 4808 1804 4859 ria
1827 4805 1879 4857 in
1913 4803 2106 4858 saecula
2134 4803 2476 4858 saeculorum.
2499 4802 2671 4857 Amen
2689 4803 2734 4833 ³⁸
2757 4802 2922 4872 (19).»
2949 4801 3147 4856 Eadem
3171 4818 3294 4870 per—

2107 4940 2154 4971 "
2173 4938 2332 4993 .Ioan.
2366 4954 2456 5001 xv,
2479 4937 2532 4990 5.
2644 4936 2688 4968 ‘“
2719 4937 2818 4990 Isa.
2856 4952 2901 4999 ι,
2930 4936 3018 4992 9.5.
3058 4938 3102 4969 "
3130 4933 3289 4992 Joan.

1859 5011 1904 5042 ⁸⁵
1934 5012 2088 5063 Rom.
2125 5025 2200 5072 XI,
2229 5009 2298 5062 28
2330 5025 2444 5076 seq.

1793 5126 1902 5197 (I6)
1939 5126 2102 5186 Editi,
2133 5143 2151 5174 ι
2187 5123 2299 5176 sive
2333 5131 2386 5197 et
2413 5118 2754 5197 exngentibus
2778 5117 3029 5197 veniali};
3051 5117 3293 5184 praesens

1723 5185 1808 5251 tis‘
1831 5185 2110 5264 temporis,
2160 5211 2177 5244 ι
2211 5202 2322 5245 etc.
2343 5189 2439 5244 Ms.
2473 5190 2673 5259 Regius
2708 5203 2858 5241 num.
2897 5185 3054 5252 I659,
3091 5206 3108 5236 ι
3147 5201 3291 5255 pra?

1721 5268 1858 5323 Senti
1897 5277 2160 5334 tempore.
2200 5282 2223 5334 ε

1794 5337 1906 5400 (17)
1944 5322 2023 5388 Ita.
2052 5348 2151 5386 ms.
2199 5330 2398 5398 Regius
2448 5345 2594 5400 num.
2631 5326 2762 5400 I659
2779 5335 2835 5400 _et
2861 5325 3134 5400 Rabanus.
3171 5322 3287 5400 fite:

1722 5394 1821 5460 teri
1847 5394 1974 5458 vero
2009 5419 2134 5455 mss.
2167 5394 2390 5474 et__etliti
2417 5438 2431 5462 ,
2471 5417 2504 5474 «_
2527 5399 2592 5451 Et
2641 5397 2934 5474 purificabo
2987 5405 3038 5474 te
3075 5394 3182 5463 igni
3221 5397 3285 5474 ad

1721 5475 2201 5546 purificationem._
2232 5469 2446 5546 Verum
2492 5469 2605 5546 haec
2659 5468 2772 5534 ipsa
2803 5465 3091 5546 purgatio.
3115 5502 3127 5515 .
3147 5465 3288 5546 de

1722 5533 2092 5612 peccatoribus
2118 5541 2316 5612 erigat,
2345 5557 2363 5590 ι
2401 5545 2505 5590 etc.
2538 5536 2662 5612 Haec
2686 5533 2848 5589 caute
2872 5533 3114 5612 legenda.
3151 5533 3286 5589 Vide

1725 5606 2090 5681 Drigenianor.
2128 5609 2220 5681 lib.
2256 5625 2316 5681 Il,
2348 5607 2652 5681 (ψέξει-11,
2698 5622 2848 5659 num.
2879 5606 2967 5658 I6.

1793 5677 1904 5752 (I8)
1947 5680 2107 5752 ﬁditi,
2144 5697 2162 5728 ι
2194 5679 2393 5752 habere
2418 5677 2625 5752 volu_it._
2647 5696 2664 5728 ι

1805 5745 1916 5821 (19)
1947 5749 2072 5804 Ηωο
2109 5750 2293 5821 verba,
2347 5766 2372 5821 _t
2394 5745 2657 5821 c0nclusit
2698 5746 2846 5821 enim
2897 5746 3057 5808 Deus,
3081 5759 3118 5821 )_
3151 5749 3282 5821 etc.,

1735 5813 1908 5890 usque
1937 5821 2023 5881 ad,
2067 5819 2159 5871 «in
2200 5817 2393 5890 saacuIa
2437 5817 2778 5890 sareulorutit,
2823 5817 3015 5876 Amen,
3040 5833 3058 5867 ι
3089 5813 3286 5870 desunt

1732 5896 1787 5949 in
1814 5886 1993 5961 editis,
2024 5901 2078 5948 et
2104 5888 2463 5947 restituuntur
2485 5901 2552 5944 ex
2578 5886 2829 5944 omnibus
2859 5899 2991 5940 mss.
