3812 6532
473 427 610 485 “99

1904 425 2224 483 ORIGEMS

3579 431 3702 485 ηοο

471 555 703 610 sequens
743 537 917 591 ad'iuc
954 538 1021 592 de
1063 534 1227 591 Israel
1256 545 1312 591 et
1356 536 1607 603 gentibus
1644 536 1958 606 Apostolus,
1984 546 2036 591 et
2067 544 2107 599 Α
2140 538 2497 608 diSpeusatio,
2525 538 2688 593 ctiam
2742 539 2841 608 ipsi
2891 538 3325 595 misericordiam
3378 554 3700 610 consequen-

474 634 641 688 ramis
688 629 905 685 oleastri
942 629 1030 698 qui
1065 628 1395 683 insultabant
1429 630 1595 684 ramis
1649 629 1803 684 olivae
1855 629 2032 683 defra-

472 726 577 780 ctis
615 724 727 793 (20)
765 725 1036 791 imputans
1084 722 1246 775 etiam
1298 723 1413 776 haec
1455 722 1605 775 addit
1643 737 1658 774 :
1693 721 1828 789 Quia
1867 722 2034 777 Israel

471 816 770 871 secundum
811 815 1158 883 Evangelium
1196 813 1412 882 quidem
1458 813 1711 867 inimicus
1750 812 1927 868 factus
1951 824 2036 870 est

473 908 617 974 Deo,
665 908 788 980 quia
837 922 941 962 non
990 906 1220 962 credidit
1251 904 1799 974 Cltristo:quantum
1853 915 2034 960 autem

2143 638 2247 682 tur.
2276 629 2327 682 In
2357 645 2462 698 quo
2491 628 2671 683 volens
2689 630 2974 698 Apostolus
3006 630 3301 686 bonitatem
3322 632 3426 685 Dei
3459 636 3701 687 ostende-
3770 628 3771 693 ἕ

2142 736 2218 784 rc,
2233 736 2335 790 qua
2355 720 2727 776 incredulitate
2751 722 3005 790 aliorum,
3032 723 3263 778 aliorum
3291 724 3533 778 salutem
3548 724 3699 782 facit:

2145 813 2482 880 «Conclusit,
2526 813 2717 880 inquit,
2768 813 2909 869 Deus
2950 829 3142 869 omnes
3165 813 3279 885 (26)
3308 813 3365 867 in
3414 813 3704 868 increduli.

2139 917 2270 974 tate,
2300 917 2360 962 ut
2386 907 2639 962 omnibus
2664 908 3021 972 misereatur;
3055 924 3074 959 ι
3106 920 3211 960 non
3240 920 3351 975 quo
3383 908 3513 976 ipse
3535 907 3613 961 eis
3641 911 3705 960 in-

474 1010 683 1071 spectat
721 1000 788 1053 ad
828 999 1300 1053 honorificentiam
1339 1005 1577 1065 patrum,
1609 995 1816 1050 electus
1845 1006 1947 1058 est,
1983 1005 2040 1051 et
2133 999 2326 1069 jecerit
2374 1000 2766 1056 incredulitatis
2805 998 3165 1068 propositum,
3201 1000 3301 1052 sed
3348 1013 3425 1052 ex
3473 997 3699 1067 ipsorum
3772 1000 3773 1033 ξ

472 1092 825 1147 cltarissimus
857 1091 1084 1145 habetur
1114 1089 1253 1159 apud
1297 1089 1487 1143 Deum.
1515 1086 1695 1142 Semel
1724 1099 1907 1142 autem
1940 1090 2037 1143 do-

473 1194 597 1238 nata
632 1183 898 1237 electione
933 1180 1128 1236 semini
1174 1189 1417 1249 patrum,
1466 1188 1520 1233 et
1567 1178 1859 1234 dilectione
1905 1193 2037 1233 con—

472 1291 647 1339 cessa,
682 1282 861 1329 servat
901 1272 1019 1327 sine
1067 1272 1233 1326 dubio
1266 1271 1404 1325 Deus
1448 1270 1588 1325 dona
1614 1279 1669 1324 et
1697 1269 2035 1325 vocationem

470 1382 622 1421 suam
665 1381 789 1435 erga
827 1379 1011 1419 semen
1053 1379 1240 1418 eorum
1288 1378 1515 1431 quorum
1564 1362 1771 1416 meritis
1828 1362 1881 1416 id
1935 1360 2036 1415 ali-

470 1458 687 1526 quando
714 1457 939 1525 largitus
954 1463 1037 1509 est
1061 1474 1073 1507 :
1102 1468 1200 1507 nec
1222 1451 1747 1521 ptenitudoiucurrit
1770 1452 1823 1505 in
1846 1450 2033 1513 Deum,

469 1547 679 1602 etiamsi
706 1546 883 1600 minus
910 1545 1055 1615 digni
1082 1544 1368 1598 videantur
1393 1543 1655 1598 exsistere
1674 1542 1726 1595 bi
1750 1556 1879 1611 erga
1903 1554 2037 1610 quos

472 1641 734 1711 promiSsa
775 1638 1023 1707 patribus
1070 1635 1331 1690 beneﬁt-ia
1399 1635 1768 1690 conferuntur.
1811 1633 2033 1701 Verum,

472 1743 529 1787 ut
563 1746 706 1801 saepe
733 1730 1189 1791 comtnouuimus,
1219 1730 1381 1782 etiam
1433 1728 1483 1781 iu
1516 1726 1768 1795 praesenti
1799 1727 1917 1781 loco
1946 1725 2035 1779 illa

469 1833 552 1877 cst
578 1821 914 1876 observanda
962 1819 1266 1882 distinctio,
1304 1818 1446 1887 quod
1478 1815 1643 1871 lsrael
1686 1816 1904 1886 quidem
1945 1816 2033 1885 qui

472 1915 727 1967 inimicus
759 1921 843 1965 est
874 1909 1004 1977 Deo,
1048 1910 1138 1964 ille
1183 1910 1398 1964 dicatur
1429 1911 1518 1978 qui
1554 1908 1754 1963 clamat
1777 1909 1843 1962 de
1876 1907 2034 1963 Cbri-

469 2014 557 2059 sto
584 2021 597 2057 :
624 2020 642 2054 ι
665 2000 838 2067 Tolle,
868 2001 1012 2065 tolle,
1037 2000 1294 2068 crucilige
1320 2014 1442 2052 eum
1459 1998 1526 2053 ⁸⁷.
1548 2017 1567 2051 ι
1595 1998 1869 2065 Quomodo
1890 1998 2035 2052 enim

471 2112 577 2149 nun
625 2095 881 2150 dicantur
932 2092 1133 2146 inimici
1188 2092 1279 2145 Dei
1334 2090 1467 2160 (21),
1501 2092 1593 2162 qui
1639 2093 1722 2146 vel
1777 2102 1924 2155 tunc,
1954 2089 2037 2145 vel

471 2186 632 2239 etiam
670 2199 812 2239 nunc
843 2183 1086 2238 dixerint
1121 2183 1239 2245 ista,
1277 2182 1361 2236 vel
1399 2182 1614 2236 dicant?
1641 2183 1746 2236 Sed
1780 2180 1923 2250 quod
1950 2181 2037 2234 di-

471 2277 567 2343 cit,
596 2295 615 2329 ι
635 2290 851 2347 propter
885 2291 1003 2339 vos,
1027 2294 1045 2325 ι
1088 2276 1187 2330 boc
1216 2286 1299 2329 est
1329 2274 1465 2343 (22),
1489 2290 1718 2343 quorum
1743 2275 1901 2329 saluti
1927 2274 2039 2329 sci-

470 2369 598 2423 licet
617 2367 877 2432 invident,
912 2367 1265 2436 prohibentes
1294 2366 1569 2436 apostolos
1586 2365 1840 2435 gentibus
1868 2366 2034 2436 loqui,

471 2473 527 2517 et
554 2470 941 2530 persequentes
969 2474 1063 2513 eos
1098 2459 1194 2526 qui
1243 2458 1570 2512 annuutiant
1603 2458 1900 2513 Chrismm.
1934 2460 2036 2514 Se-

472 2556 704 2608 cundum
745 2552 998 2621 reliquias
1031 2566 1158 2605 vero
1211 2568 1330 2621 qua:
1364 2552 1631 2606 salvandze
1681 2551 1955 2618 dicuntur,
1983 2551 2036 2605 in

473 2644 670 2716 quibus
687 2643 879 2697 electio
896 2642 1230 2696 credentium
1254 2651 1438 2697 secuta
1458 2653 1623 2696 estex
1651 2642 1835 2708 Israel,
1865 2659 1885 2693 ι
1910 2642 2036 2697 cha-

473 2737 675 2791 rissimi
696 2755 715 2788 ι
747 2745 874 2790 sunt
911 2754 929 2786 ι
952 2746 1170 2806 propter
1218 2745 1438 2804 patres:
1466 2751 1484 2783 ι
1537 2746 1771 2801 quorum
1830 2732 2037 2787 scilicet

475 2830 634 2883 tidem
676 2838 986 2898 sequentes,
1022 2827 1249 2881 credunt
1296 2844 1314 2874 ι
1342 2826 1392 2877 in
1420 2840 1541 2877 eum
1605 2826 1695 2893 qui
1754 2825 2039 2878 suscitavit

471 2920 747 2975 Christum
779 2920 891 2989 (23)
944 2918 1127 2973 Jcsum
1170 2935 1199 2971 a
1242 2918 1547 2973 mortuis“.
1578 2936 1597 2969 ι
1632 2918 1694 2971 Et
1737 2918 2036 2972 secundum

474 3016 576 3067 hoc
608 3029 736 3084 erga
784 3011 1089 3078 bujusmodi
1142 3025 1324 3064 semen
1363 3010 1518 3064 (sine
1548 3009 1863 3079 pomitentia
1909 3020 2036 3065 Sunt

474 3106 610 3158 dona
639 3114 693 3158 et
716 3103 925 3156 vocatio
954 3102 1067 3155 Dei.
1094 3119 1112 3151 ο
1148 3101 1276 3154 Post
1312 3104 1426 3155 lucc
1457 3117 1584 3156 vero
1613 3103 1777 3156 etiam
1812 3102 1925 3172 (24)
1957 3102 2037 3155 la-

475 3205 650 3249 tentes
687 3204 742 3249 et
787 3194 1173 3264 profundiores
1208 3192 1606 3248 incredulitatis
1640 3209 1825 3247 eorum
1859 3195 2035 3263 aperit

473 3303 690 3351 causas,
722 3296 776 3339 et
810 3287 967 3340 dicit:
1011 3286 1145 3353 Quia
1179 3287 1319 3341 sicut
1371 3302 1463 3339 vos
1513 3297 1707 3354 gentes
1761 3287 2031 3355 quondam

472 3395 582 3433 non
618 3377 924 3432 credebatis
947 3377 1075 3443 Deo,
1116 3391 1217 3430 nec
1265 3386 1444 3431 tamen
1479 3377 1679 3431 idcirco
1703 3377 1917 3447 penitus
1946 3392 2031 3431 re-

475 3471 630 3540 liquit
660 3484 755 3523 vos
788 3469 953 3532 Deus,
983 3468 1076 3521 sed
1114 3468 1406 3537 aliquando
1434 3468 1500 3522 ad
1537 3468 1787 3522 ultimum
1816 3468 2033 3523 miseri-

474 3563 714 3618 cordiam
740 3561 1013 3615 consecuti
1041 3561 1172 3615 estis
1199 3576 1213 3611 :
1240 3561 1456 3615 occasio
1486 3569 1662 3614 tamen
1690 3559 2034 3615 conferendae

476 3658 527 3711 in
556 3671 652 3710 vos
691 3654 1096 3718 misericordiae,
1128 3652 1312 3722 populi
1357 3653 1519 3707 Israel
1558 3652 1910 3708 incredulitas
1938 3668 2033 3708 ex-

479 3749 616 3802 stitit
642 3762 657 3799 :
682 3747 754 3801 ita
795 3747 956 3799 etiam
992 3746 1043 3798 lll
1096 3745 1185 3815 qui
1218 3759 1359 3799 nunc
1390 3746 1454 3799 de
1493 3745 1692 3815 populo
1728 3747 1891 3801 Israel
1922 3763 2031 3801 non

479 3839 837 3901 crediderunt,
871 3847 925 3891 et
947 3853 1044 3906 pro
1071 3836 1449 3891 incredulitate
1478 3852 1573 3891 sua
1600 3837 1845 3893 derelicti
1880 3849 2031 3904 sunt,

479 3945 534 3986 ut
577 3933 643 3986 ad
683 3948 778 3986 vos
833 3932 923 3985 Dei
978 3932 1352 3985 misericordia
1399 3930 1705 3985 ﬂecteretur
1741 3932 1876 4004 (25),
1922 3949 2032 3987 non

479 4039 859 4094 usquequaque
883 4023 1250 4093 relinquentur
1275 4024 1329 4077 in
1365 4023 1739 4078 incredulitate
1775 4041 1908 4089 sua;
1939 4026 2035 4079 sed

480 4127 825 4186 posteaquam
894 4115 1245 4186 plenitudinis
1303 4118 1539 4186 gentium
1602 4114 1766 4170 fuerit
1817 4116 2035 4186 impleta

581 4257 623 4290 ⁸⁷
650 4256 806 4310 Joan.
848 4270 959 4320 xix,
997 4254 1082 4308 15.

548 4370 661 4439 (20)
687 4370 905 4439 Εόίιίμ
932 4378 987 4420 et
1024 4366 1585 4439 ramisgejusoleastri
1614 4366 1711 4439 qui
1741 4366 2036 4422 insultabat

478 4437 594 4510 (aL,
628 4437 1052 4510 riusultabuntr)
1086 4437 1251 4490 ramis
1285 4438 1442 4491 oliva:
1470 4437 1675 4491 fractis.
1699 4455 1719 4488 ι

545 4509 656 4580 (2t)
693 4508 854 4580 sunt,
889 4527 907 4557 ι
1084 4526 1103 4559 ι

2139 1091 2533 1147 incredulitatis
2571 1100 2848 1161 prOpoSIto
2886 1091 3146 1147 credendi
3186 1092 3405 1144 aditum
3463 1090 3588 1144 aliis
3629 1105 3704 1156 qni

2137 1194 2189 1239 et
2221 1183 2321 1254 ipsi
2348 1182 2458 1255 (27)
2489 1183 2642 1252 prius
2665 1182 2932 1238 increduli
2957 1181 3194 1247 fuerant,
3228 1180 3521 1251 patefecit.
3548 1180 3604 1235 ln
3637 1180 3705 1232 bis

2138 1284 2316 1328 autem
2347 1274 2555 1344 positus
2578 1273 2711 1328 locis
2733 1272 2953 1336 Paulus,
2983 1282 3039 1328 et
3066 1273 3234 1329 altius
3271 1273 3500 1327 intuens
3530 1273 3703 1341 bojus-
3774 1272 3775 1309 ἒ

2139 1366 2281 1421 modi
2311 1376 2526 1431 causas,
2553 1366 2822 1435 quomodo
2845 1365 2985 1419 Deus
3010 1366 3208 1420 malum
3237 1365 3586 1435 propositum
3611 1380 3702 1419 non

2138 1457 2393 1511 continuo
2439 1465 2646 1511 resecet
2696 1466 2750 1511 et
2779 1456 3019 1533 excidat,
3046 1458 3141 1512 sed
3173 1459 3427 1527 patiatur
3456 1466 3517 1511 et
3554 1471 3705 1511 rescr-
3776 1456 3777 1531 i

2136 1557 2226 1602 vet
2247 1549 2361 1618 (28)
2388 1567 2401 1604 :
2431 1549 2770 1619 prospiciens
2813 1550 2940 1619 quia
2984 1550 3188 1620 aliquid
3227 1551 3361 1607 boni
3392 1552 3452 1605 in
3488 1551 3613 1607 aliis
3628 1550 3702 1605 fu-
3776 1554 3777 1565 ‘

2140 1648 2317 1691 turum
2352 1638 2423 1691 sit
2466 1653 2561 1707 per
2597 1637 2820 1694 alterius
2858 1640 3192 1707 propositum
3226 1640 3434 1694 malum
3465 1659 3484 1696 :
3512 1644 3582 1696 ab
3610 1643 3705 1703 bis.

2138 1729 2354 1796 Oplltm‘,
2378 1729 2445 1781 de
2477 1727 2673 1797 quibus
2722 1730 3064 1800 loquebatur,
3098 1730 3284 1785 retulit
3306 1731 3508 1785 oculos
3538 1733 3705 1785 cordis

2139 1819 2221 1873 sui
2258 1821 2324 1873 ad
2358 1819 2529 1889 ipsam
2567 1819 3085 1891 malititeoriginem,
3121 1824 3263 1892 quod
3293 1838 3421 1877 eam
3462 1823 3605 1878 Deus
3643 1840 3704 1878 ex
3778 1819 3779 1841 ‘

2139 1908 2297 1964 initio
2331 1908 2447 1979 (29)
2483 1911 2533 1963 in
2574 1909 2660 1965 bis
2688 1910 2891 1980 quibus
2934 1911 3129 1967 oborta
3159 1921 3263 1976 est,
3285 1914 3612 1983 quicunque
3636 1915 3701 1967 illi

2138 2011 2286 2065 sunt,
2320 2000 2693 2071 pullulautem,
2728 2011 2785 2055 et
2814 2002 3031 2057 arbitrii
3081 2005 3336 2060 libertate
3370 2017 3707 2060 crescentem

2138 2093 2268 2147 utile
2312 2108 2417 2148 non
2459 2093 2791 2164 judicaverit
2826 2110 3114 2163 resecare;
3141 2097 3237 2152 sed
3269 2098 3599 2166 permiserit
3623 2113 3710 2153 eos

2139 2186 2213 2238 uti
2239 2186 2514 2253 proposito
2542 2201 2661 2252 suo,
2688 2185 2867 2241 sciens
2886 2195 2941 2240 et
2972 2188 3313 2257 prospiciens
3334 2189 3488 2257 quod
3516 2188 3705 2243 multo-

2140 2291 2259 2330 rum
2287 2275 2401 2347 (50)
2441 2275 2718 2346 profectus
2761 2286 2815 2331 et
2858 2278 3071 2332 utilitas
3117 2294 3187 2333 ex
3225 2279 3462 2333 malitia:
3506 2279 3708 2333 illorum

2136 2368 2423 2422 occasione
2450 2376 2762 2438 consurget,
2794 2378 2847 2424 et
2889 2369 3155 2424 intantum
3193 2374 3337 2442 apud
3362 2374 3577 2427 bonum
3602 2372 3710 2442 (3|)

2139 2460 2310 2513 Deum
2345 2459 2531 2512 virtuti
2565 2458 2715 2515 locus
2746 2472 2851 2528 est,
2878 2472 2937 2514 ut
2974 2473 3031 2517 et
3066 2462 3287 2518 malitiae
3332 2479 3481 2534 opus
3514 2481 3706 2533 quant-

2138 2548 2219 2601 vis
2249 2548 2321 2601 illi
2354 2548 2658 2616 perniciosa
2704 2550 2774 2603 sit
2825 2551 2893 2605 de
2925 2565 3034 2619 quo
3080 2553 3349 2621 procedit,
3381 2554 3708 2610 beneﬁcium

2140 2653 2315 2697 tamen
2346 2652 2605 2712 prmstare
2645 2644 2995 2712 dispensetur
3020 2646 3107 2699 cui
3138 2659 3345 2713 agones
3371 2660 3705 2713 wmmovet,

2137 2751 2257 2788 cum
2308 2734 2473 2789 fuerit
2523 2745 2797 2804 superata.
2854 2735 3221 2792 Considerans
3274 2738 3449 2807 igitur
3490 2749 3714 2796 sancta

2137 2828 2428 2897 Apostolus
2462 2837 2641 2882 tantas
2672 2842 2794 2883 esse
2823 2828 3080 2884 bonitatis
3111 2830 3204 2886 Dei
3232 2830 3348 2900 (32)
3383 2831 3631 2896 divitias,
3663 2842 3715 2887 et

2139 2928 2349 2974 tantum
2391 2920 2591 2974 divina:
2651 2921 2932 2984 sapientiae
2981 2934 3117 2991 Opus
3166 2936 3295 2991 erga
3351 2924 3713 2979 rationabiles

2139 3016 2220 3086 agi
2258 3025 2501 3076 naturas,
2542 3024 2597 3067 et
2627 3014 2751 3082 quia
2779 3022 2988 3066 tantum
3027 3028 3046 3061 ι
3073 3011 3217 3065 Deus
3238 3011 3393 3066 dives
3416 3016 3589 3068 estin
3619 3015 3714 3067 mi-

2139 3108 2524 3175 sericordia”,
2557 3127 2576 3159 ι
2620 3117 2675 3161 et
2706 3106 2902 3160 «dives
2952 3104 3006 3159 in
3057 3119 3250 3159 omnes
3297 3106 3394 3173 qui
3457 3108 3712 3161 invocznt

2060 3220 2104 3277 ο
2136 3216 2257 3255 eum
2280 3201 2380 3265 ⁸⁸,ι
2415 3209 2469 3254 et
2498 3209 2643 3252 tanta
2675 3208 2758 3252 est
2789 3196 3050 3254 bonitatis
3086 3195 3223 3264 ejus,
3248 3206 3303 3250 et
3330 3197 3635 3265 patientiae,
3664 3209 3715 3250 et

2138 3292 2563 3364 Iongauimitatis
2591 3289 2756 3361 65.2
2791 3289 3130 3359 magnitudo,
3177 3299 3406 3359 tepente
3447 3289 3715 3344 interiori-

2138 3384 2241 3440 bus
2261 3399 2353 3438 eas
2379 3383 2558 3437 cordis
2586 3382 2758 3436 oculis
2787 3382 3154 3452 (53)intuens,
3174 3380 3715 3449 immensitatequ

2140 3492 2327 3533 earum
2368 3473 2722 3544 perspiciens,
2767 3482 2992 3543 stupore
3043 3472 3204 3528 simul
3240 3481 3294 3526 et
3332 3487 3550 3542 pavore
3600 3487 3717 3540 per-

2141 3567 2324 3622 culsus
2369 3566 2639 3622 exclamat
2680 3576 2735 3621 et
2785 3566 2919 3620 dicit
2946 3587 2960 3620 :
2991 3583 3010 3618 ι
3040 3565 3084 3620 0
3123 3564 3352 3618 altitudo
3396 3565 3714 3618 divitiarum

2140 3660 2420 3730 sapientiae
2454 3668 2509 3713 et
2538 3658 2780 3712 scientia:
2812 3657 2934 3721 Dei,
2959 3671 3123 3726 quam
3170 3656 3560 3711 inscrutabilia
3592 3664 3715 3710 sunt

2136 3753 2339 3821 judicia
2365 3750 2503 3819 ejus,
2526 3760 2582 3805 et
2607 3748 3014 3819 investigabiles
3039 3749 3137 3802 viae
3199 3748 3352 3815 ejus!
3387 3766 3409 3799 ι
3445 3747 3609 3803 Unde
3632 3756 3714 3802 et-

2141 3845 2288 3899 enim
2320 3845 2568 3897 humanae
2592 3842 2791 3897 mentis
2823 3856 3015 3896 sensus
3038 3840 3141 3895 ista
3165 3849 3350 3909 posset
3390 3839 3635 3907 opinari.
3662 3849 3718 3892 ut

2143 3945 2352 3989 servata
2391 3935 2680 4003 unicuique
2718 3929 2948 3988 'arbitrii
2982 3931 3255 3994 libertate,
3293 3930 3528 3984 alterius
3560 3929 3715 3985 mali-

2145 4026 2232 4079 tia:
2275 4040 2412 4093 opus
2444 4036 2746 4080 verteretur
2789 4024 2947 4077 alteri
2975 4021 3042 4076 ad
3075 4022 3309 4076 salutem
3358 4021 3501 4092 (3t),
3526 4033 3584 4075 et
3611 4022 3717 4073 vin-

2141 4117 2286 4171 centi
2336 4132 2397 4172 se
2453 4118 2656 4172 malitia
2698 4115 2933 4187 palmam
2968 4118 3263 4182 conferret,
3286 4129 3412 4184 qua:
3436 4115 3621 4170 utenti
3658 4124 3717 4167 se

1167 4254 1211 4285 ⁸⁸
1239 4253 1394 4306 Rom.
1425 4269 1495 4315 tv,
1526 4252 1615 4305 24.
1690 4252 1735 4283 ⁸⁹
1767 4252 1960 4320 Ephes.
1998 4267 2060 4319 ιι,
2093 4253 2148 4307 ι.
2193 4254 2240 4285 ⁹⁰
2274 4252 2431 4310 Rom.
2459 4269 2515 4319 ιι,
2549 4253 2635 4307 12.

2144 4367 2394 4422 Rabauus
2426 4369 2625 4424 habent
2655 4387 2675 4421 ι
2695 4369 2820 4423 etsi.
2848 4386 2868 4421 ι

2215 4437 2325 4509 (28)
2352 4438 2509 4509 Editi,
2532 4439 2976 4509 itcompatitur‘et
3006 4446 3265 4509 reservat.
3291 4455 3311 4489 ι
3346 4434 3556 4509 Deinde

2144 4507 2411 4576 plerique,
2444 4507 2702 4578 Rabanus
2721 4518 2796 4578 iet
2838 4507 2992 4574 editi,
3014 4525 3049 4578 Av
3070 4508 3410 4578 prospiciens
3439 4508 3571 4574 quia
3602 4508 3707 4559 ali-

547 4542 663 4649 i?!)
691 4542 1277 4649 ﬁ?'£'£.l.'_ii§§timuur
1295 4591 1487 4649 extns.
1511 4575 1681 4646 Regio
1708 4591 1855 4649 num.
1872 4576 2030 4633 1659.
2069 4542 2113 4597 θ
2140 4542 3713 4649 Kiih'iiiiii‘iEj'JiiE"r:£tJ$§'iii_'£§e'}°§iié‘iiiis‘.§§p§i

480 4646 682 4703 Deinde
702 4649 853 4711 editi,
893 4667 909 4698 ι
938 4647 1239 4700 invidentes
1263 4646 1550 4715 prohibent
1580 4648 1901 4715 apostolos,»
1924 4658 2028 4702 etc.

550 4719 665 4789 (25)
697 4716 983 4771 Christum.
1016 4715 1300 4771 Omittitur
1340 4716 1392 4768 in
1440 4717 1621 4781 editis,
1652 4717 1747 4770 sed
1781 4716 2023 4772 restitui-

482 4797 570 4842 tur
596 4804 659 4842 ex
700 4790 951 4840 omnibus
989 4799 1118 4839 mss.

552 4860 664 4927 (24)
692 4856 892 4911 Etiam.
946 4855 1103 4909 Deest
1136 4855 1187 4907 iu
1235 4854 1418 4927 editis.
1446 4853 1674 4927 __Deinde
1702 4870 1804 4910 ms.
1832 4854 2034 4927 Regius

483 4922 627 4981 nutu.
647 4922 817 4989 ⁷1639,
856 4946 874 4977 ι
900 4927 1113 4978 latentis
1144 4934 1199 4978 et
1227 4922 1614 4992 profundioris,
1637 4942 1655 4975 ι
1685 4934 1791 4979 etc.

550 4998 663 5067 (25)
686 4999 777 5051 Sic
804 5013 904 5051 ms.
931 4995 1131 5065 Regius
1157 4991 1303 5048 num.
1335 4993 1492 5067 l_63)_9,
1521 4991 1780 5067 Rabanus
1800 5005 1855 5049 et
1877 4995 2031 5051 editi.

480 5064 673 5122 Caéteri
709 5082 835 5121 vero
873 5064 1037 5125 mss.,
1069 5084 1086 5115 ι
1112 5074 1170 5117 ιιι
1212 5079 1305 5117 vos
1351 5064 1445 5118 Dei
1497 5064 1871 5119 misericordia
1918 5082 2037 5120 am-

481 5138 826 5205 plecteretur.
849 5155 866 5187 ι
900 5135 1205 5205 Paulopost
1226 5131 1499 5195 Rabanus,
1532 5150 1550 5205 ι
1574 5134 1667 5187 sed
1689 5145 2033 5205 posteaquam

485 5204 756 5272 plenitudo
784 5207 1021 5276 gentium
1066 5204 1374 5258 intraverit.
1396 5221 1417 5255 ι
1446 5204 1552 5257 Sed
1603 5220 1790 5259 unmes
1820 5204 1953 5258 mss.
1983 5213 2037 5259 et

484 5276 610 5328 editi
635 5288 691 5328 ιιι
717 5277 768 5328 in
800 5284 967 5330 textu.

555 5344 665 5416 (26)
694 5346 782 5399 Sic
806 5355 950 5416 recte
983 5359 1083 5400 ms.
1123 5344 1323 5413 Regius
1346 5357 1499 5416 num.
1538 5339 1697 5416 1656.
1717 5341 1858 5416 Editi
1882 5356 2035 5416 vero,

491 5434 508 5463 ι
534 5412 658 5482 quia
688 5414 1119 5468 incredulitatem
1152 5412 1364 5468 illorum
1392 5412 1617 5482 salutem
1646 5414 1794 5476 facit,
1820 5412 1994 5482 in_qnit
2019 5431 2033 5467 :

482 5480 757 5539 conclusit
800 5484 941 5537 enim
974 5484 1113 5539 Dens
1139 5483 1347 5546 omnia,
1370 5500 1399 5551 ι
1424 5491 1531 5535 etc.
1560 5480 1688 5551 Mss.
1724 5483 1826 5536 duo
1857 5480 2036 5551 Regii.

492 5573 507 5603 ι
529 5555 667 5623 quia
685 5553 1112 5623 incredulitatem
1145 5552 1304 5608 Israel
1330 5550 1565 5623 aliorum
1601 5550 1825 5606 salutem
1848 5550 2034 5623 facit,»

482 5620 587 5677 etc.
644 5622 919 5688 Rabanus,
958 5624 1129 5692 «quia
1175 5638 1271 5692 per
1329 5620 1762 5676 incredulitatem
1809 5622 2039 5676 aliorum

482 5696 709 5749 salutem
736 5694 886 5758 facit,
906 5713 925 5745 ο
955 5703 1088 5759 etc.,
1119 5703 1178 5746 ut
1216 5692 1268 5745 in
1306 5698 1478 5744 textu.

551 5764 665 5835 (‘27)
701 5765 764 5823 Et
806 5764 927 5835 ipsi.
949 5761 1379 5835 Diuittunturin
1394 5760 1582 5835 editis,
1609 5760 1705 5835 sed
1738 5760 2040 5816 restituun-

484 5829 570 5889 tur
593 5829 660 5890 ett
689 5850 793 5892 tus.
827 5832 1002 5906 Regio
1048 5847 1196 5888 num.
1246 5830 1406 5889 l059.
1440 5829 1637 5888 Galeri
1670 5845 1796 5888 vero
1824 5846 1955 5888 mss.
1985 5839 2042 5888 et

2132 4644 2244 4719 tum
2276 4648 2423 4700 mali.
2455 4665 2474 4699 ι
2510 4646 2619 4701 Sed
2667 4648 2870 4704 rectius
2899 4662 3003 4703 ms.
3033 4644 3232 4719 Regius
3285 4644 3624 4700 nutu.1659
3657 4655 3714 4700 ιιι

2134 4726 2186 4770 in
2222 4728 2409 4771 neStro
2434 4726 2607 4771 textu.

2202 4786 2317 4856 (29)
2348 4785 2447 4856 Ms.
2482 4786 2684 4855 Regius
2711 4801 2864 4856 num.
2896 4785 3060 4856 1659,
3093 4804 3111 4837 ι
3133 4799 3298 4854 quam
3338 4783 3482 4837 Deus
3506 4797 3578 4837 ex
3608 4783 3713 4838 ini-

2133 4854 2231 4922 tio,
2242 4874 2263 4926 ρ
2284 4867 2390 4913 etc.
2409 4854 2605 4911 Caneri
2630 4871 2785 4924 mss.,
2810 4854 3065 4926 Rabanus
3094 4866 3149 4910 et
3170 4856 3328 4919 editi,
3362 4870 3384 4905 ι
3408 4856 3558 4922 quod
3587 4869 3711 4909 eam

2131 4941 2196 4981 ex
2239 4924 2411 4990 initio,
2440 4945 2458 4978 ι
2489 4936 2595 4981 etc.

2204 4994 2317 5067 (30)
2352 4995 2444 5050 Sic
2475 5010 2576 5049 ms.
2612 4996 2813 5067 Regius
2849 5010 2998 5067 num.
3037 4990 3173 5048 I639
3202 4991 3471 5067 et_editi.
3502 4990 3705 5067 Ceteri

2136 5060 2267 5134 mss.
2296 5060 2527 5127 habent,
2561 5082 2579 5114 ι
2601 5060 2761 5134 ειυῶιι
2808 5065 3120 5134 multorum.
3144 5082 3163 5115 ι
3198 5063 3484 5134 Rabanus,
3524 5078 3544 5111 ι
3565 5060 3699 5128 quia

2137 5133 2449 5188 multorum.
2473 5154 2492 5187 ι
2528 5132 2731 5188 Deinde
2771 5134 2904 5188 alter
2942 5149 3043 5189 ms.
3076 5132 3278 5202 Regius
3320 5133 3487 5185 liabet
3524 5147 3545 5181 ι
3570 5146 3710 5185 oon-

2135 5212 2319 5280 surgat
2342 5218 2497 5280 ιι)Γο
2531 5224 2550 5254 ι
2574 5214 2887 5280 consurget.
2916 5221 2936 5256 ι
2990 5274 3003 5280 _

2204 5269 2318 5340 (3H
2352 5269 2577 5327 Bonum.
2610 5269 2958 5328 Desid‘ératur
2990 5274 3043 5327 in
3067 5280 3241 5340 antea
3262 5269 3448 5340 editis.

2230 5342 2319 5412 52)
2350 5343 2513 5412 Εόὶιί.
2548 5361 2567 5393 ι
2590 5350 2756 5412 tantm
2794 5359 2914 5398 esse
2936 5344 3191 5412 bonitatis
3223 5339 3527 5412 Dei,_r_etc.

2232 5406 2321 5481 33)
2353 5411 2447 5467 Sic
2482 5425 2612 5466 mss.
2642 5410 2885 5482 plerique
2911 5410 3265 5482 etRabanus,
3300 5408 3406 5463 nisi
3438 5406 3588 5479 quod
3610 5406 3712 5482 ille

2137 5479 2354 5537 omittat
2386 5499 2405 5533 ι
2429 5479 2761 5550 magnitudo.
2792 5479 2813 5533 ἱ
2846 5481 2987 5536 Editi
3037 5496 3190 5549 vero,
3227 5499 3245 5532 ι
3273 5487 3439 5550 tanta;
3482 5486 3571 5532 est
3610 5479 3714 5532 bo-

2139 5552 2346 5614 nitatis,
2412 5562 2468 5606 et
2521 5548 2812 5619 patientiae,
2875 5559 2929 5605 et
2967 5548 3421 5619 lougauimitatis,
3478 5558 3711 5619 repente

2140 5620 2489 5693 interioribus
2523 5616 2662 5674 'eam
2717 5621 2902 5676 cordis
2960 5616 3338 5693 oculis,r_etc.
3370 5616 3474 5693 Ms.
3502 5616 3714 5688 Regina

2141 5706 2288 5744 num.
2316 5690 2474 5755 1639,
2510 5707 2530 5741 ι
2551 5700 2606 5743 et
2639 5700 2800 5746 tanta:
2828 5702 2954 5746 sunt
2981 5689 3183 5747 divitia:
3207 5689 3488 5751 bonitatis,
3511 5705 3531 5740 ι
3563 5698 3711 5752 etc...

2141 5761 2342 5816 emisso
2368 5777 2387 5810 ι
2417 5760 2750 5829 magnitudo.
2777 5780 2795 5812 ι

2213 5829 2329 5902 (54)
2359 5832 2451 5886 Sic
2477 5824 2623 5886 recte
2654 5847 2754 5886 tus.
2788 5829 2986 5904 Regius
3010 5845 3161 5887 num.
3191 5825 3351 5884 1659.
3377 5824 3575 5884 Cmteri
3611 5840 3713 5882 re-
