3796 6566
554 424 692 481 1905

552 544 621 598 ad
645 538 1047 596 observantiam
1082 534 1374 605 spiritalem
1417 533 1694 605 religionis
1733 548 1943 589 summa
2002 532 2115 601 (46)
2146 537 2192 593 Α

556 633 819 688 translata
855 633 948 696 sit,
972 640 1026 685 et
1050 630 1166 684 haec
1187 629 1263 683 ita
1286 627 1463 681 futura
1486 626 1819 698 propheticis
1847 625 2116 681 ostendis-

552 735 635 781 set
674 725 898 780 vocibus
947 722 1228 792 designata
1271 736 1284 772 :
1320 717 1429 789 jam
1470 732 1613 772 nunc
1657 717 1920 786 Spiritalis
1958 715 2117 784 hujus

551 815 929 879 observantiae,
954 815 1020 868 ad
1060 828 1219 882 quam
1248 811 1424 866 cultus
1459 808 1554 863 Dei
1589 810 1749 863 ritum
1790 807 1970 863 docuit
1994 821 2116 862 esse

554 909 897 970 translatum,
934 906 1242 975 aggreditur
1279 917 1458 957 mores
1494 911 1546 957 et
1579 900 1823 956 instituta
1851 897 1962 968 (47)
1988 913 2116 952 san-

550 1000 687 1064 cire,
713 1008 768 1052 et
798 997 873 1049 ait
906 1013 921 1049 :
951 994 1177 1049 Obsecro
1202 994 1379 1063 itaque
1401 1009 1508 1056 vos,
1539 991 1755 1061 fratres,
1791 1006 1883 1058 per
1905 988 2113 1042 miseri-

548 1092 783 1145 cordiam
825 1090 943 1154 Dei,
990 1101 1042 1144 ut
1074 1089 1361 1143 exhibeatis
1401 1086 1514 1159 (48)
1556 1103 1777 1156 corpora
1815 1096 1984 1140 uestra
2013 1086 2112 1139 ho-

548 1180 704 1233 stiam
736 1181 1011 1243 viventem,
1036 1189 1294 1243 sanctam,
1337 1176 1445 1231 Deo
1475 1176 2113 1245 placentem,rationabile

547 1272 851 1341 obsequium
882 1280 1128 1326 vestrum.
1186 1268 1254 1322 Et
1302 1271 1461 1324 nolite
1501 1269 1825 1339 conformari
1855 1268 1973 1322 huic
2007 1283 2110 1322 sat-

546 1358 664 1412 culo
694 1374 714 1412 :
745 1360 834 1413 sed
898 1359 1260 1428 reformamini
1320 1358 1650 1411 renovatione
1689 1372 1870 1411 sensus
1906 1357 2063 1412 uestri
2085 1370 2111 1412 :

544 1461 601 1503 ιιι
634 1448 862 1520 probetis
901 1468 1020 1521 (μιαν
1064 1453 1133 1504 sit
1162 1451 1397 1504 rot’untas
1443 1448 1560 1513 Dei,
1595 1449 1734 1519 quod
1781 1447 2008 1512 bonum,
2058 1457 2111 1503 et

545 1540 965 1605 beneplacitum,
1020 1552 1070 1592 et
1129 1539 1416 1607 perfectum
1475 1538 1514 1593 ί.
1561 1538 1862 1606 Quoniam,
1906 1540 2105 1608 inquit,

541 1628 879 1684 ostendimus
924 1644 954 1683 a
1000 1630 1286 1684 sxcriticiis
1339 1629 1652 1683 carnalibus
1708 1630 2104 1695 recedendum,

541 1722 838 1776 secundum
862 1721 1008 1790 quod
1041 1733 1095 1776 et
1116 1720 1384 1791 Propheta
1418 1722 1587 1778 dicit:
1622 1721 1839 1777 Hostias
1880 1734 1927 1776 et
1959 1723 2108 1778 obla-

545 1811 740 1866 tionem
769 1811 986 1866 noluisti
1007 1853 1023 1873 ,
1060 1830 1151 1867 nec
1180 1814 1378 1883 placita
1414 1824 1537 1868 sunt
1579 1815 1713 1869 tibi’
1740 1833 1755 1870 :
1786 1833 1947 1881 nunc,
1988 1819 2099 1881 ait,

542 1904 712 1958 doceo
750 1920 844 1959 vos
893 1905 1091 1974 quibus
1127 1880 1325 1962 hostiis
1367 1906 1667 1962 delectetur
1694 1906 1948 1965 Deus:et
1988 1912 2103 1967 haec
2133 1880 2176 1938 Β

541 1992 707 2047 doceo
746 2008 851 2047 non
877 1995 1033 2065 quasi
1073 1994 1369 2064 imperans,
1397 1996 1533 2051 nihil
1554 1997 1698 2052 enim
1723 1999 1935 2067 proﬁcit
1971 1999 2103 2070 legis

539 2082 846 2152 imperium,
870 2088 962 2139 sed
988 2086 1146 2155 quasi
1172 2087 1263 2156 qui
1297 2087 1530 2142 ofﬁcium
1555 2092 1885 2160 susceperim
1916 2108 2103 2147 recou-

538 2173 749 2229 ciliandi
788 2192 884 2231 vos
928 2176 1058 2241 Deo,
1102 2178 1311 2232 obsecro
1356 2196 1469 2244 vos,
1509 2179 1732 2248 fratres;
1778 2192 1831 2236 et
1877 2182 2102 2238 obsecro

537 2280 644 2319 non
670 2282 767 2334 per
793 2268 1115 2335 potentiam,
1141 2271 1233 2323 sed
1259 2287 1352 2339 per
1380 2271 1795 2325 misericordiam
1832 2273 1945 2328 Dei.
1965 2273 2098 2341 Quia

536 2355 704 2415 enim,
739 2357 879 2409 sicut
910 2370 1075 2426 supra
1112 2357 1320 2410 ostendi
1353 2357 1487 2427 (49),
1509 2372 1697 2412 omnes
1718 2358 1952 2413 conclusi
1977 2368 2101 2415 sunt

534 2447 632 2501 sub
670 2456 888 2511 peccato
939 2449 978 2512 ³,
1036 2464 1182 2503 nunc
1223 2448 1336 2516 jam
1377 2465 1479 2503 non
1513 2449 1566 2503 in
1601 2451 1844 2515 meritis,
1896 2452 1988 2507 sed
2042 2452 2094 2506 in

534 2539 902 2594 misericordia
926 2541 1016 2595 Dei
1042 2541 1190 2596 salus
1208 2542 1440 2595 humana
1465 2543 1731 2597 consistit.
1758 2542 1894 2611 Quid
1918 2554 2095 2598 autem

531 2640 615 2684 est
641 2633 782 2700 quod
808 2647 902 2687 vos
928 2632 1190 2687 obsecro?
1225 2630 1293 2686 Ut
1337 2633 1624 2689 exhibeatis
1662 2650 1881 2704 corpora
1927 2646 2096 2690 vestra

529 2719 756 2775 hostium
795 2725 1058 2785 viventem,
1099 2734 1360 2789 sanctam,
1399 2723 1511 2778 Deo
1549 2724 1839 2793 placentem
1866 2768 1882 2791 ,
1928 2737 1987 2781 ut
2027 2728 2097 2782 sit

534 2812 648 2884 (50)
681 2815 992 2868 rationabile
1025 2816 1327 2886 obsequium
1359 2826 1611 2871 vestrum.
1647 2818 1973 2889 Obsequium
2010 2820 2096 2875 hic

535 2906 738 2960 cultum
792 2907 881 2960 Dei
915 2906 1070 2961 dicit.
1129 2907 1229 2975 Qui
1270 2908 1447 2964 cultus
1494 2910 1747 2979 quoniam
1793 2912 1991 2967 dudum
2041 2915 2092 2968 in

530 2997 798 3064 pecudum
843 3008 1113 3054 mutorum
1167 3002 1485 3069 corporibus
1522 3002 1891 3068 consistebat,
1926 3020 2091 3072 nunc,

532 3086 744 3155 inquit,
772 3087 823 3140 in
847 3104 1077 3158 corpore
1105 3091 1445 3145 rationabilis
1466 3091 1704 3146 hominis
1728 3091 2009 3160 offeratur,
2038 3102 2094 3150 et

529 3190 760 3247 corpora
789 3180 958 3248 magis
994 3191 1172 3235 vestra
1208 3197 1369 3250 quam
1410 3185 1674 3252 pecudum
1718 3184 1849 3241 ﬁant
1879 3189 2091 3242 sacriﬁ-

527 3267 668 3320 cium
695 3267 826 3334 Deo,
856 3281 1021 3340 atque
1056 3275 1107 3326 in
1138 3275 1311 3329 sacris
1344 3274 1608 3331 altaribus
1629 3276 1979 3333 collocentur.
2019 3280 2084 3335 Ili

526 3361 667 3413 cnim
699 3362 788 3430 qui
817 3364 1055 3418 membra
1084 3379 1178 3418 sua
1218 3367 1551 3422 mortilicant
1577 3369 1645 3423 ab
1664 3370 1936 3426 incentivo
1964 3371 2086 3427 libi-

527 3447 668 3502 dinis
698 3458 753 3503 et
778 3448 1005 3517 furoris,
1046 3462 1099 3506 ct
1138 3462 1289 3507 actus
1326 3457 1573 3527 corporis
1602 3460 1687 3511 sui
1717 3446 1823 3513 Deo
1859 3460 2087 3529 placitos

526 3540 762 3602 habent,
812 3541 1041 3596 hostiam
1087 3544 1381 3612 viventem,
1426 3559 1704 3612 sanctam,
1756 3550 2083 3620 placentem,

527 3628 635 3685 Deo
660 3631 1051 3687 rationabiliter
1079 3633 1336 3700 oﬁ‘erunt,
1381 3646 1435 3692 et
1473 3638 1646 3711 legem
1688 3641 2082 3697 sacritlciorum

524 3736 643 3791 qua:
681 3723 733 3777 in
761 3722 1003 3780 Levitico
1033 3727 1141 3780 lata
1183 3737 1265 3783 est
1301 3729 1414 3802 (51)
1453 3732 1745 3786 secundum
1782 3733 2080 3803 spiritalem

522 3812 936 3885 intelligentiam
983 3819 1276 3889 complent.
1317 3822 1476 3878 Verbi
1519 3838 1706 3887 causa,
1754 3837 1813 3879 ut
1853 3825 1923 3879 ibi
1946 3824 2080 3881 oae-

522 3905 715 3959 rebant
752 3907 974 3963 vitulum
1017 3910 1192 3978 primo
1224 3912 1375 3978 loco,
1411 3914 1496 3968 vel
1552 3917 1790 3970 secundo
1826 3916 2076 3983 arietem,

520 4004 615 4049 aut
643 3998 800 4053 tertio
825 3999 1069 4065 hircum,
1118 4011 1213 4056 aut
1250 4012 1451 4071 quarto
1483 4012 1757 4069 turtures,
1791 4005 1875 4058 vel
1911 4006 2076 4061 etiam

520 4086 696 4154 pullos
722 4088 1119 4155 columbarum,
1157 4102 1216 4145 ut
1248 4094 1299 4147 in
1337 4094 1420 4149 his
1448 4094 1870 4164 uniuscujusque
1896 4096 2075 4152 anima

518 4178 899 4244 puriﬁcaretur
919 4195 1016 4249 pro
1038 4180 1300 4249 qualitate
1328 4191 1603 4252 gestorum
1637 4198 1653 4248 ;
1688 4183 1801 4238 hac
1845 4198 1983 4239 nunc
2021 4185 2074 4239 in

522 4281 621 4322 suo
655 4284 883 4338 corpore
963 4275 1335 4343 unusquisque
1376 4274 1708 4342 puriﬁcans,
1754 4282 1808 4329 et
1840 4276 2073 4344 spiritali

517 4368 680 4408 sensu
726 4357 1079 4424 discernens,
1144 4361 1450 4414 rationabili
1495 4363 1758 4431 obsequio
1804 4364 2073 4421 viventem

516 4445 755 4501 hostiam
791 4447 951 4504 oll'ert
983 4451 1096 4521 (52)
1133 4452 1261 4507 Deo.
1295 4452 1370 4507 De
1400 4453 1596 4522 quibus
1642 4454 1902 4524 singulis,
1949 4472 2072 4510 cum

1960 410 2280 471 OBlGENlS

3612 411 3706 468 12η

2221 531 2272 584 in
2304 529 2497 583 librum
2517 526 2741 582 Le’vitici
2767 526 2947 594 aliqua
2972 526 3276 580 diceremus
3295 524 3432 594 (53),
3450 539 3537 594 pro
3556 524 3711 583 viribus

2218 622 2513 692 explanare
2549 620 2877 675 tentavimus
2900 617 3174 686 quomodo
3213 617 3569 687 unusquisque
3589 619 3710 672 ratio-

2217 713 2383 768 nabili
2419 713 2678 780 obsequio
2705 711 2883 765 cultus
2920 709 3056 773 Dei,
3086 710 3132 766 si
3163 710 3472 778 superbiam
3505 708 3600 781 (51)
3630 726 3709 764 cor-

2216 803 2365 872 poris
2403 802 2487 857 sui
2522 803 2739 867 vincat,
2779 801 3021 855 immolet
3050 799 3312 866 vitulum;
3363 799 3409 854 si
3444 800 3710 856 iracundiam

2216 903 2466 963 superet,
2505 893 2730 945 arietem
2774 890 3015 962 jugulet;
3064 890 3107 944 si
3152 890 3429 945 libidinem
3474 892 3643 957 vincat,
3676 894 3698 947 il

2215 986 2582 1039 holocaustum
2628 982 2823 1038 oﬁ‘erat
2884 984 3126 1047 hircum;
3164 984 3208 1037 si
3255 998 3420 1053 vagos
3458 993 3508 1038 et
3531 983 3711 1041 lubricos

2214 1076 2597 1146 cogitationum
2629 1083 2843 1129 resecet
2882 1073 3111 1138 volatus,
3145 1075 3429 1129 columbas
3459 1085 3509 1129 et
3532 1084 3711 1130 turtures

2212 1166 2455 1221 immolet
2486 1166 2620 1236 (5‘5).
2645 1163 2751 1220 Sed
2777 1167 2913 1231 htec,
2939 1166 3142 1232 utdixi,
3164 1167 3207 1220 si
3234 1167 3355 1236 quis
3386 1166 3523 1221 scire
3548 1167 3712 1237 dignum

2213 1266 2387 1328 putat,
2439 1257 2512 1310 ibi
2557 1257 2714 1310 latius
2772 1258 3004 1311 disserta
3063 1256 3314 1327 reperiet.
3392 1257 3537 1312 Nunc
3580 1268 3711 1314 autem

2212 1348 2407 1403 Paulus
2455 1348 2704 1403 obsecrat
2746 1349 3031 1404 credentes
3067 1349 3131 1422 in.
3162 1347 3412 1412 Christo,
3454 1359 3509 1403 ut
3537 1364 3713 1419 corpora

2209 1456 2304 1495 sua
2345 1439 2633 1495 exhibeant
2661 1440 2885 1495 hostiam
2926 1441 3210 1503 viventem,
3251 1451 3518 1506 sanctam,
3554 1443 3715 1509 placetl-

2210 1543 2312 1586 tem
2344 1531 2471 1587 Deo.
2513 1531 2793 1588 Viventem
2833 1531 2965 1587 dicit
2986 1533 3240 1597 hostiam,
3272 1546 3394 1601 qua:
3421 1534 3576 1587 vitam
3598 1573 3612 1597 ,
3640 1534 3714 1588 hoc

2208 1633 2312 1687 est,
2348 1623 2628 1679 Christum
2664 1624 2716 1679 in
2748 1639 2807 1679 se
2854 1624 3014 1694 gerit,
3072 1634 3127 1679 et
3165 1626 3298 1679 dicit
3329 1642 3345 1679 :
3377 1624 3591 1679 .llortem
3623 1626 3715 1680 less

2206 1717 2263 1769 in
2294 1731 2511 1784 corpore
2537 1724 2714 1770 nostra
2747 1713 2859 1787 (56)
2892 1716 3337 1784 circumferimus,
3361 1728 3417 1770 ut
3442 1727 3487 1770 et
3508 1717 3600 1772 rita
3621 1716 3717 1771 less

2207 1805 2405 1861 Christi
2459 1808 2513 1861 in
2565 1823 2781 1873 corpore
2816 1819 2996 1862 nostro
3032 1810 3403 1875 manifestetur
3429 1810 3471 1865 ⁸.
3507 1810 3714 1865 Sanctam

2205 1897 2357 1959 dicit,
2395 1897 2446 1950 in
2493 1912 2600 1965 qua
2652 1908 2876 1952 sanctus
2916 1897 3153 1966 Spiritus
3189 1898 3434 1964 habitat,
3475 1901 3717 1954 secundum

2203 1988 2344 2055 quod
2381 1987 2435 2041 in
2476 1988 2581 2042 alio
2609 1987 2725 2043 loro
2751 1988 2885 2041 dixit
2919 1988 2991 2021 '°°
3022 2006 3037 2043 :
3066 1988 3148 2042 An
3194 1990 3407 2043 nescitis
3439 1992 3555 2060 quia
3593 1990 3719 2063 6M

2205 2079 2455 2147 templum
2511 2079 2603 2132 Dei
2649 2082 2795 2141 estis,
2837 2090 2884 2132 et
2933 2078 3161 2148 Spiritus
3196 2081 3311 2152 (57)
3355 2082 3449 2134 Dei
3482 2083 3653 2135 habitat
3680 2086 3717 2135 in

2201 2169 2383 2222 vobis!
2434 2169 2744 2223 Placentem
2790 2171 2920 2234 l)eo,
2960 2182 3143 2241 utpote
3173 2188 3202 2225 a
3242 2174 3479 2241 peccatis
3521 2183 3572 2228 et
3608 2175 3719 2228 vitiis

2200 2269 2527 2329 separatam.
2585 2261 2707 2317 llam
2757 2273 2935 2317 autem
2987 2263 3171 2317 omnia
3216 2265 3551 2321 rationabilis
3582 2268 3718 2321 cultus

2199 2357 2284 2399 cst
2318 2347 2430 2401 Dei.
2470 2347 2653 2404 Potest
2694 2351 2837 2406 enim
2876 2367 2972 2419 pro
3012 2352 3100 2405 tali
3136 2353 3278 2408 cultu
3308 2355 3459 2410 reddi
3499 2359 3653 2421 ratio,
3680 2369 3722 2412 et

2198 2440 2409 2494 ostendi
2447 2441 2574 2510 quia
2611 2443 2834 2511 dignum
2891 2455 2971 2500 est
3021 2447 3131 2501 Deo
3161 2448 3297 2504 tales
3322 2449 3526 2505 hostias
3560 2451 3719 2506 immo-

2199 2528 2298 2584 lari
2338 2530 2449 2600 (58)
2473 2550 2487 2586 :
2511 2533 2714 2589 arietes
2759 2545 2962 2602 autem,
3002 2547 3055 2591 et
3087 2538 3293 2606 hircos,
3337 2550 3394 2595 et
3422 2542 3608 2597 vitulos
3641 2545 3724 2596 im-

2198 2621 2409 2675 mortali
2439 2632 2495 2678 et
2531 2625 2850 2695 incorporeo
2896 2630 3004 2683 Deo
3038 2629 3222 2687 oﬂ‘erri
3266 2633 3413 2688 nulla
3449 2636 3578 2691 ratio
3603 2646 3721 2690 recta

2196 2723 2251 2767 et
2289 2714 2515 2770 honesta
2553 2719 2830 2790 suscipiet.
2888 2720 3011 2776 llaec
3046 2739 3176 2795 ergo
3219 2724 3293 2779 ita
3342 2726 3556 2795 facere,
3588 2739 3639 2784 et
3666 2730 3724 2782 ita

2195 2805 2375 2863 colere
2427 2809 2591 2864 Deum
2652 2827 2745 2867 eos
2797 2814 2888 2883 qui
2942 2813 3161 2871 Christo
3210 2819 3581 2885 crediderunt,
3631 2835 3720 2875 non

2196 2899 2368 2951 solum
2403 2901 2560 2955 docet
2593 2902 2902 2971 Apostolus,
2939 2906 3032 2960 sed
3059 2914 3114 2960 et
3138 2906 3398 2965 obsecrat
3424 2927 3517 2981 per
3540 2912 3725 2966 miseri-

2193 2991 2435 3047 cordiam
2486 2993 2578 3049 Dei
2609 3014 2622 3049 :
2655 3006 2711 3050 ut
2739 3000 2986 3054 ostendat
3016 3017 3115 3071 per
3139 3002 3244 3059 hoc
3294 3003 3527 3060 humano
3568 3006 3723 3075 generi

2194 3081 2487 3155 (quoniam
2524 3086 2763 3153 proclive
2814 3099 2896 3144 est
2940 3092 3005 3144 ad
3056 3092 3354 3166 delictum)
3389 3093 3728 3166 hujuscemodi

2196 3176 2403 3233 hostias
2426 3176 2516 3230 Dei
2546 3179 2890 3236 miseratione
2915 3183 3158 3252 provisas
3184 3186 3414 3255 :quibus
3434 3187 3477 3243 si
3503 3201 3712 3257 unquam

2193 3265 2375 3334 lapsus
2432 3267 2732 3334 acciderit,
2788 3285 2887 3338 per
2940 3274 3266 3330 rationabile
3322 3277 3630 3347 obsequium
3684 3283 3731 3330 et

2193 3358 2399 3413 hostias
2442 3374 2507 3413 eo
2559 3361 2719 3415 modo
2753 3377 2861 3431 quo
2910 3378 3071 3433 supra
3133 3364 3372 3422 diximus
3430 3368 3725 3432 immolatas,

2192 3451 2430 3519 reparari
2465 3452 2633 3518 possit
2664 3452 2845 3507 anima
2873 3470 2936 3510 ac
2972 3459 3183 3512 restitui
3211 3459 3279 3512 ad
3313 3459 3557 3514 salutem.
3595 3457 3732 3525 Quod

2191 3546 2369 3594 autem
2399 3541 2580 3596 multa:
2612 3542 2721 3598 sint
2759 3546 3146 3602 misericordiae
3174 3550 3297 3618 Dei,
3329 3551 3574 3621 designat
3604 3550 3729 3604 Pau-

2190 3629 2275 3686 lus
2296 3631 2349 3684 in
2383 3634 2619 3688 secunda
2670 3637 2735 3690 ad
2775 3636 3121 3704 Corinthios,
3168 3641 3358 3696 dicens
3396 3661 3411 3696 :
3442 3642 3730 3695 Benedictus

2194 3723 2332 3777 Deus
2357 3735 2404 3778 et
2430 3724 2596 3779 Pater
2619 3726 2832 3781 Domini
2859 3733 3025 3784 nostri
3047 3731 3175 3786 Iesu
3200 3733 3397 3788 Christi
3424 3735 3581 3787 Pater
3604 3736 3733 3785 mise-

2184 3822 2535 3878 ricordiarum
2562 3825 2607 3879 '.
2658 3827 2830 3882 Audis
2866 3828 3059 3892 Deum,
3089 3829 3230 3884 sicut
3261 3831 3373 3901 (59)
3412 3830 3609 3884 Christi
3642 3827 3732 3881 Pa-

2188 3923 2272 3969 ter
2299 3925 2416 3981 est,
2467 3925 2523 3971 et
2577 3918 2857 3987 sapientia:
2903 3928 3056 3992 pater
3084 3931 3186 3987 est,
3250 3935 3308 3978 et
3336 3923 3559 3990 justititn
3600 3932 3736 3991 pater

2185 4014 2290 4071 est,
2346 4022 2467 4075 qua
2512 4009 2692 4063 omnia
2744 4010 2993 4067 Christus
3031 4022 3134 4079 est,
3191 4013 3263 4067 ita
3324 4030 3441 4070 esse
3476 4023 3537 4068 et
3584 4012 3734 4067 mise-

2186 4098 2539 4152 ricordiamm
2599 4110 2826 4167 patrem.
2864 4102 3002 4173 Ergo
3048 4103 3301 4161 Christus
3359 4107 3493 4161 sicut
3545 4114 3732 4160 caetera

2182 4188 2361 4242 omnia
2421 4199 2535 4255 est,
2595 4202 2650 4247 et
2710 4194 3097 4252 misericordia
3150 4198 3265 4267 ipse
3324 4207 3443 4263 est,
3534 4198 3737 4253 miseri-

2185 4279 2387 4335 cordia:
2443 4280 2654 4348 multa},
2698 4298 2803 4337 non
2864 4301 2966 4338 una
3016 4285 3126 4356 160)
3185 4300 3200 4338 :
3262 4287 3364 4341 hoc
3420 4297 3543 4351 est,
3610 4288 3743 4340 sicut

2186 4366 2421 4423 thesauri
2456 4372 2737 4440 Sapientia:
2779 4385 2834 4426 et
2891 4374 3130 4428 scientia:
3194 4376 3245 4429 in
3297 4377 3410 4445 ipso
3457 4389 3613 4441 sunt,
3647 4373 3739 4429 sed

2182 4472 2312 4513 sunt
2359 4460 2753 4530 absconditi';
2795 4464 2864 4517 ita
2912 4474 2962 4518 et
3023 4466 3405 4522 misericordiae
3450 4466 3743 4521 thesaurus

589 4540 605 4571 ¹
657 4537 989 4624 domum,
1043 4544 1234 4624 1.-9..⁸
1264 4544 1472 4624 ’nPsal.
1521 4561 1711 4624 xxxix,
1754 4546 1819 4612 7;
1862 4546 2082 4604 Πρω-,ι

2203 4587 2210 4603 .
2284 4551 2305 4583 ³
2335 4550 2452 4606 Gal.
2494 4568 2577 4619 ut,
2616 4554 2708 4611 22.
2782 4555 2804 4586 ⁸
2829 4556 2870 4610 ll
2911 4556 3035 4611 Cor.
3062 4572 3138 4624 tv,
3174 4559 3260 4616 10.
3335 4559 3450 4613 "'l
3483 4558 3621 4615 Cor.
3657 4575 3736 4624 tu,

514 4608 604 4664 16.
690 4610 709 4641 '
743 4608 783 4662 ll
825 4612 948 4666 Cor.
998 4629 1036 4677 ι,
1089 4614 1141 4667 '5.
1215 4615 1236 4643 ⁸
1293 4614 1467 4669 Colos.
1515 4629 1591 4678 ιι..
1626 4617 1680 4673 3.

585 4701 699 4773 (56)
734 4702 901 4773 _E_diti,
951 4705 1130 4773 religio
1156 4722 1382 4760 summa.

611 4772 699 4842 17)
731 4770 831 4825 Ms.
865 4770 1066 4842 liegius
1101 4792 1249 4829 nunt.
1288 4776 1443 4840 1659,
1472 4785 1519 4829 et
1544 4785 1761 4830 statuta.

607 4840 695 4918 48)
735 4842 857 4918 Haec
888 4840 1071 4907 verba,
1101 4856 1157 4918 ut
1187 4845 1492 4918 exhibeatis,
1531 4858 1661 4911 etc.,
1697 4862 1864 4918 usque
1898 4848 1987 4916 ad,
2015 4861 2063 4904 et

511 4909 910 4983 beneplacitum,
941 4923 991 4965 et
1014 4916 1297 4983 perfectum
1320 4954 1336 4976 ,
1383 4909 1757 4970 desiderantur
1776 4909 1789 4918 ’
1808 4917 1859 4971 in
1910 4909 2065 4978 libris

510 4989 667 5034 antea
701 4982 863 5036 editis
889 5022 904 5047 ,
934 4982 1028 5038 sed
1060 4987 1419 5039 restituuntur
1454 5001 1519 5040 ex
1548 4987 1797 5043 omnibus
1819 5003 1951 5044 mss.

583 5050 692 5122 (49)
850 5068 1006 5117 unus,
1038 5056 1167 5107 sicut
1198 5072 1357 5122 supra
1389 5058 1635 5109 ostendit.

582 5120 692 5187 (50)
730 5118 795 5173 Ut
838 5123 925 5174 sit.
985 5125 1109 5177 lla:c
1148 5118 1311 5178 verba
1370 5126 1563 5179 desunt
1611 5127 1663 5180 in
1705 5126 1857 5183 libris
1896 5138 2057 5184 antea

512 5190 705 5262 editis;
752 5192 946 5262 deinde
983 5193 1138 5261 paulo
1188 5194 1325 5247 infra
1361 5205 1483 5262 post
1534 5196 1752 5261 cultum,
1807 5213 1907 5251 vos
1969 5200 2062 5255 Dei

513 5261 777 5312 amittitur
809 5261 988 5335 itidgm
1019 5264 1071 5315 in
1096 5264 1279 5327 editis,
1308 5261 1374 5335 et
1400 5265 1449 5317 in
1480 5267 1747 5335 plerisque
1775 5283 1906 5323 mss.
1934 5285 2063 5323 nec-

513 5344 617 5449 :lgn
658 5331 863 5451 θὶἓιὲξα
894 5327 1193 5396 Rabanum,
1228 5334 1320 5389 sed
1350 5327 1736 5390 resti'tuitur'ex
1762 5351 1863 5392 ms.
1894 5337 2061 5409 Regio

532 5416 543 5448 l
588 5413 658 5448 111.
801 5435 811 5448 ι
836 5437 851 5451 ο

512 5412 658 5449 num.
696 5403 851 5451 1639.

582 5465 693 5533 (51)
730 5468 911 5532 Alias,
943 5469 1070 5522 data
1093 5480 1189 5531 est.
1220 5473 1291 5527 al.
1326 5474 1518 5529 collata
1547 5485 1644 5530 est.
1684 5477 1885 5532 Deinde
1931 5494 2065 5535 mss.

510 5536 748 5613 quidam,
794 5546 851 5613 ut
894 5539 980 5613 ubi
1007 5540 1293 5608 oﬂerebant
1338 5545 1558 5613 uitulum
1607 5548 1777 5613 primo
1820 5549 1877 5601 in
1924 5549 2061 5603 loco.

506 5617 613 5684 etc.
660 5604 757 5659 Ms.
810 5604 1007 5675 Regius
1041 5604 1201 5667 ‘num.
1242 5612 1401 5680 1659,
1442 5614 1519 5668 ibi
1566 5604 1875 5685 oiferebant,
1929 5629 2058 5685 etc.,

507 5686 706 5728 OlnlSSO
739 5685 815 5731 ηε.

579 5741 693 5822 (52)
737 5743 861 5822 Mss.
911 5746 1170 5822 plerjque,
1223 5750 1480 5808 Rabanns
1536 5763 1590 5808 et
1630 5754 1791 5822 editi,
1849 5758 2055 5812 obtulit.

509 5808 615 5866 Sed
650 5808 845 5868 rectius
872 5808 970 5871 nis.
1005 5808 1204 5886 Regius
1250 5837 1395 5875 num.
1428 5824 1586 5891 1659,
1629 5808 1803 5891 cieri.

2106 4717 2153 4772 D

2397 4713 2534 4801 Xide
2573 4717 2757 4772 homil.
2797 4734 2834 4801 ιε
2883 4722 2938 4775 in
2973 4720 3214 4801 Debitio:
3246 4721 3471 4801 num._2.
3618 4791 3662 4801 Η

2246 4783 2360 4853 (54)
2394 4784 2494 4838 Ms.
2541 4801 2702 4854 unus,
2745 4789 2918 4846 cultus
2970 4793 3063 4845 Dei
3108 4794 3316 4859 faiiat;
3360 4793 3403 4847 si
3438 4791 3747 4862 superbiam

2170 4862 2383 4998 ει((65).
2421 4921 2515 4998 Sic
2580 4940 2679 4981 ms.
2738 4927 2940 4998 Regius
2967 4946 3114 4984 num.
3167 4931 3324 4987 1639.
3367 4931 3572 4986 Caneri
3622 4944 3747 4985 vero

2167 4992 2609 5054 mss..'Rabanus
2638 5008 2691 5051 et
2724 4992 2872 5059 editi,
2912 5002 3277 5055 imntolatterit.

2238 5062 2353 5133 (56)
2397 5061 2616 5133 Nostro.
2658 5067 2816 5121 Deest
2847 5072 2897 5122 in
2938 5071 3173 5126 editione
3196 5070 3572 5126 Gencbrardi.

2239 5132 2352 5204 (57)
2396 5134 2554 5204 Etliti,
2588 5132 2820 5204 Spiritus
2850 5148 3080 5193 sanctus.

2248 5202 2358 5274 (58)
2422 5202 2663 5276 Sl¢_llt9.
2713 5209 2912 5276 Regius
2956 5225 3101 5263 num.
3165 5209 3321 5265 1639.
3358 5210 3578 5265 Caneri
3629 5227 3748 5265 vero

2171 5274 2573 5351 mss._et_editi,
2622 5274 2934 5343 immolare;
2977 5288 3031 5332 et
3066 5280 3226 5348 paulo
3275 5290 3408 5350 post,
3465 5280 3602 5335 Hoc
3635 5297 3748 5351 ergo

2169 5344 2243 5396 ita
2286 5344 2423 5410 ﬁeri,
2471 5353 2579 5396 etc.

2248 5411 2360 5483 (59)
2402 5413 2579 5477 Editi,
2617 5415 2758 5469 Audi
2801 5416 2962 5471 Deum
2989 5420 3141 5483 sicut,
3174 5429 3276 5474 etc.

2246 5482 2358 5553 (60)
2401 5483 2493 5556 Sic
2539 5499 2729 5537 omnes
2780 5503 2908 5543 mss.
2958 5482 3150 5544 nostri.
3212 5488 3345 5542 Editi
3372 5503 3560 5551 vero,
3609 5487 3748 5556 Erga

2172 5550 2408 5622 Christus
2444 5553 2579 5605 sicut
2609 5564 2656 5607 et
2686 5566 2875 5610 cwtera
2897 5559 3093 5622 omnia,
3123 5569 3172 5612 et
3202 5550 3597 5612 misericordia
3641 5550 3748 5612 est:

2168 5620 2276 5692 ipse
2307 5633 2381 5675 est
2408 5623 2788 5679 misericordia:
2832 5629 3027 5692 multm,
3062 5620 3161 5681 non
3189 5646 3307 5681 una.
3347 5630 3588 5684 Deinde
3630 5644 3745 5681 mss

2168 5689 2368 5759 Regius
2405 5707 2555 5745 num.
2604 5693 2763 5761 1659,
2801 5698 2877 5751 ita
2915 5707 2964 5752 et
2998 5689 3493 5753 misericordiarum
3539 5699 3748 5753 thesim

2166 5774 2259 5814 rus
2281 5762 2334 5815 in
2357 5763 2469 5830 ipso
2506 5772 2605 5828 est,
2642 5773 2750 5822 etc.
