3796 6534
85 399 186 456 l205

1009 398 1363 456 COMMENT.
1403 398 1472 452 ΙΝ
1512 397 1728 454 EPIST.
1765 396 1854 452 AD
1881 393 2206 450 ROM.'I.IB.
2243 393 2332 448 IX.

3137 396 3156 449 Ι
3169 395 3274 450 9.06

84 520 120 570 iu
145 517 247 582 ipso
279 521 363 568 est
389 557 403 577 ,
441 513 536 566 sed
573 522 654 567 est
701 515 1048 569 absconditus
1082 535 1096 572 :
1133 533 1198 572 ne
1255 517 1394 572 forte
1443 518 1487 572 si
1537 520 1603 571 ad
1635 522 1677 576 Α
1709 515 1864 568 aliam
1904 528 2024 567 esse
2049 510 2232 565 szeculi
2265 507 2431 562 futuri
2465 516 2562 562 :et
2602 507 2647 562 si
2684 507 2774 578 qui
2807 517 2931 562 sunt
2967 509 3054 578 qni
3093 521 3277 562 amant

87 607 288 661 subitum
321 615 375 659 et
403 615 529 658 ante
567 614 777 672 tempus
805 605 1129 674 proferatur,
1154 610 1315 664 faciat
1344 625 1453 674 me,
1479 619 1532 663 et
1561 611 1605 664 si

80 701 173 766 quis
198 697 324 750 mihi
362 698 415 748 in
451 695 656 750 desidia
679 696 873 751 similis
893 713 1012 753 esse
1039 700 1302 765 voluerit,
1331 700 1607 771 negligen-

81 801 178 843 tem.
224 787 510 842 Videbitur
560 801 690 857 ergo
744 789 1009 858 praecipue
1054 791 1230 844 hostia
1283 791 1510 854 vivens,
1557 801 1610 846 et

78 891 252 938 sancta.
283 890 338 932 et
378 880 488 933 Deo
518 879 762 947 placens,
806 896 1005 949 corpus
1048 897 1169 936 esse
1219 883 1609 938 incontamina-

80 985 179 1025 uun.
225 973 427 1026 Verum
479 973 732 1041 quoniam
781 974 1026 1028 videmus
1070 976 1354 1029 nonnullos
1400 987 1612 1029 sancto-

79 1082 186 1128 rmn,
216 1065 433 1132 aliquos
461 1066 624 1118 etiam
653 1065 1020 1133 apostolorum
1052 1066 1309 1120 habuisse
1336 1065 1609 1133 caujugia,

78 1172 155 1207 mu
179 1169 567 1224 usquequaque
595 1170 878 1224 possumus
903 1155 1006 1208 hoc
1057 1155 1168 1225 (61)
1200 1155 1266 1208 de
1301 1157 1409 1208 sola
1445 1157 1608 1224 vingi-

76 1247 210 1301 nitate
231 1247 460 1308 sentire,
485 1246 726 1313 quamvis
751 1247 801 1298 in
822 1246 1190 1314 hujuscemodi
1208 1246 1612 1300 hostiishabore

75 1336 279 1403 primunt
313 1335 560 1388 ordinem
607 1335 775 1404 possit
815 1336 929 1404 (62)
961 1353 974 1388 :
1010 1336 1154 1389 sicut
1183 1344 1236 1389 et
1279 1337 1332 1390 in
1371 1337 1487 1405 lege
1507 1336 1610 1390 alia

74 1433 166 1477 erat
192 1425 373 1476 hostia
401 1425 719 1488 sacerdotis,
769 1425 872 1478 alia
930 1425 1212 1494 principis,
1244 1425 1344 1480 alia
1371 1426 1615 1497 Synago—

73 1531 148 1582 μ’,
173 1526 223 1568 et
249 1515 358 1568 alia
393 1516 554 1569 unius
587 1517 781 1570 anima:
806 1518 846 1570 ’.
887 1515 951 1570 Et
991 1518 1238 1584 quamvis
1287 1517 1339 1571 in
1374 1519 1612 1574 Ecclesia

73 1609 217 1674 prima
275 1615 393 1675 post
449 1608 722 1675 apostolos
780 1608 956 1662 hostia
1009 1619 1332 1679 martyrum,
1376 1613 1610 1666 secunda

69 1697 314 1766 virginum
397 1699 670 1760 videatur,
745 1699 906 1752 tertia
973 1699 1406 1764 continentium;
1485 1711 1612 1770 puto

74 1796 226 1842 tamen
263 1789 407 1856 quod
455 1805 629 1855 neque
659 1790 733 1842 illi
765 1789 856 1857 qui
890 1789 940 1840 in
970 1789 1238 1858 conjugiis
1267 1792 1424 1858 positi
1458 1799 1622 1856 sunt,’

1711 621 1949 676 praesens
1987 602 2268 665 saeculum,
2318 611 2373 655 et
2411 616 2474 654 ea
2523 615 2643 668 qua:
2671 611 2794 653 sunt
2830 601 2881 655 in
2921 601 3021 654 hoc
3056 601 3275 662 mundo,

1711 696 2004 751 secundum
2040 694 2274 748 fortnam
2309 690 2490 746 sa-culi
2541 690 2828 758 praesentis
2864 699 3153 761 aptantur:
3184 693 3276 762 qui

1711 802 1839 843 vero
1863 802 1967 840 non
2001 785 2299 854 respiciunt
2326 797 2390 836 ea
2423 797 2544 849 qua:
2588 783 2859 848 videntur,
2899 784 2991 837 sed
3023 798 3139 850 qua:
3169 800 3274 836 non

1710 877 1960 931 videntur
1988 886 2042 930 et
2069 885 2270 929 aeterna
2289 883 2418 928 sunt
2443 872 2509 934 ¹³,
2536 872 2989 927 transformamur
3027 883 3084 927 et
3119 889 3278 928 reno-

1711 977 1910 1022 vantur
1939 967 2004 1020 ad
2035 965 2204 1018 futuri
2231 963 2416 1019 saeculi
2447 964 2674 1016 formam
2707 981 2720 1016 :
2759 974 2814 1018 et
2849 966 2976 1019 inde
3013 968 3070 1018 tit
3097 976 3155 1018 ut
3183 979 3278 1019 eos

1711 1073 1817 1110 nun
1843 1065 2102 1126 agnoscat
2136 1054 2225 1108 hic
2256 1054 2519 1116 mundus,
2554 1055 2645 1106 sed
2677 1053 2801 1108 odio
2831 1055 3052 1116 habeat,
3080 1064 3133 1109 et
3159 1070 3280 1123 per-

1712 1159 1969 1216 sequatur
1999 1150 2059 1200 “.
2088 1147 2195 1200 Sed
2215 1158 2513 1215 agnoscunt
2539 1145 2649 1214 (67)
2674 1146 2827 1199 istam
2852 1145 3078 1199 formam
3106 1145 3279 1213 angeli

1714 1243 1829 1302 Dei,
1883 1240 1972 1308 qui
2016 1248 2141 1292 sunt
2201 1239 2267 1291 de
2315 1237 2405 1292 illo
2439 1236 2636 1291 saeculo
2661 1245 2910 1292 venturo.
2980 1239 3043 1292 Et
3104 1240 3282 1296 simile

1713 1333 1844 1386 mihi
1907 1331 2122 1385 videtur
2175 1346 2299 1386 esse
2343 1331 2445 1383 hoc
2497 1330 2570 1384 illi
2629 1331 2777 1385 dicto
2821 1346 2928 1399 quo
2977 1333 3092 1385 ait:
3128 1332 3278 1387 Sicut

1711 1424 2034 1490 portavimus
2062 1423 2341 1491 imaginem
2371 1423 2566 1476 terreni
2590 1463 2605 1487 ,
2646 1433 2908 1485 portemus
2931 1434 2977 1477 et
2999 1426 3278 1489 imaginem

1724 1506 1944 1559 caelestis
1977 1506 2039 1558 ".
2069 1503 2198 1560 Vide
2226 1521 2354 1578 ergo
2391 1525 2458 1562 ne
2495 1509 2631 1563 forte
2665 1525 2788 1565 cum
2827 1517 2973 1569 venit
3011 1518 3085 1572 ira
3112 1520 3174 1575 in
3200 1536 3292 1574 cor

1723 1605 1900 1658 tutan,
1929 1599 2256 1653 con-formem
2287 1609 2340 1654 tc
2373 1601 2531 1656 faciat
2565 1602 2691 1658 huic
2717 1608 2912 1661 saeculo
2944 1610 3051 1677 (68)
3093 1628 3106 1663 :
3139 1610 3292 1666 simi-

1721 1690 1844 1744 liter
1874 1700 2052 1746 autcm
2080 1701 2134 1747 et
2158 1695 2591 1764 concupiscentia
2624 1699 2757 1751 mala
2780 1741 2793 1760 ,
2823 1710 2877 1754 ct
2909 1703 3150 1760 avaritia.
3183 1721 3289 1768 caa-

1718 1795 1942 1854 teraque
1979 1786 2108 1838 vitia
2143 1786 2341 1855 quibus
2377 1800 2616 1856 praesens
2656 1787 2914 1840 saeculum
2958 1787 3285 1854 delectatur,

67 1890 107 1930 et
123 1893 182 1931 ex
203 1893 476 1932 consensu
506 1877 571 1931 ad
607 1889 820 1946 tempus
860 1889 1052 1930 vacant
1087 1880 1318 1932 orationi
1354 1879 1419 1943 ",
1467 1883 1609 1935 velut
1642 1863 1683 1918 Β
1714 1877 1939 1929 formam
1964 1876 2057 1929 tibi
2084 1877 2263 1930 seaculi
2283 1880 2562 1946 praesentis
2585 1880 2883 1949 imponant.
2901 1880 2956 1932 Si
2975 1895 3098 1932 vero
3113 1893 3284 1932 econ-

67 1967 426 2023 staraeorum
475 1982 598 2022 vota
648 1971 940 2034 solventes,
991 1971 1035 2024 si
1084 1971 1136 2024 in
1183 1970 1394 2025 caneris
1423 1981 1612 2027 sancte

69 2069 208 2129 agant
240 2071 293 2113 et
322 2060 494 2130 juste,
523 2061 753 2129 negandi
788 2070 912 2115 sunt
951 2074 1175 2128 corpora
1216 2077 1311 2116 sua
1355 2062 1612 2117 exhibere

66 2169 194 2220 posse
251 2153 481 2206 hostium
531 2156 800 2213 viventem,
833 2165 1091 2214 sanctam,
1139 2152 1244 2206 Deo
1285 2155 1611 2222 placentem;

65 2260 142 2300 nec
164 2260 382 2299 rursum
423 2260 650 2314 corpora
695 2247 963 2315 virginum
1007 2246 1088 2300 vel
1122 2245 1540 2311 continentimn,
1567 2249 1610 2302 si

66 2345 135 2388 aut
169 2335 443 2403 superbia:
483 2336 714 2398 macula,
767 2347 863 2390 aut
909 2339 1153 2392 avaritia
1184 2339 1466 2401 sordibus,
1519 2352 1614 2395 aut

66 2425 238 2494 lingua:
267 2425 569 2490 maledicas,
599 2428 680 2478 vel
707 2429 973 2481 mendacii
999 2428 1337 2482 immunditia
1367 2429 1613 2498 polluan-

63 2527 153 2579 tur,
187 2520 427 2572 bostiam
481 2530 726 2572 sanctam
781 2531 836 2575 et
887 2520 995 2574 Deo
1043 2519 1342 2590 placentem
1389 2525 1611 2590 putandi

61 2620 165 2662 sunt
219 2625 287 2662 ex
343 2611 458 2665 sola
505 2611 818 2681 virginitate
866 2613 980 2682 (65)
1030 2612 1280 2681 corporis
1314 2612 1609 2672 obtulisse:

58 2702 164 2769 quia
195 2702 327 2756 etin
351 2703 470 2772 lege
497 2703 672 2758 hostia
700 2719 824 2758 cum
869 2704 1183 2770 olTerretur,
1223 2704 1614 2776 inspiciebatur

59 2793 391 2849 asacerdote
424 2795 736 2866 diligentius
796 2813 900 2852 non
949 2798 1121 2854 solum
1177 2801 1221 2856 si
1271 2815 1336 2855 ex
1398 2801 1613 2856 mundis

56 2894 178 2940 esset
238 2887 593 2953 animalibus,
645 2890 739 2942 sed
795 2904 862 2944 ne
922 2899 1016 2944 aut.
1071 2892 1122 2944 in
1164 2893 1326 2946 oculo
1384 2893 1612 2947 haberet

58 2978 259 3039 vitium,
287 2979 455 3032 autin
489 2980 733 3044 auribus,
765 2981 936 3034 autin
963 2981 1213 3050 pedibus,
1248 2998 1314 3037 ne
1335 2984 1610 3048 claudum,

55 3083 110 3121 ce
140 3069 374 3134 luscum,
405 3085 471 3124 ne
492 3071 733 3134 surdum
757 3072 953 3126 animal
999 3072 1112 3143 (64)
1142 3074 1326 3128 divino
1355 3075 1612 3130 admove-

1717 1967 1881 2023 trario
1926 1969 2298 2031 mansuetudo,
2355 1971 2640 2038 patientia,
2669 1970 2884 2032 lenitas.
2923 1972 3282 2038 continentia,

1716 2060 1868 2122 ﬁdes,
1897 2060 2122 2124 veritas,
2145 2071 2463 2130 casteraeqne
2494 2064 2726 2117 virtutes
2766 2063 3008 2117 habitent
3031 2064 3082 2116 in
3115 2077 3280 2118 sensu

1712 2150 2002 2222 645nm,
2029 2151 2360 2206 coul‘ormem
2393 2162 2442 2206 te
2473 2151 2638 2208 luturi
2665 2153 2844 2209 smculi
2881 2155 3098 2221 facient,
3122 2165 3176 2208 et
3208 2155 3279 2208 ita

1714 2244 1990 2312 pulchram
2013 2243 2208 2296 anima:
2226 2253 2328 2298 tua:
2343 2245 2581 2312 speciem
2604 2246 2849 2310 reddent,
2865 2256 2924 2300 ut
2938 2247 3171 2300 Verbum
3188 2246 3279 2300 Dei

1714 2336 1861 2402 quod
1895 2336 2180 2403 despondit
2208 2349 2326 2388 eam
2365 2337 2466 2389 sibi
2505 2338 2556 2389 in
2593 2338 2966 2392 misericordia
2989 2337 3032 2368 ¹⁶
3060 2346 3114 2390 et
3153 2338 3280 2402 tide,

1714 2428 1859 2480 dicat
1891 2428 1956 2481 ad
1999 2442 2116 2480 eam
2147 2441 2162 2478 :
2197 2424 2327 2479 Tota
2359 2445 2412 2480 es
2449 2429 2702 2496 formosa,
2734 2429 2973 2496 proxima
3001 2446 3114 2482 utea
3140 2429 3281 2502 (69),

1713 2529 1762 2571 et
1784 2519 1991 2572 macula
2013 2536 2114 2572 non
2145 2532 2218 2573 est
2253 2522 2306 2573 in
2339 2521 2468 2572 te".
2503 2519 2726 2574 Intende
2764 2530 2940 2573 autem
2971 2520 3285 2590 diligentius

1714 2609 1855 2677 quod
1889 2611 1966 2664 ait
1996 2628 2010 2664 :
2045 2610 2151 2666 Sed
2182 2612 2545 2680 reformamini
2593 2613 2925 2666 renovatione
2975 2629 3159 2667 sensus
3203 2629 3282 2668 ve-

1713 2702 1960 2774 stri(70),
1997 2713 2056 2756 ut
2095 2704 2346 2758 ostendat
2393 2704 2623 2757 formam
2668 2701 2884 2772 quidem
2917 2705 3239 2772 culpabilem
3269 2723 3281 2756 :

1713 2792 1862 2860 prius
1891 2793 2036 2846 enim
2082 2793 2313 2848 formam
2367 2793 2586 2848 malitiae
2619 2793 2806 2848 habuit
2857 2796 3034 2850 omnis
3082 2797 3282 2852 anima.

1715 2880 1820 2934 Sed
1866 2882 2190 2936 adhortatur
2221 2898 2286 2938 ex
2322 2884 2426 2939 hoc
2455 2897 2635 2937 sermo
2669 2884 3017 2953 apostolicus,
3073 2897 3154 2950 ut,
3193 2887 3282 2941 illa

1713 2972 1946 3041 abjecta,
1979 2975 2046 3027 ad
2076 2974 2414 3045 singularum
2447 2975 2706 3028 virtutum
2741 2976 2976 3043 speciem
3017 2977 3284 3033 reforme-

1715 3078 1856 3127 ntur,
1888 3073 1942 3118 et
1987 3065 2060 3118 ita
2095 3065 2312 3120 demum
2349 3065 2619 3134 possimus
2654 3065 2892 3121 revelato
2924 3067 3070 3123 vultu
3097 3069 3284 3124 cordis

57 3171 187 3214 retur
220 3162 378 3214 altari
410 3162 475 3218 ¹¹.
510 3161 602 3216 Sic
635 3177 767 3232 ergo
807 3178 902 3231 per
939 3166 1121 3218 omnia
1158 3167 1398 3220 membra
1433 3167 1612 3220 discu-
1639 3190 1680 3248 ο
1714 3157 1940 3228 gloriam
1993 3157 2201 3212 Domini
2266 3160 2532 3228 speculari
2579 3163 2648 3216 ab
2700 3161 3003 3230 huiusmodi
3046 3163 3283 3230 imagine

54 3254 170 3306 titur
217 3264 274 3307 et
319 3263 688 3322 pertractatur
743 3257 924 3309 hostia
976 3257 1184 3320 vivens,
1240 3270 1450 3325 sancta,
1507 3259 1614 3315 Deo

53 3345 284 3410 placens,
312 3362 433 3414 qua:
470 3347 867 3401 rationabiliter
888 3347 1160 3402 ollerenda
1208 3358 1310 3404 est.
1356 3350 1419 3404 Et
1455 3351 1615 3406 nolite

50 3437 363 3504 conformari
411 3439 533 3490 huic
573 3439 810 3502 smculo;
848 3440 939 3492 sed
986 3441 1348 3508 reformamini
1393 3459 1617 3495 renova-

52 3528 174 3580 tione
201 3545 388 3582 sensus
425 3529 603 3593 vestri,
636 3538 693 3581 ut
725 3531 946 3583 nrobetis
977 3547 1098 3599 quin
1130 3532 1198 3583 sit
1230 3531 1469 3583 voluntas
1495 3530 1614 3594 Dei,

47 3620 169 3685 quod
195 3620 412 3684 bonum,
443 3631 490 3672 et
527 3621 935 3684 beneplacitum,
979 3631 1026 3674 et
1065 3621 1348 3688 perfectum
1390 3623 1432 3652 η
1474 3620 1611 3690 (65).

51 3707 335 3762 Sciendum
367 3721 452 3764 est
474 3712 616 3778 quod
653 3711 703 3764 in
745 3710 937 3766 Graeco
980 3713 1208 3766 habetur
1244 3735 1256 3766 :
1290 3711 1358 3765 Ut
1389 3713 1613 3777 probetis

46 3815 152 3864 qua:
182 3801 255 3853 sit
273 3801 510 3854 voluntas
540 3801 635 3854 Dei
660 3802 814 3864 bona,
835 3813 882 3855 et
907 3803 1251 3871 beneplacita,
1282 3811 1331 3855 et
1359 3803 1607 3871 perfecta.

47 3890 142 3941 Sed
174 3905 296 3953 nos,
329 3891 456 3958 quia
491 3906 630 3946 unus
652 3891 704 3946 in
738 3903 966 3961 utroque
991 3903 1168 3962 potest
1199 3909 1390 3947 sensus
1416 3893 1607 3957 videri,

46 3982 487 4036 consuetudinem
555 3986 834 4053 sequimur
898 3984 1233 4038 Latinorum.
1290 3984 1470 4039 Nolite
1517 4001 1607 4040 er-

44 4087 103 4139 go
137 4073 277 4143 (66),
323 4075 541 4144 inquit,
580 4077 906 4144 conformari
950 4078 1076 4130 huic
1124 4079 1338 4132 swculo.
1389 4078 1446 4132 In
1504 4093 1629 4148 quo.

44 4166 279 4220 ostendit
330 4181 454 4222 esse
491 4170 783 4238 quamdam
815 4169 1044 4225 formam
1090 4169 1252 4238 hujus
1293 4171 1512 4236 smculi,
1563 4179 1618 4225 et

106 4330 126 4361 '
183 4331 354 4388 Levit.
397 4349 471 4397 tv,
513 4333 662 4397 5J3,
696 4320 796 4394 ἐξ,
827 4335 894 4388 27
944 4351 1060 4401 seq.

42 4413 121 4468 tv,
173 4403 262 4458 18.
339 4406 383 4434 ’⁸
415 4404 571 4458 Joan.
607 4420 690 4470 sv,
741 4405 826 4468 19,
854 4405 944 4459 20.
1027 4406 1069 4437 ¹⁸
1112 4404 1130 4459 1
1161 4405 1288 4462 Cur.
1322 4421 1415 4471 xv,
1441 4404 1532 4460 46.

108 4539 225 4605 (61)
259 4541 412 4596 Deest
439 4543 540 4596 hoc
566 4543 618 4596 in
652 4544 831 4598 editis.

111 4609 234 4682 (βξ)
264 4612 426 4682 Ιξιιὶιί,
453 4615 599 4679 prius
620 4616 853 4667 ordinem
895 4615 1078 4682 possit.

108 4677 230 4750 (ῆό)
265 4677 705 4748 Ειιὶιὶςριιεαηάα
744 4693 863 4737 sunt
895 4677 974 4736 ἐκ
1001 4683 1113 4738 sola
1149 4685 1471 4750 virginitate,
1495 4694 1605 4740 etc.

110 4748 226 4818 liii)
277 4750 375 4805 Ms.
415 4752 615 4819 Regius
643 4755 810 4809 lnum.
843 4753 1000 4817 1659,
1042 4763 1186 4807 recte
1208 4748 1322 4818 {ne
1353 4761 1604 4818 surdum;

37 4828 90 4870 et
127 4821 272 4892 hanc
315 4821 630 4892 lectionem‘
652 4824 932 4877 conlirmat
976 4825 1119 4892 quod
1165 4838 1322 4892 supra
1368 4824 1603 4887 dicitur,

40 4898 128 4938 aut
187 4891 244 4941 in
296 4892 539 4944 auribus.
593 4889 788 4945 Caneri
855 4889 1008 4946 vero’
1043 4907 1195 4955 mss.,
1232 4889 1508 4946 'llabanus
1550 4904 1603 4946 el.

37 4959 169 5030 editi
211 4959 318 5022 alii,
355 4977 417 5012 ne
449 4962 652 5013 vulsum
676 4963 896 5024 animal,
918 4963 988 5017 al.
1032 4979 1094 5016 ne
1119 4962 1354 5014 avulsum
1381 4964 1602 5030 animal,

37 5028 109 5080 ai.
164 5045 233 5079 ne
257 5031 489 5082 evulsum
535 5032 752 5085 animal.
807 5033 942 5085 Editi
982 5033 1240 5086 omittunt
1275 5032 1493 5086 animal.

108 5097 229 5165 (65)
284 5098 386 5151 Sed
423 5100 787 5168 reformamini
826 5103 878 5156 in
935 5103 1163 5155 novitate
1208 5117 1390 5154 sensus
1427 5104 1597 5164 vestri,

35 5179 92 5238 ut
135 5169 365 5230 probetis
411 5187 532 5238 qua:
577 5171 641 5222 sit
670 5172 907 5225 voluntas
957 5171 1071 5235 Dei,
1118 5173 1255 5234 quod
1303 5173 1514 5234 bonum,
1552 5184 1598 5224 et

38 5236 450 5308 beneplacitum,
486 5249 537 5292 et
573 5240 878 5308 perfectum.
937 5241 1060 5294 Haec
1105 5243 1260 5294 verba
1285 5241 1600 5294 desideran-

43 5314 132 5356 tur
164 5307 221 5357 iu
257 5306 408 5363 libris
438 5319 596 5362 antea
633 5306 810 5365 editis.
849 5312 1011 5364 Paulo
1043 5321 1160 5376 post
1181 5327 1305 5364 vero
1355 5327 1453 5363 ius.
1492 5309 1598 5362 Re-

36 5378 167 5449 gius
208 5391 348 5430 num.
414 5379 552 5449 1659
589 5382 769 5444 habet,
801 5380 900 5434 Sed
951 5397 1042 5433 nos
1082 5383 1346 5448 signemus
1389 5380 1596 5449 quidem

34 5446 174 5510 quid
212 5449 299 5518 _sit
355 5449 410 5501 in
457 5447 680 5514 erco;
723 5446 1153 5504 consuetudinem
1202 5461 1375 5503 tamen
1401 5446 1598 5518 ’sequi-

37 5529 168 5563 mur
206 5513 532 5571 Latinorum.

115 5583 237 5654 (66)
290 5586 451 5656 Ergo.
497 5587 777 5642 Omittitnr
829 5590 880 5643 in
927 5589 1091 5643 editis
1122 5598 1177 5643 et
1224 5591 1276 5643 in
1338 5587 1607 5657 plerisque

37 5667 216 5715 mss.,
279 5672 485 5710 necnon
525 5669 580 5712 et
625 5661 764 5727 apud
809 5659 1126 5726 Rabauum,
1171 5662 1267 5714 sed
1305 5660 1611 5714 restituitur

33 5736 248 5796 cx_nt_s.
286 5728 451 5796 liegio
486 5743 634 5780 num.
677 5729 833 5783 1659.

113 5792 238 5856 (67)
295 5792 422 5852 Mss.
457 5799 702 5866 plerique
726 5838 739 5864 ,
783 5800 1033 5855 [tabanus
1056 5809 1109 5856 et
1132 5799 1286 5866 editi,
1307 5808 1610 5870 agnoscant.

1169 4335 1212 4367 ¹⁰
1243 4334 1282 4389 ll
1322 4335 1448 4390 Cor.
1481 4349 1577 4403 vn,
1601 4335 1654 4388 5.
1733 4335 1775 4366 ”
1800 4334 1972 4389 Levit.
1998 4349 2025 4386 ι

1169 4405 1288 4462 Cor.
1322 4421 1415 4462 xv.
1441 4404 1532 4460 46.
1608 4406 1652 4437 ¹⁶
1675 4405 1814 4462 Osee
1855 4421 1915 4462 ιι.
1960 4405 2025 4460 19

1716 3251 2114 3304 translormati.
2149 3251 2435 3318 Quomodo
2464 3263 2644 3307 autem
2684 3253 2736 3307 in
2778 3254 2893 3308 haec
2924 3253 3281 3309 transforme-

1715 3357 1838 3395 mur
1887 3343 2000 3409 ipse
2047 3345 2241 3399 edocet
2289 3345 2518 3401 dicens:
2554 3345 2910 3400 Renovatione
2951 3363 3136 3401 sensus
3189 3363 3275 3401 ce-

1713 3433 2305 3503 stri(7l).\Bcnovatur
2339 3449 2516 3492 autem
2561 3452 2755 3493 sensus
2787 3447 2968 3492 noster
2993 3453 3086 3506 per
3123 3453 3283 3494 exer-

1713 3525 1842 3580 citia
1874 3527 2172 3596 sapientiai,
2208 3538 2263 3582 et
2298 3530 2701 3584 meditationem
2734 3529 2881 3583 verbi
2916 3529 3028 3595 Dei,
3060 3539 3115 3583 et
3147 3530 3283 3597 legis

1713 3616 1828 3684 ejus
1868 3617 2278 3688 intelligentiam
2305 3621 2604 3690 spiritalem
2636 3640 2650 3676 :
2678 3632 2733 3676 et
2764 3632 2969 3692 quanto
3000 3625 3125 3692 quis
3149 3639 3284 3694 quo-

1716 3706 1846 3761 tidie
1898 3722 1965 3761 ex
2021 3709 2430 3780 Scripturarum
2477 3713 2694 3780 prolicit
2751 3714 3018 3778 lectione,
3077 3725 3280 3783 quanto

1715 3802 1880 3860 altius
1912 3801 2217 3857 intellectus
2250 3801 2366 3869 ejus
2401 3805 2627 3867 accedit,
2679 3815 2825 3860 tanto
2869 3821 3083 3874 semper
3110 3822 3282 3864 novus

1715 3908 1768 3953 et
1817 3895 2060 3966 quotidie
2102 3911 2277 3950 novus
2319 3895 2714 3965 eﬁlcitur(72).'
2762 3897 2956 3952 Nescio
3001 3909 3181 3952 autem
3232 3901 3280 3956 si

1714 3999 1892 4059 potest
1919 3989 2166 4042 renovari
2217 4003 2406 4043 sensus
2435 3989 2525 4056 qui
2568 3989 2723 4058 piger
2755 3998 2837 4042 est
2867 4005 2994 4058 erga
3035 3988 3282 4058 Scriptu-

1718 4094 1808 4133 ras
1859 4079 2072 4132 divinas
2130 4089 2186 4132 ct
2244 4077 2612 4148 intelligentia
2669 4081 2930 4148 spiritalis
2989 4082 3276 4146 exercitia,

1720 4169 1923 4242 quibus
1973 4169 2143 4239 possit
2197 4186 2303 4224 non
2351 4169 2522 4225 solum
2553 4171 2854 4240 intelligere
2901 4187 3020 4240 quae
3075 4172 3275 4240 scripta

1733 4335 1775 4366 ”
1800 4333 1972 4389 Levit.
1998 4335 2202 4398 “11,21
2242 4348 2394 4404 seqq.
2476 4335 2529 4404 ¹²ί
2556 4335 2710 4390 llom.
2743 4351 2841 4398 χιι,
2871 4335 2923 4388 ‘2.
3004 4335 3046 4365 ¹³
3069 4335 3110 4388 ll
3153 4334 3278 4391 Cor.

2125 4405 2166 4436 ¹⁷
2194 4404 2350 4460 Cant.
2375 4419 2469 4470 ,Iv,
2521 4403 2573 4458 7.

1639 4548 1683 4603 D
1713 4545 1933 4599 Rectius
1971 4558 2075 4598 ms.
2119 4559 2294 4608 unus,
2331 4553 2644 4612 agnoscunt.

1781 4615 1892 4686 (68)
1958 4614 2060 4686 Sic‘
2102 4628 2292 4668 omnes
2337 4630 2464 4670 mss.
2507 4624 2562 4686 et.
2614 4614 2888 4669 Rabauus.
2932 4614 3067 4667 [ζιιίιί
3107 4629 3276 4672 vero:

1719 4683 1879 4738 Vide,
1914 4700 1978 4738 ne
2034 4684 2167 4753 forte
2219 4700 2337 4735 cum
2386 4685 2580 4736 venerit
2627 4686 2777 4736 ira...
2849 4686 3165 4752 conformem
3224 4692 3277 4740 ts

1708 4755 1876 4823 facias
1914 4754 2104 4821 (editio
2142 4753 2345 4823 Veneta
2415 4753 2646 4820 facient;
2687 4753 2940 4806 Rabanus
2975 4755 3272 4823 faciunt)...

1707 4822 1955 4876 similiter
1987 4834 2033 4876 et
2070 4822 2494 4887 concupiscentia
2522 4824 2752 4877 mala....
2796 4835 2841 4876 et
2866 4835 3054 4876 cwtera
3084 4822 3273 4894 quibus

1710 4909 1936 4960 prmens
1977 4895 2248 4951 siccatum,
2289 4901 2397 4947 etc.

1782 4963 1893 5028 (69)
1937 4963 2095 5028 Editi,
2148 4961 2318 5014 amica
2354 4979 2483 5023 mea,
2521 4961 2676 5016 male.

1779 5033 1892 5102 (70)
1923 5032 2012 5086 Sic
2038 5051 2136 5087 ms.
2169 5033 2365 5100 Regius
2391 5049 2534 5087 num.
2566 5033 2720 5087 1659.
2749 5031 2887 5085 EJiti
2922 5046 3050 5086 vero
3081 5040 3135 5087 et
3166 5032 3275 5085 Ra-

1712 5103 1904 5164 banus,
1931 5103 1986 5155 in
2012 5105 2241 5156 novitate
2279 5117 2456 5154 sensus
2491 5103 2666 5155 vestri.
2693 5102 2882 5154 (Σιυιοιί
2927 5117 3080 5164 mss.,
3113 5119 3272 5155 reno-

1707 5173 1912 5225 vatione
1942 5173 1996 5225 in
2033 5173 2260 5226 novitate
2289 5187 2468 5223 sensus
2500 5172 2672 5224 vestri.
2704 5170 2905 5225 Deinde
2930 5187 3060 5224 mss.
3095 5173 3268 5224 nostri

1707 5257 1896 5295 omnes
1919 5252 1974 5296 et
1998 5243 2272 5304 Rabanus,
2305 5239 2374 5292 Ut
2396 5243 2631 5292 ostendat
2656 5242 2778 5310 quia
2801 5242 3022 5308 formam
3061 5243 3272 5308 quidem

1703 5311 2014 5379 culpabilem
2046 5313 2194 5378 prius
2220 5310 2444 5378 formam
2476 5311 2714 5373 malitiw,
2747 5320 2851 5364 etc.
2891 5311 3111 5364 Rectius
3145 5326 3273 5364 vero

1686 5382 1831 5435 ‘editi
1861 5390 1918 5434 ut
1935 5381 1986 5434 in
2006 5391 2189 5434 nostro
2207 5388 2374 5432 textu.
2395 5381 2794 5450 Genebrardus,
2823 5394 2920 5449 pro
2943 5381 3274 5450 culpabilem,

1705 5464 1990 5521 perperam
2027 5450 2192 5521 habet
2223 5449 2564 5521 probabilem.

1788 5518 1900 5589 (Ἡ)
1932 5520 2092 5582 Editi,
2125 5518 2190 5572 In
2227 5519 2554 5570 renovatione
2591 5535 2766 5572 sensus
2801 5521 2986 5573 nostri.

1789 5589 2088 5661 (72))Editi,
2130 5599 2178 5642 et
2233 5599 2485 5661 quantum
2545 5591 2662 5656 quis
2713 5591 3035 5657 quotidie...
3075 5595 3272 5661 quanto

1719 5657 1886 5715 altius
1909 5659 2203 5711 intellectus
2238 5657 2449 5717 incedit,
2487 5668 2628 5711 tanta
2661 5675 2859 5726 semper
2906 5675 3066 5714 novus
3088 5657 3272 5726 'magis

1719 5740 1766 5784 et
1799 5729 2024 5797 quotidie
2052 5728 2232 5782 novior
2253 5727 2489 5796 efﬁcitur.
2512 5727 2708 5782 Deinde
2735 5743 2865 5781 mss.
2892 5733 3128 5795 quidam.
3169 5729 3206 5779 Λ
3221 5744 3274 5776 c-

1721 5801 1829 5854 scia
1857 5811 2028 5853 autem
2052 5801 2095 5852 si
2124 5798 2363 5852 renovari
2392 5807 2555 5863 potest
2584 5815 2736 5853 sensu
2763 5799 2850 5869 qui
2876 5801 3018 5870 piger
3044 5809 3142 5866 est,
3165 5806 3269 5851 etc.
