3812 6534
528 388 665 444 1207

520 607 666 652 stare
695 596 1027 666 diligentius.
1050 595 1249 663 iPotest
1280 602 1465 650 tamen
1511 597 1626 651 lieri
1662 606 1723 651 ut
1763 612 1869 651 non
1906 596 2085 651 omnis

520 703 715 744 sensus
747 686 799 740 iu
824 688 924 740 hoc
956 687 1127 755 possit
1156 687 1423 751 renovari,
1453 696 1512 741 ut
1543 687 1818 755 agnitione
1845 687 2098 756 scientite

521 777 797 831 dilatetur.
830 775 1179 831 Potesl'enim
1206 781 1455 831 renovari
1487 792 1681 834 sensus
1705 780 1771 832 ad
1793 779 2084 849 justitiam,

519 871 587 922 ad
622 869 1037 932 continentiam,
1068 869 1134 922 ad
1171 868 1626 933 misericordiam,
1659 868 1847 934 ﬁdem,
1874 872 2091 941 patien-

518 961 674 1013 tiam.
711 959 817 1015 Sed
866 960 987 1014 vide
1016 961 1147 1029 quid
1184 961 1237 1015 in
1288 960 1641 1031 sequentibus
1684 961 1812 1017 huic
1853 978 2086 1017 renova-

519 1051 652 1106 tioni
711 1066 906 1107 sensus
969 1053 1233 1124 adjungat
1278 1054 1590 1123 Apostolus.
1627 1052 1694 1107 Ut
1727 1053 1977 1123 probetis,
2006 1055 2087 1107 in-

515 1141 636 1212 quit
650 1141 783 1213 (74),
797 1159 913 1212 qua:
926 1145 991 1197 sit
1009 1146 1249 1198 voluntas
1268 1145 1384 1210 Dei,
1404 1144 1543 1213 quod
1555 1144 1767 1210 bonum,
1784 1155 1829 1198 et
1847 1145 2087 1213 benepla-

517 1234 703 1297 citum,
726 1243 774 1286 et
800 1235 1103 1304 perfectum.
1133 1235 1198 1289 Et
1231 1236 1416 1301 utique
1445 1236 1547 1289 nisi
1575 1235 1640 1289 ad
1665 1249 1881 1290 omnem
1910 1235 2085 1289 scien-

514 1324 647 1376 tiam
694 1334 986 1380 renovatus
1016 1326 1083 1381 sit
1126 1340 1343 1391 sensus,
1391 1336 1448 1380 et
1494 1334 1639 1379 totus
1686 1324 1781 1380 Dei
1819 1324 2082 1393 sapientia

517 1411 874 1476 illuminatus.
918 1417 1155 1484 probare
1207 1433 1310 1470 non
1347 1425 1526 1487 potest
1558 1432 1680 1486 qua:
1722 1418 1792 1471 sit
1836 1415 2085 1470 voluntas

516 1500 632 1556 Dei.
676 1502 729 1556 In
767 1505 952 1558 multis
994 1507 1136 1558 enim
1182 1515 1403 1574 putatur
1443 1520 1568 1560 esse
1600 1505 1850 1559 voluntas
1884 1504 2000 1571 Dei,
2029 1512 2084 1557 et

515 1606 621 1646 non
653 1603 756 1648 est.
787 1595 845 1647 In
876 1609 983 1664 quo
1023 1595 1075 1649 hi
1124 1596 1316 1663 utique
1356 1595 1444 1663 qui
1480 1609 1700 1650 sensum
1740 1609 1845 1647 non
1882 1594 2086 1648 habent

515 1693 856 1748 renovatum,
897 1693 1084 1739 errant
1123 1694 1175 1739 et
1210 1684 1489 1739 falluntur.
1530 1685 1625 1740 Est
1662 1692 1840 1740 autem
1892 1699 2082 1739 revera

513 1788 623 1828 non
659 1772 1025 1846 cujuscunque
1072 1791 1265 1832 sensus
1292 1777 1428 1848 (75).
1470 1777 1566 1833 sed
1616 1777 1777 1833 valde
1811 1776 2080 1839 renovati,

1947 385 2268 443 ORIGENIS

518 515 669 570 sunt,
699 518 886 559 verum
921 511 977 559 et
1007 501 1278 570 explicare
1323 506 1566 573 apertius
1591 504 1728 577 (75),
1762 512 1818 560 et
1851 504 2085 560 manife-
2114 507 2163 562 Α
2189 502 2280 557 Dei
2320 503 2433 555 lucc
2475 500 2614 555 bona
2649 506 2753 564 est,
2801 506 2856 552 et
2894 494 3257 565 beneplacita,
3290 500 3461 564 atque
3495 495 3738 563 perlecta;

3628 380 3738 436 Ws

2191 602 2249 646 et
2280 606 2387 646 non
2420 590 2543 645 talis
2572 605 2692 659 qua:
2715 589 2887 659 magis
2915 588 3205 643 desideriis
3236 587 3444 642 nostris
3468 587 3738 657 indulgeat,

2191 698 2351 754 quam
2399 682 2726 737 utilitatibus
2771 680 3047 736 consulat.
3091 679 3200 735 Sed
3244 678 3358 747 jam
3390 677 3460 732 ad
3492 684 3739 748 sequentis

2193 784 2597 830 convertamur.

2258 867 2315 919 2.
2348 866 2476 919 Dico
2520 867 2659 920 enim
2703 881 2799 933 per
2838 865 3099 935 gratiam,
3151 880 3271 934 qute
3315 866 3451 920 data
3497 876 3575 920 est
3618 868 3737 926 uilli,

2192 957 2429 1012 omnibus
2472 959 2564 1028 qui
2601 968 2721 1011 sunt
2766 959 2904 1011 inter
2948 973 3037 1012 vos
3075 974 3096 1012 :
3131 975 3237 1011 non
3277 959 3401 1027 plus
3444 970 3626 1026 sapere
3652 959 3740 1028 (79)

2191 1064 2347 1119 quam
2382 1056 2582 1115 oportet
2621 1063 2805 1115 sapere
2829 1087 2845 1113 ,
2899 1048 2990 1101 sed
3045 1063 3230 1115 sapere
3269 1050 3343 1101 ad
3395 1049 3741 1101 sobrietatem:

2191 1141 2474 1209 unicuique
2513 1141 2647 1191 sicut
2687 1138 2864 1191 diuisit
2918 1137 3057 1192 Deus
3095 1154 3402 1192 mensuram
3434 1138 3588 1205 ﬁdei.
3623 1135 3743 1189 Sicut

2191 1230 2329 1283 enim
2389 1231 2447 1282 in
2495 1246 2599 1283 uno
2653 1244 2870 1296 corpore
2947 1231 3115 1295 multa
3178 1231 3424 1282 membra
3488 1228 3745 1291 habenas,

2190 1321 2419 1374 membra
2461 1330 2637 1374 autem
2682 1320 2859 1372 omnia
2908 1335 3012 1372 non
3044 1319 3284 1373 eumdem
3322 1330 3511 1372 actum
3548 1320 3747 1371 (tabat:

2189 1412 2265 1463 ita
2298 1410 2451 1463 multi
2498 1426 2663 1463 unum
2697 1427 2889 1480 corpus
2933 1427 3116 1465 sumus
3157 1412 3214 1464 in
3257 1410 3524 1473 Christo;
3576 1410 3791 1478 siagsli‘

2189 1510 2364 1554 autem
2390 1500 2529 1554 alter
2557 1501 2777 1555 alterius
2802 1501 3111 1555 membra“.
3139 1502 3442 1556 Sciendum
3466 1501 3642 1568 primo
3664 1512 3750 1563 at,
3794 1498 3795 1529 ἴ

2188 1594 2330 1660 quod
2359 1594 2447 1648 ubi
2468 1608 2564 1647 nos
2590 1593 2878 1658 habemus,
2897 1594 3140 1647 omnibus
3159 1594 3252 1665 qui
3269 1603 3398 1647 sunt
3430 1595 3575 1646 inter
3592 1609 3692 1655 eos,
3706 1593 3750 1646 iu

2189 1683 2379 1739 Graeco
2432 1684 2680 1750 habetur,
2725 1685 2867 1738 omni
2900 1686 2991 1754 qui
3036 1695 3112 1738 est
3150 1686 3205 1737 in
3262 1687 3438 1737 vobis.
3465 1684 3573 1751 Qui
3596 1699 3753 1738 sermo
3794 1676 3795 1717 ῖ

2189 1775 2377 1846 utique
2417 1777 2484 1829 ad
2527 1790 2622 1831 eos
2652 1777 2855 1829 iudicat
2895 1776 3125 1829 verbum
3171 1774 3314 1836 ﬁeri.
3351 1775 3453 1844 qui
3494 1789 3620 1829 cum
3650 1784 3754 1828 ante
3794 1774 3795 1839 ξ

513 1874 568 1919 et
595 1865 677 1935 (ut
706 1866 777 1919 ita
807 1867 1008 1940 dicam)
1040 1870 1105 1922 ad
1138 1869 1231 1924 Dei
1275 1868 1389 1937 jam
1437 1869 1728 1940 imaginem
1777 1867 2081 1935 reformati,
2115 1867 2159 1922 Β
2189 1882 2292 1922 non
2322 1865 2544 1932 fuerint,
2597 1881 2738 1921 nunc
2785 1881 2908 1921 esse
2950 1875 3256 1934 coeperunt.
3314 1866 3473 1920 Deus
3522 1865 3755 1929 euim,ut
3794 1850 3795 1863 ³

516 1958 747 2024 probare
792 1959 845 2013 in
899 1960 1128 2032 singulis
1171 1963 1483 2031 quibusque
1525 1976 1648 2031 quae
1695 1962 1928 2033 agimus,
1963 1976 2087 2031 quae

515 2049 807 2118 loquimur,
853 2066 973 2119 qua:
1015 2053 1338 2123 c0gitamus,
1379 2054 1421 2107 si
1453 2054 1525 2107 sit
1565 2053 1817 2108 voluntas
1868 2053 1997 2118 Dei;
2031 2064 2085 2109 et

514 2141 651 2195 nihil
698 2143 919 2198 omnino
958 2144 1043 2197 vel
1083 2158 1269 2212 agere,
1316 2144 1402 2198 vel
1447 2144 1651 2208 dicere,
1705 2145 1788 2198 vel
1845 2144 2085 2216 cogitare

514 2232 658 2299 quod
685 2233 951 2287 voluntati
1018 2235 1106 2287 Dei
1157 2249 1265 2287 non
1319 2233 1556 2288 senserit
1607 2237 1922 2289 convenire.
1953 2233 2086 2299 Qua:

514 2323 603 2386 sit,
640 2323 834 2392 inquit,
864 2323 1110 2379 voluntas
1150 2324 1267 2388 Dei,
1307 2325 1449 2395 quod
1480 2324 1694 2388 bonum,
1724 2335 1771 2379 et
1795 2325 2086 2395 beneplaci—

515 2426 648 2479 tum,
677 2423 727 2468 et
761 2415 1067 2483 perfectum.
1105 2414 1163 2469 Si
1205 2415 1502 2470 secundum
1535 2416 1638 2471 hoc
1669 2415 1910 2486 legamus
1937 2417 2081 2486 quod

517 2503 572 2556 iu
606 2502 817 2556 Latinis
865 2501 1145 2557 codicibus
1183 2503 1512 2568 invenimus,
1560 2505 1649 2559 hic
1692 2505 1796 2559 erit
1842 2519 2082 2577 sensus:

514 2591 650 2657 Quia
686 2592 933 2647 voluntas
969 2592 1063 2648 Dei
1112 2603 1195 2649 est
1240 2595 1504 2664 quidquid
1545 2597 1769 2663 bonum,
1816 2606 1871 2651 et
1917 2598 2083 2652 bene-

514 2682 796 2750 placitum,
824 2693 878 2738 et
904 2685 1202 2752 perlectum
1228 2694 1308 2740 est
1328 2686 1439 2756 (76)
1464 2705 1478 2741 :
1507 2701 1605 2741 nec
1627 2687 1922 2758 potest(77)
1940 2688 2081 2741 aliud

513 2774 654 2828 velle
700 2774 861 2842 Deus,
908 2777 1008 2830 ni‘si
1063 2779 1206 2846 quod
1248 2778 1446 2831 bonum
1479 2789 1563 2833 est
1591 2796 1605 2833 :
1632 2788 1686 2834 et
1715 2780 1903 2846 utique
1937 2780 2082 2849 quod

517 2864 719 2919 bonum
759 2876 845 2920 est
871 2876 926 2921 et
970 2868 1290 2937 perlectum,
1324 2871 1444 2924 sine
1478 2871 1639 2926 dubio
1685 2871 1791 2926 hoc
1826 2872 1934 2927 Deo
1967 2871 2081 2941 pla-

521 2965 628 3008 cet.
680 2954 737 3009 Si
782 2972 911 3011 vero
953 2959 1249 3012 secundum
1307 2960 1411 3013 hoc
1460 2962 1605 3028 quod
1649 2960 1885 3014 diximus
1941 2962 2082 3029 apud

511 3044 733 3101 Grzecos
762 3046 972 3112 haberi,
1002 3048 1053 3102 id
1098 3060 1183 3103 est
1223 3061 1278 3103 ut
1320 3051 1546 3117 probetis
1580 3067 1698 3121 qua:
1725 3053 1793 3105 sit
1842 3053 2082 3110 voluntas

511 3133 613 3191 Dei
641 3136 796 3202 bona,
831 3149 877 3192 et
905 3138 1250 3209 beneplacita,
1275 3151 1323 3193 et
1356 3140 1609 3211 perfecta,
1641 3152 1823 3211 potest
1859 3145 2079 3214 quidem

512 3226 654 3279 idem
679 3228 820 3295 quod
861 3242 1024 3298 supra
1056 3229 1312 3295 diximus,
1357 3230 1552 3295 videri,
1584 3233 1727 3300 quod
1754 3233 1868 3306 (78)
1901 3236 2083 3290 omnis

516 3315 760 3371 voluntas
793 3318 886 3372 Dei
920 3320 1056 3374 bona
1086 3321 1181 3385 sit,
1218 3330 1273 3375 et
1324 3321 1690 3391 beneplucita,
1729 3332 1787 3377 et
1814 3325 2080 3394 perlecta.

510 3405 699 3463 Potest
727 3419 909 3464 autem
935 3420 990 3465 et
1020 3411 1128 3466 tale
1151 3412 1357 3481 aliquid
1389 3413 1441 3468 in
1473 3415 1558 3470 his
1583 3417 1928 3471 sermonibus
1956 3432 2082 3473 sen-

512 3496 627 3560 tiri,
662 3498 789 3566 quia
834 3499 928 3554 Dei
967 3501 1184 3569 quidem
1230 3503 1483 3558 voluntas
1524 3519 1741 3575 semper
1781 3507 1922 3562 bona
1966 3516 2078 3574 est,

511 3589 608 3642 sed
641 3603 749 3644 non
781 3604 995 3660 semper
1025 3592 1163 3646 bona
1192 3593 1309 3663 ejus
1335 3594 1613 3650 voluntate
1639 3597 1939 3666 dispensari
1970 3615 2084 3656 me-

512 3693 721 3748 remur,
753 3697 925 3753 neque
953 3683 1289 3753 beneplacita
1322 3695 1378 3741 et
1412 3686 1673 3754 perlecta.
1699 3690 1862 3744 Verbi
1893 3705 2078 3761 causa,

513 3782 572 3824 ut
603 3784 897 3844 ungeretur
925 3775 1053 3830 Saul
1090 3779 1141 3832 in
1193 3794 1370 3849 regem
1425 3780 1528 3836 fuit
1575 3783 1790 3853 quidem
1822 3787 2079 3842 voluntas

511 3862 634 3929 Dei,
654 3866 751 3921 sed
781 3882 887 3921 non
920 3866 1283 3939 beneplacita,
1322 3888 1497 3942 neque
1534 3876 1798 3944 perlecta.
1829 3879 2080 3935 lrascens

508 3954 660 4008 enim
681 3956 899 4025 populo,
927 3960 1017 4029 qui
1050 3960 1375 4017 refutaverat
1405 3964 1574 4019 Deum
1602 3968 1804 4023 habere
1832 3985 1994 4039 super
2022 3986 2083 4027 se

510 4060 717 4115 regem,
746 4063 925 4118 regem
955 4051 1033 4105 eis
1063 4054 1335 4109 hominem
1363 4056 1528 4126 jussit
1562 4058 1769 4114 institui
1790 4061 1854 4116 ³⁸.
1889 4060 1994 4117 Sed
2028 4071 2083 4119 et

510 4136 780 4206 Propheta
824 4158 891 4196 ex
944 4154 1170 4212 persona
1208 4147 1300 4201 Dei
1349 4149 1481 4203 dicit
1512 4168 1527 4204 :
1556 4149 1751 4205 Dimisi
1782 4169 1872 4207 eos
1896 4170 2081 4208 δεθείην

511 4230 639 4282 dum
667 4231 927 4286 desideria
969 4237 1143 4291 cordis
1184 4254 1387 4304 eorum,
1419 4250 1475 4292 ut
1521 4242 1656 4296 irent
1684 4244 1740 4297 in
1778 4245 2080 4306 cupiditati.

514 4323 608 4375 bus
643 4323 752 4376 suis
769 4326 839 4378 ".
871 4324 962 4380 Sic
1011 4341 1140 4397 ergo
1185 4329 1474 4399 aliquando
1505 4336 1564 4387 lit
1595 4334 1844 4391 voluntas
1881 4336 1972 4390 Dei
2022 4338 2078 4391 in

513 4415 601 4468 bis
651 4416 702 4469 in
752 4420 945 4486 quibus
977 4422 1411 4491 concupiscimus
1444 4435 1500 4481 et
1535 4427 1906 4483 desideramus
1934 4442 1951 4482 :
1983 4430 2077 4484 sed

513 4509 601 4576 qui
640 4521 929 4566 renovatus
971 4524 1055 4567 est
1089 4531 1272 4582 sensu,
1302 4520 1534 4586 probare
1562 4522 1727 4578 debet
1751 4523 1796 4577 si
1827 4522 2077 4580 voluntas

586 4601 670 4679 f‘l
711 4603 839 4679 Reg.
866 4619 962 4668 vtt,
998 4605 1029 4656 7
1058 4622 1173 4679 seq.

509 4671 529 4724 l
555 4673 681 4729 Cor.
709 4687 772 4735 tt,
796 4678 850 4727 .t.

581 4767 692 4837 (75)
735 4767 903 4838 βιίἰιί,
935 4787 997 4823 ea
1024 4773 1289 4838 applicare
1318 4776 1571 4836 apertius.

580 4835 690 4907 (7A)
723 4835 921 4915 lnquit.
960 4835 1119 4915 Deest
1158 4844 1209 4894 iu
1249 4835 1410 4915 editis
1455 4855 1508 4896 et
1557 4847 1608 4899 in
1659 4846 1899 4915 pluribus
1930 4866 2063 4907 mss.

513 4921 722 4959 necnon
773 4912 912 4975 apud
963 4910 1267 4971 liabauum.
1301 4914 1393 4966 sed
1426 4910 1730 4970 restituitur
1759 4934 1826 4972 ex
1859 4920 2068 4975 duobus

511 4992 640 5029 mss.
680 4978 881 5052 Regiis.
924 4978 1143 5052 Deinde
1180 4998 1309 5036 mss.
1340 4984 1581 5052 plerique
1607 4997 1659 5039 et
1686 4989 1839 5050 editi,
1877 4988 1940 5041 Et
1967 4992 2070 5044 uti-

508 5063 606 5128 que
646 5049 747 5101 nisi
780 5047 849 5100 ad
891 5065 1064 5103 omnes
1096 5047 1400 5128 (Datianus,
1452 5047 1520 5105 ad
1553 5057 1750 5128 omnia)
1792 5047 2069 5115 renovatus

509 5122 575 5198 sit
598 5132 798 5196 sensus,
834 5128 883 5172 et
907 5122 1384 5198 totut_(liabattus,
1423 5133 1471 5198 et
1510 5125 1640 5198 tota)
1686 5122 2071 5198 Deisapientia

508 5184 860 5251 illuminatus,
895 5197 1002 5262 etc.
1023 5184 1142 5262 Sed
1174 5208 1302 5246 mss.
1333 5184 1529 5262 llegius
1571 5184 1719 5249 num.
1748 5184 1901 5258 1659,
1935 5208 1990 5251 ut
2019 5200 2070 5254 itt

510 5264 696 5335 nostro
729 5267 901 5335 textu,
933 5260 1034 5335 nisi
1074 5263 1216 5335 quod
1260 5277 1360 5335 pro
1394 5260 1443 5335 et
1494 5274 1633 5319 totus
1666 5265 1762 5319 Dei
1792 5268 2070 5335 sapientia,

512 5321 712 5402 habeat
736 5336 783 5402 et
825 5329 897 5381 ita
941 5321 1355 5402 Derigs'apieniia.
1394 5332 1561 5389 Paulo
1604 5346 1723 5402 post
1770 5321 1898 5389 νειίο
1929 5321 2096 5391 idem.

513 5394 837 5479 tnssliegius
861 5410 915 5479 et
937 5400 1064 5453 editi
1085 5394 1300 5479 habent
1319 5419 1543 5479 numero
1571 5394 1852 5476 singulari,
1884 5406 1937 5461 in
1968 5425 2070 5476 quo

511 5477 557 5543 τέ
581 5472 765 5543 ltitique
785 5472 876 5543 qui
908 5484 1113 5523 sensum
1151 5488 1253 5523 non
1281 5472 1435 5543 habet
1473 5472 1794 5538 renovaium,
1827 5472 1991 5543 errat,
2021 5486 2071 5530 et

423 5555 427 5563 ν
776 5530 867 5590 sed
897 5543 1075 5594 caueri
1108 5556 1239 5596 mss.
1267 5552 1321 5596 et
1344 5541 1598 5599 Rabanus
1623 5530 1905 5614 pluraliter
1934 5530 1991 5600 ui
2016 5549 2067 5601 iu

757 5621 902 5656 extu.

757 5621 902 5660 extu.

734 5674 899 5748 Editi,
930 5694 1031 5731 non
1058 5680 1309 5748 cujusque
1335 5699 1539 5739 sensus.

730 5743 1132 5825 Si_secundum'
1169 5743 1269 5825 hoc
1309 5752 1539 5821 legamus
1580 5756 1720 5825 quod
1767 5756 1821 5810 in
1864 5756 2065 5810 Latinis

518 5816 781 5870 codicibus
804 5817 1115 5884 invenimus,
1159 5821 1239 5873 hic
1280 5816 1377 5877 erii
1411 5816 1631 5878 sensus:
1657 5824 1795 5889 Quia
1827 5827 2060 5881 voluntas

1253 4611 1296 4642 ¹⁹
1322 4611 1821 4680 Ρεειιηι.ιιχπ,1ὄ.
1897 4615 2251 4681 ²⁶Ιιοηι.ιιι,
2294 4616 2328 4669 5
2375 4629 2491 4684 seq.
2562 4614 2769 4668 “Rom.
2801 4627 2878 4678 tv,
2938 4613 3024 4669 17.

2187 1959 2327 2014 idem
2355 1958 2647 2029 Apostolus
2670 1957 2782 2029 (80)
2817 1960 2974 2023 ait",
3008 1969 3157 2013 uocat
3182 1974 3303 2029 qua:
3334 1975 3449 2012 non
3484 1968 3631 2024 sunt,
3657 1969 3756 2011 tau-

2184 2066 2341 2120 quam
2372 2067 2490 2118 qum
2515 2060 2657 2103 sunt.
2699 2049 2867 2121 656
2893 2048 3007 2104 Non
3039 2060 3164 2104 sunt
3190 2061 3373 2104 autem
3401 2050 3462 2104 hi
3491 2050 3587 2119 qui
3614 2050 3758 2118 parti-

2184 2142 2333 2209 cipes
2384 2155 2488 2194 non
2549 2151 2675 2194 sunt
2725 2142 2841 2208 ejus
2878 2141 2972 2210 qui
3016 2155 3147 2195 vere
3199 2150 3309 2207 est,
3360 2142 3463 2209 qui
3522 2141 3659 2194 dixit
3702 2141 3757 2193 ad

2186 2231 2410 2301 Moysen
2427 2233 2474 2263 "
2504 2248 2518 2285 :
2554 2231 2657 2286 D.~'c
2684 2231 2815 2299 filiis
2846 2230 3019 2285 Israel
3042 2231 3157 2303 (81)
3193 2249 3207 2285 :
3237 2230 3346 2297 Qui
3366 2245 3482 2295 est,
3521 2234 3665 2286 nisi
3692 2246 3759 2286 Is

2183 2323 2253 2375 ad
2289 2339 2398 2376 vos.
2431 2321 2584 2387 Quod
2617 2338 2746 2390 ergo
2777 2321 2856 2375 ait
2889 2321 3087 2376 Paulus
3116 2340 3131 2376 :
3165 2322 3297 2376 Dico
3334 2324 3488 2377 enim
3536 2324 3760 2377 omnibus
3794 2360 3795 2363 η

2182 2414 2272 2483 qui
2298 2412 2423 2467 sunt
2456 2414 2595 2468 inter
2626 2430 2746 2478 vos;
2794 2415 2900 2477 vel,
2939 2422 3001 2468 ut
3046 2413 3099 2467 iu
3149 2413 3359 2468 Graecis
3408 2415 3609 2469 haberi
3638 2416 3761 2469 dixi-

2187 2521 2329 2569 mus,
2360 2508 2502 2559 omni
2529 2506 2620 2577 qui
2644 2518 2719 2559 est
2750 2510 2806 2559 in
2832 2506 2994 2566 vobis.
3031 2505 3206 2560 simile
3230 2517 3316 2560 est
3346 2522 3415 2561 ac
3455 2510 3505 2559 si
3536 2508 3759 2562 diceret:
3794 2520 3795 2523 ‘

2185 2597 2316 2652 Dico
2358 2597 2497 2651 enim
2545 2597 2692 2651 omni
2729 2597 2821 2666 qui
2864 2597 2916 2651 in
2964 2598 3074 2651 Deo
3114 2608 3220 2662 est,
3272 2614 3381 2652 non
3421 2598 3559 2664 plus
3594 2615 3795 2667 saperet

2182 2705 2340 2760 quam
2379 2697 2577 2757 Oportet
2612 2705 2817 2757 sapere.
2867 2686 3252 2743 Verumtamen
3307 2691 3623 2745 videndum
3669 2701 3761 2753 est,

2185 2784 2310 2856 quia
2338 2784 2560 2848 Paulus,
2596 2784 2733 2838 sicut
2770 2792 2825 2837 et
2858 2782 2910 2835 in
2947 2782 3070 2836 aliis
3096 2783 3249 2849 dicit,
3275 2797 3385 2837 non
3416 2784 3479 2836 in
3511 2782 3764 2837 suasoriis

2181 2878 2465 2947 lapientim
2492 2876 2727 2931 carnalis
2766 2876 2948 2931 verbis
2981 2876 3047 2940 ”,
3092 2876 3187 2929 sed
3233 2891 3332 2943 per
3372 2876 3628 2946 gratiam
3656 2890 3764 2944 qua

2183 2967 2283 3023 sibi
2325 2968 2450 3022 data
2496 2977 2582 3023 est
2623 2967 2883 3037 loquitur.
2919 2967 3012 3021 Est.
3040 2968 3185 3021 enim
3237 2968 3407 3019 multa
3461 2966 3764 3022 diﬂerentis

2183 3072 2283 3129 per
2308 3059 2535 3130 gratiam
2570 3058 2862 3128 loquentis,
2880 3068 2936 3112 et
2955 3073 3051 3127 per
3077 3057 3371 3112 humanam
3403 3059 3756 3129 sapientiam.

2187 3152 2425 3220 Denique
2452 3159 2507 3203 et
2542 3148 2702 3204 rebus
2744 3149 2872 3217 ipsis
2912 3164 3057 3219 stepe
3093 3158 3437 3218 compertum
3480 3159 3600 3211 est.
3646 3164 3795 3203 ποθ-η

2184 3242 2358 3297 nullos
2405 3242 2722 3310 eloquentes
2755 3252 2813 3296 et
2861 3243 3103 3296 eruditos
3137 3243 3283 3294 viros
3330 3257 3445 3296 non
3504 3242 3681 3296 solum
3718 3242 3763 3294 in

2182 3347 2454 3399 sermone,
2484 3332 2577 3387 sed
2599 3342 2655 3386 et
2679 3332 2733 3386 iu
2762 3332 3013 3387 sensibus
3042 3341 3410 3402 prapotentes
3442 3348 3580 3387 cum
3609 3333 3763 3387 multa

2182 3424 2237 3480 in
2288 3425 2548 3481 Ecclesiis
2589 3424 2848 3491 dixerint,
2883 3435 2938 3479 et
2971 3424 3248 3493 ingentem
3281 3424 3553 3493 plausum
3602 3425 3764 3479 laudis

2181 3516 2514 3586 acceperint,
2551 3519 2822 3572 neminem
2873 3525 3054 3570 tamen
3089 3516 3400 3571 auditorum
3431 3533 3509 3572 ex
3545 3517 3635 3573 bis
3659 3531 3765 3588 qua

2182 3611 2320 3665 dicta
2346 3620 2471 3666 sunt
2492 3609 2961 3681 compunctionem
2988 3609 3168 3664 cordis
3206 3610 3488 3678 accipere,
3517 3624 3627 3664 nec
3654 3624 3765 3678 pro-

2181 3702 2344 3758 licere
2366 3703 2430 3757 ad
2464 3703 2645 3768 ﬁdem,
2673 3717 2772 3757 nec
2795 3702 2862 3755 ad
2887 3700 3138 3755 timorem
3171 3700 3356 3755 Deiex
3387 3702 3765 3756 recordatione

2181 3808 2370 3849 eorum
2396 3808 2515 3863 qua:
2542 3795 2687 3847 dicta
2719 3802 2847 3848 sunt
2892 3791 3114 3847 incitari
3142 3808 3159 3847 :
3187 3793 3283 3846 sed
3318 3795 3619 3847 suavitate
3643 3807 3765 3862 qua.

2181 3884 2334 3949 dam,
2385 3893 2455 3938 et.
2488 3884 2846 3938 delectatione
2886 3882 3001 3938 sola
3047 3881 3274 3936 auribus
3322 3891 3491 3949 capta
3535 3882 3762 3936 discedi-

2182 3982 2271 4027 tur
2297 3971 2410 4044 (82)
2441 3992 2455 4028 :
2480 3988 2623 4042 saepe
2651 3982 2831 4027 autem
2862 3973 3008 4026 viros
3035 3987 3142 4025 non
3176 3987 3390 4041 magna:
3410 3972 3765 4043 eloquentia,

2160 4077 2280 4118 .uec
2311 4066 2689 4134 compositioni
2725 4065 2996 4120 sermonis
3042 4067 3349 4130 studentes,
3394 4067 3596 4121 verbis
3638 4066 3765 4121 sitn-

2179 4156 2409 4226 plicibus
2438 4168 2494 4211 et
2518 4157 2894 4226 incompositis
2925 4159 3123 4213 multos
3164 4156 3473 4212 inﬁdelium
3506 4161 3581 4213 ad
3614 4159 3767 4212 ﬁdem

2180 4258 2534 4313 convertere,
2595 4251 2860 4319 superbos
2915 4251 3183 4321 inclinare
3234 4250 3303 4304 ad
3361 4250 3764 4311 humilitatem,

2179 4340 2533 4409 peccantibus
2556 4340 2833 4395 stimulum
2867 4341 3244 4396 conversionis
3278 4340 3537 4410 inﬁgere.
3574 4342 3644 4395 Et
3669 4340 3766 4394 hoc

2180 4433 2364 4501 utique
2394 4432 2606 4500 signum
2638 4441 2746 4496 est,
2788 4432 2930 4485 sicut
2972 4432 3026 4484 in
3065 4430 3314 4500 praesenti
3346 4429 3659 4499 Apostolus
3689 4430 3766 4481 die

2184 4524 2278 4589 cit,
2329 4538 2424 4592 per
2469 4522 2699 4594 gratiam
2752 4521 2896 4590 loqui
2929 4536 3048 4591 quae
3090 4522 3211 4576 data
3256 4530 3344 4576 est
3379 4518 3628 4593 eis(83).
3660 4520 3766 4589 Ego

3131 4612 3373 4668 “Exod.
3431 4628 3522 4679 ιιι,
3554 4613 3649 4670 ﬂ.
3722 4612 3765 4644 ⁸³

2105 4788 2150 4843 1)
2179 4778 2273 4832 Dei
2295 4788 2366 4827 est
2390 4774 2644 4845 quidquid
2668 4772 2877 4845 bonum,
2900 4780 2949 4826 et
2968 4771 3374 4845 beneplacitum,
3395 4780 3445 4826 et
3466 4772 3763 4843 perfectus

2175 4860 2271 4902 est.
2303 4843 2425 4898 llzec
2454 4843 2646 4897 desunt
2684 4844 2735 4896 in
2773 4843 2928 4896 libris
2955 4853 3114 4896 antea
3141 4843 3321 4896 editis.

2248 4914 2360 4985 (77)
2394 4914 2557 4973 Editi,
2584 4929 2684 4965 non
2716 4923 2904 4982 potest,
2930 4922 3033 4985 etc.

2248 4983 2361 5056 (78)
2390 4985 2661 5046 liabauus,
2708 4992 2876 5048 potest
2917 4983 3148 5053 quidem,
3191 4990 3249 5035 ut
3289 4997 3454 5048 supra
3497 4983 3761 5052 diximus,

2176 5058 2362 5118 videri,
2393 5056 2552 5120 quod,
2587 5063 2692 5105 etc.
3318 5057 3322 5060 ’

2248 5125 2360 5194 (79)
2391 5124 2511 5176 Hzec
2538 5123 2719 5183 verba,
2749 5139 2853 5194 non
2884 5123 3003 5190 plus
3026 5137 3228 5187 sapere,
3257 5132 3393 5185 etc.,
3436 5138 3623 5192 usque
3672 5129 3759 5189 ad,

2177 5193 2313 5249 alter
2348 5194 2567 5247 alterius
2615 5193 2869 5253 membra,
2911 5194 3177 5247 desuulin
3219 5195 3416 5259 editis;
3450 5195 3550 5248 sed
3601 5199 3760 5251 testi.

2178 5275 2405 5320 tuuntur
2429 5278 2495 5315 ex
2518 5264 2768 5315 omnibus
2794 5278 2925 5315 mss.

2251 5335 2361 5407 (80)
2391 5333 2551 5407 Editj,
2579 5331 2842 5407 cquerint.
2883 5332 3023 5384 Deus
3051 5331 3239 5407 _e_n_ir_n,_
3268 5341 3329 5407 ut
3368 5334 3501 5385 dicit
3526 5335 3763 5401 Aposto-

2176 5401 2280 5471 lus,
2307 5401 2414 5457 etc.
2471 5401 2573 5471 Ms.
2621 5401 2819 5470 Regius
2848 5417 2993 5457 num.
3048 5401 3181 5454 l639
3227 5403 3417 5456 itidem
3459 5410 3762 5471 ceperint;

2177 5470 2271 5528 sed
2315 5475 2521 5541 reliqua
2565 5470 2680 5536 ipse
2724 5481 2779 5524 et
2835 5471 3018 5525 caeteri
3058 5487 3190 5526 mss.
3236 5487 3450 5527 necnon
3484 5472 3763 5529 Rabanus

2176 5544 2376 5599 habent
2405 5555 2464 5595 ut
2507 5545 2558 5596 iu
2599 5549 2764 5595 textu.

2249 5616 2363 5679 (8i)
2390 5614 2553 5676 Editi,
2586 5609 2713 5681 lites
2737 5612 2876 5666 dices
2911 5612 3038 5681 ﬁliis
3064 5610 3256 5680 Israel,
3290 5614 3455 5670 male.

2246 5684 2355 5756 (82)
2383 5686 2471 5738 Sic
2504 5699 2604 5739 ms.
2629 5679 2828 5753 Regius
2852 5679 3000 5737 utim.
3028 5681 3165 5738 1659
3194 5694 3249 5739 et
3270 5687 3426 5741 editi.
3454 5683 3595 5740 Mss.
3622 5701 3758 5742 vero

2172 5755 2433 5824 plerique,
2468 5756 2707 5807 discitur.

2242 5826 2356 5897 (83)
2386 5824 2512 5880 Mss.
2543 5827 2785 5894 plerique
2823 5835 2877 5881 et
2898 5826 3050 5893 editi,
3083 5826 3221 5895 signi
3269 5838 3439 5885 est....
3464 5842 3591 5899 quc
3622 5833 3757 5883 dats
