  <div class='ocr_page' id='page_1' title='image "/cluster/home/n/w/nwhite01/storage/ocr_20150623/14/hvd.32044024333478/612.png"; bbox 0 0 3796 6540; ppageno 0'>
   <div class='ocr_carea' id='block_1_1' title="bbox 129 399 254 457">
    <p class='ocr_par' dir='ltr' id='par_1_1' title="bbox 129 399 254 457">
     <span class='ocr_line' id='line_1_1' title="bbox 129 399 254 457; baseline -0.016 -1"><span class='ocrx_word' id='word_1_1' title='bbox 129 399 254 457; x_wconf 68' lang='grc'><strong>1209</strong></span> 
     </span>
    </p>
   </div>
   <div class='ocr_carea' id='block_1_2' title="bbox 1103 397 2445 459">
    <p class='ocr_par' dir='ltr' id='par_1_2' title="bbox 1103 397 2445 459">
     <span class='ocr_line' id='line_1_2' title="bbox 1103 397 2445 459; baseline -0.003 -1"><span class='ocrx_word' id='word_1_2' title='bbox 1103 399 1460 458; x_wconf 79' lang='lat' dir='ltr'><strong>COMMENT.</strong></span> <span class='ocrx_word' id='word_1_3' title='bbox 1500 401 1570 458; x_wconf 86' lang='lat' dir='ltr'><strong>lN</strong></span> <span class='ocrx_word' id='word_1_4' title='bbox 1607 399 1831 459; x_wconf 81' lang='lat' dir='ltr'><strong>EPIST.</strong></span> <span class='ocrx_word' id='word_1_5' title='bbox 1879 398 1966 454; x_wconf 76' lang='lat' dir='ltr'><strong>AD</strong></span> <span class='ocrx_word' id='word_1_6' title='bbox 1999 397 2167 456; x_wconf 82' lang='lat' dir='ltr'><strong>ROM.</strong></span> <span class='ocrx_word' id='word_1_7' title='bbox 2193 398 2320 454; x_wconf 84' lang='lat' dir='ltr'><strong>LIB.</strong></span> <span class='ocrx_word' id='word_1_8' title='bbox 2355 398 2445 454; x_wconf 77' lang='lat' dir='ltr'><strong>IX.</strong></span> 
     </span>
    </p>
   </div>
   <div class='ocr_carea' id='block_1_3' title="bbox 3212 397 3352 453">
    <p class='ocr_par' dir='ltr' id='par_1_3' title="bbox 3212 397 3352 453">
     <span class='ocr_line' id='line_1_3' title="bbox 3212 397 3352 453; baseline 0.021 -3"><span class='ocrx_word' id='word_1_9' title='bbox 3212 397 3352 453; x_wconf 73' lang='grc'><strong>1210</strong></span> 
     </span>
    </p>
   </div>
   <div class='ocr_carea' id='block_1_4' title="bbox 127 515 3353 587">
    <p class='ocr_par' dir='ltr' id='par_1_4' title="bbox 127 515 3353 587">
     <span class='ocr_line' id='line_1_4' title="bbox 127 515 3353 587; baseline 0 -16"><span class='ocrx_word' id='word_1_10' title='bbox 127 524 289 572; x_wconf 77' lang='lat' dir='ltr'><strong>autem</strong></span> <span class='ocrx_word' id='word_1_11' title='bbox 321 525 480 586; x_wconf 90' lang='lat' dir='ltr'><strong>puto,</strong></span> <span class='ocrx_word' id='word_1_12' title='bbox 511 529 618 571; x_wconf 90' lang='lat' dir='ltr'><strong>non</strong></span> <span class='ocrx_word' id='word_1_13' title='bbox 653 517 828 572; x_wconf 85' lang='lat' dir='ltr'><strong>solum</strong></span> <span class='ocrx_word' id='word_1_14' title='bbox 861 518 914 572; x_wconf 94' lang='lat' dir='ltr'><strong>in</strong></span> <span class='ocrx_word' id='word_1_15' title='bbox 944 517 1108 575; x_wconf 82' lang='lat' dir='ltr'><strong>verbo</strong></span> <span class='ocrx_word' id='word_1_16' title='bbox 1136 521 1227 574; x_wconf 88' lang='lat' dir='ltr'><strong>Dei</strong></span> <span class='ocrx_word' id='word_1_17' title='bbox 1260 521 1560 576; x_wconf 86' lang='lat' dir='ltr'><strong>Ecclesiam</strong></span> <span class='ocrx_word' id='word_1_18' title='bbox 1592 523 1689 574; x_wconf 88' lang='lat' dir='ltr'><strong>do-</strong></span> <span class='ocrx_word' id='word_1_19' title='bbox 1718 526 1759 582; x_wconf 80' lang='grc' dir='ltr'><strong>Α</strong></span> <span class='ocrx_word' id='word_1_20' title='bbox 1792 521 1893 574; x_wconf 86' lang='lat' dir='ltr'><strong>hac</strong></span> <span class='ocrx_word' id='word_1_21' title='bbox 1929 521 2269 583; x_wconf 85' lang='lat' dir='ltr'><strong>deﬁnitione,</strong></span> <span class='ocrx_word' id='word_1_22' title='bbox 2306 531 2363 572; x_wconf 86' lang='grc' dir='ltr'><strong>ιιι</strong></span> <span class='ocrx_word' id='word_1_23' title='bbox 2391 529 2644 572; x_wconf 83' lang='lat' dir='ltr'><strong>naturam</strong></span> <span class='ocrx_word' id='word_1_24' title='bbox 2676 515 2759 571; x_wconf 87' lang='lat' dir='ltr'><strong>vel</strong></span> <span class='ocrx_word' id='word_1_25' title='bbox 2801 531 3021 571; x_wconf 80' lang='lat' dir='ltr'><strong>causam</strong></span> <span class='ocrx_word' id='word_1_26' title='bbox 3054 518 3262 587; x_wconf 77' lang='lat' dir='ltr'><strong>peccati</strong></span> <span class='ocrx_word' id='word_1_27' title='bbox 3298 520 3353 572; x_wconf 90' lang='lat' dir='ltr'><strong>in</strong></span> 
     </span>
    </p>
   </div>
   <div class='ocr_carea' id='block_1_5' title="bbox 127 609 1682 682">
    <p class='ocr_par' dir='ltr' id='par_1_5' title="bbox 127 609 1682 682">
     <span class='ocr_line' id='line_1_5' title="bbox 127 609 1682 682; baseline 0.005 -22"><span class='ocrx_word' id='word_1_28' title='bbox 127 609 360 662; x_wconf 82' lang='lat' dir='ltr'><strong>rentibus</strong></span> <span class='ocrx_word' id='word_1_29' title='bbox 385 609 579 663; x_wconf 77' lang='lat' dir='ltr'><strong>adesse</strong></span> <span class='ocrx_word' id='word_1_30' title='bbox 614 609 864 678; x_wconf 86' lang='lat' dir='ltr'><strong>gratiam,</strong></span> <span class='ocrx_word' id='word_1_31' title='bbox 897 610 943 664; x_wconf 87' lang='lat' dir='ltr'><strong>si</strong></span> <span class='ocrx_word' id='word_1_32' title='bbox 980 609 1102 665; x_wconf 89' lang='lat' dir='ltr'><strong>talis</strong></span> <span class='ocrx_word' id='word_1_33' title='bbox 1142 612 1215 666; x_wconf 89' lang='lat' dir='ltr'><strong>sit</strong></span> <span class='ocrx_word' id='word_1_34' title='bbox 1252 627 1434 666; x_wconf 85' lang='lat' dir='ltr'><strong>sermo</strong></span> <span class='ocrx_word' id='word_1_35' title='bbox 1467 613 1682 682; x_wconf 87' lang='lat' dir='ltr'><strong>qualem</strong></span> 
     </span>
    </p>
   </div>
   <div class='ocr_carea' id='block_1_6' title="bbox 127 698 1686 769">
    <p class='ocr_par' dir='ltr' id='par_1_6' title="bbox 127 698 1686 769">
     <span class='ocr_line' id='line_1_6' title="bbox 127 698 1686 769; baseline 0.004 -17"><span class='ocrx_word' id='word_1_36' title='bbox 127 714 272 765; x_wconf 86' lang='lat' dir='ltr'><strong>supra</strong></span> <span class='ocrx_word' id='word_1_37' title='bbox 315 698 578 763; x_wconf 77' lang='lat' dir='ltr'><strong>diximus,</strong></span> <span class='ocrx_word' id='word_1_38' title='bbox 628 701 718 768; x_wconf 90' lang='lat' dir='ltr'><strong>qui</strong></span> <span class='ocrx_word' id='word_1_39' title='bbox 767 702 1066 755; x_wconf 73' lang='lat' dir='ltr'><strong>auditorem</strong></span> <span class='ocrx_word' id='word_1_40' title='bbox 1123 717 1227 756; x_wconf 93' lang='lat' dir='ltr'><strong>non</strong></span> <span class='ocrx_word' id='word_1_41' title='bbox 1275 711 1382 756; x_wconf 88' lang='lat' dir='ltr'><strong>tam</strong></span> <span class='ocrx_word' id='word_1_42' title='bbox 1434 704 1686 769; x_wconf 78' lang='lat' dir='ltr'><strong>delectet,</strong></span> 
     </span>
    </p>
   </div>
   <div class='ocr_carea' id='block_1_7' title="bbox 128 789 1690 861">
    <p class='ocr_par' dir='ltr' id='par_1_7' title="bbox 128 789 1690 861">
     <span class='ocr_line' id='line_1_7' title="bbox 128 789 1690 861; baseline 0.008 -24"><span class='ocrx_word' id='word_1_43' title='bbox 128 804 269 859; x_wconf 82' lang='lat' dir='ltr'><strong>quam</strong></span> <span class='ocrx_word' id='word_1_44' title='bbox 309 789 584 852; x_wconf 83' lang='lat' dir='ltr'><strong>stimulet,</strong></span> <span class='ocrx_word' id='word_1_45' title='bbox 637 799 687 844; x_wconf 89' lang='lat' dir='ltr'><strong>et</strong></span> <span class='ocrx_word' id='word_1_46' title='bbox 742 791 807 843; x_wconf 88' lang='lat' dir='ltr'><strong>ad</strong></span> <span class='ocrx_word' id='word_1_47' title='bbox 854 791 1158 859; x_wconf 81' lang='lat' dir='ltr'><strong>profectum</strong></span> <span class='ocrx_word' id='word_1_48' title='bbox 1201 794 1435 861; x_wconf 83' lang='lat' dir='ltr'><strong>aliquem</strong></span> <span class='ocrx_word' id='word_1_49' title='bbox 1474 794 1690 849; x_wconf 86' lang='lat' dir='ltr'><strong>virtutis</strong></span> 
     </span>
    </p>
   </div>
   <div class='ocr_carea' id='block_1_8' title="bbox 128 881 1685 955">
    <p class='ocr_par' dir='ltr' id='par_1_8' title="bbox 128 881 1685 955">
     <span class='ocr_line' id='line_1_8' title="bbox 128 881 1685 955; baseline 0.004 -22"><span class='ocrx_word' id='word_1_50' title='bbox 128 881 380 947; x_wconf 82' lang='lat' dir='ltr'><strong>adducat;</strong></span> <span class='ocrx_word' id='word_1_51' title='bbox 433 881 530 936; x_wconf 91' lang='lat' dir='ltr'><strong>sed</strong></span> <span class='ocrx_word' id='word_1_52' title='bbox 561 890 614 936; x_wconf 56' lang='lat' dir='ltr'><strong>et</strong></span> <span class='ocrx_word' id='word_1_53' title='bbox 649 884 699 935; x_wconf 87' lang='lat' dir='ltr'><strong>in</strong></span> <span class='ocrx_word' id='word_1_54' title='bbox 738 884 992 937; x_wconf 79' lang='lat' dir='ltr'><strong>omnibus</strong></span> <span class='ocrx_word' id='word_1_55' title='bbox 1029 885 1144 938; x_wconf 82' lang='lat' dir='ltr'><strong>iere</strong></span> <span class='ocrx_word' id='word_1_56' title='bbox 1191 901 1311 955; x_wconf 70' lang='lat' dir='ltr'><strong>qua:</strong></span> <span class='ocrx_word' id='word_1_57' title='bbox 1357 895 1590 954; x_wconf 86' lang='lat' dir='ltr'><strong>aguntur</strong></span> <span class='ocrx_word' id='word_1_58' title='bbox 1634 887 1685 940; x_wconf 91' lang='lat' dir='ltr'><strong>in</strong></span> 
     </span>
    </p>
   </div>
   <div class='ocr_carea' id='block_1_9' title="bbox 128 969 1686 1044">
    <p class='ocr_par' dir='ltr' id='par_1_9' title="bbox 128 969 1686 1044">
     <span class='ocr_line' id='line_1_9' title="bbox 128 969 1686 1044; baseline 0.005 -22"><span class='ocrx_word' id='word_1_59' title='bbox 128 972 245 1034; x_wconf 80' lang='lat' dir='ltr'><strong>vita,</strong></span> <span class='ocrx_word' id='word_1_60' title='bbox 285 970 358 1022; x_wconf 88' lang='lat' dir='ltr'><strong>ita</strong></span> <span class='ocrx_word' id='word_1_61' title='bbox 411 983 535 1024; x_wconf 89' lang='lat' dir='ltr'><strong>esse</strong></span> <span class='ocrx_word' id='word_1_62' title='bbox 573 969 945 1039; x_wconf 86' lang='lat' dir='ltr'><strong>deprehendes</strong></span> <span class='ocrx_word' id='word_1_63' title='bbox 967 972 1100 1043; x_wconf 68' lang='lat'><strong>(84).</strong></span> <span class='ocrx_word' id='word_1_64' title='bbox 1148 975 1244 1028; x_wconf 87' lang='lat' dir='ltr'><strong>Est</strong></span> <span class='ocrx_word' id='word_1_65' title='bbox 1292 976 1434 1029; x_wconf 91' lang='lat' dir='ltr'><strong>enim</strong></span> <span class='ocrx_word' id='word_1_66' title='bbox 1485 976 1686 1044; x_wconf 83' lang='lat' dir='ltr'><strong>aliquis</strong></span> 
     </span>
    </p>
   </div>
   <div class='ocr_carea' id='block_1_10' title="bbox 128 1059 1691 1134">
    <p class='ocr_par' dir='ltr' id='par_1_10' title="bbox 128 1059 1691 1134">
     <span class='ocr_line' id='line_1_10' title="bbox 128 1059 1691 1134; baseline 0.006 -24"><span class='ocrx_word' id='word_1_67' title='bbox 128 1059 202 1131; x_wconf 87' lang='lat' dir='ltr'><strong>qui</strong></span> <span class='ocrx_word' id='word_1_68' title='bbox 230 1068 287 1113; x_wconf 89' lang='lat' dir='ltr'><strong>et</strong></span> <span class='ocrx_word' id='word_1_69' title='bbox 322 1061 376 1113; x_wconf 91' lang='lat' dir='ltr'><strong>in</strong></span> <span class='ocrx_word' id='word_1_70' title='bbox 405 1075 472 1115; x_wconf 90' lang='lat' dir='ltr'><strong>eo</strong></span> <span class='ocrx_word' id='word_1_71' title='bbox 503 1063 644 1130; x_wconf 90' lang='lat' dir='ltr'><strong>quod</strong></span> <span class='ocrx_word' id='word_1_72' title='bbox 669 1061 782 1130; x_wconf 87' lang='lat' dir='ltr'><strong>agit</strong></span> <span class='ocrx_word' id='word_1_73' title='bbox 807 1071 862 1116; x_wconf 87' lang='lat' dir='ltr'><strong>et</strong></span> <span class='ocrx_word' id='word_1_74' title='bbox 893 1064 946 1116; x_wconf 91' lang='lat' dir='ltr'><strong>in</strong></span> <span class='ocrx_word' id='word_1_75' title='bbox 983 1079 1047 1117; x_wconf 93' lang='lat' dir='ltr'><strong>eo</strong></span> <span class='ocrx_word' id='word_1_76' title='bbox 1071 1065 1213 1134; x_wconf 91' lang='lat' dir='ltr'><strong>quod</strong></span> <span class='ocrx_word' id='word_1_77' title='bbox 1240 1066 1499 1132; x_wconf 87' lang='lat' dir='ltr'><strong>loquitur,</strong></span> <span class='ocrx_word' id='word_1_78' title='bbox 1531 1067 1691 1120; x_wconf 87' lang='lat' dir='ltr'><strong>habet</strong></span> 
     </span>
    </p>
   </div>
   <div class='ocr_carea' id='block_1_11' title="bbox 130 1151 1693 1227">
    <p class='ocr_par' dir='ltr' id='par_1_11' title="bbox 130 1151 1693 1227">
     <span class='ocr_line' id='line_1_11' title="bbox 130 1151 1693 1227; baseline 0.007 -26"><span class='ocrx_word' id='word_1_79' title='bbox 130 1151 386 1222; x_wconf 73' lang='lat' dir='ltr'><strong>gratiam;</strong></span> <span class='ocrx_word' id='word_1_80' title='bbox 423 1162 478 1206; x_wconf 89' lang='lat' dir='ltr'><strong>et</strong></span> <span class='ocrx_word' id='word_1_81' title='bbox 508 1152 646 1206; x_wconf 88' lang='lat' dir='ltr'><strong>alius</strong></span> <span class='ocrx_word' id='word_1_82' title='bbox 676 1153 765 1220; x_wconf 86' lang='lat' dir='ltr'><strong>qui</strong></span> <span class='ocrx_word' id='word_1_83' title='bbox 803 1155 1072 1209; x_wconf 88' lang='lat' dir='ltr'><strong>interdum</strong></span> <span class='ocrx_word' id='word_1_84' title='bbox 1098 1166 1152 1210; x_wconf 90' lang='lat' dir='ltr'><strong>et</strong></span> <span class='ocrx_word' id='word_1_85' title='bbox 1177 1158 1497 1226; x_wconf 86' lang='lat' dir='ltr'><strong>prudentius</strong></span> <span class='ocrx_word' id='word_1_86' title='bbox 1522 1159 1693 1227; x_wconf 90' lang='lat' dir='ltr'><strong>loqui-</strong></span> 
     </span>
    </p>
   </div>
   <div class='ocr_carea' id='block_1_12' title="bbox 129 1243 1692 1318">
    <p class='ocr_par' dir='ltr' id='par_1_12' title="bbox 129 1243 1692 1318">
     <span class='ocr_line' id='line_1_12' title="bbox 129 1243 1692 1318; baseline 0.007 -24"><span class='ocrx_word' id='word_1_87' title='bbox 129 1253 222 1306; x_wconf 87' lang='lat' dir='ltr'><strong>tur,</strong></span> <span class='ocrx_word' id='word_1_88' title='bbox 250 1251 305 1296; x_wconf 90' lang='lat' dir='ltr'><strong>et</strong></span> <span class='ocrx_word' id='word_1_89' title='bbox 336 1243 654 1310; x_wconf 84' lang='lat' dir='ltr'><strong>diligentius</strong></span> <span class='ocrx_word' id='word_1_90' title='bbox 686 1259 750 1297; x_wconf 93' lang='lat' dir='ltr'><strong>ac</strong></span> <span class='ocrx_word' id='word_1_91' title='bbox 776 1245 1102 1302; x_wconf 78' lang='lat' dir='ltr'><strong>laboriosius</strong></span> <span class='ocrx_word' id='word_1_92' title='bbox 1131 1249 1264 1318; x_wconf 90' lang='lat' dir='ltr'><strong>agit,</strong></span> <span class='ocrx_word' id='word_1_93' title='bbox 1290 1265 1464 1318; x_wconf 90' lang='lat' dir='ltr'><strong>neque</strong></span> <span class='ocrx_word' id='word_1_94' title='bbox 1491 1250 1543 1303; x_wconf 91' lang='lat' dir='ltr'><strong>in</strong></span> <span class='ocrx_word' id='word_1_95' title='bbox 1570 1265 1692 1304; x_wconf 90' lang='lat' dir='ltr'><strong>ver-</strong></span> 
     </span>
    </p>
   </div>
   <div class='ocr_carea' id='block_1_13' title="bbox 127 1334 1687 1410">
    <p class='ocr_par' dir='ltr' id='par_1_13' title="bbox 127 1334 1687 1410">
     <span class='ocr_line' id='line_1_13' title="bbox 127 1334 1687 1410; baseline 0.003 -22"><span class='ocrx_word' id='word_1_96' title='bbox 127 1334 197 1388; x_wconf 87' lang='lat' dir='ltr'><strong>bis</strong></span> <span class='ocrx_word' id='word_1_97' title='bbox 220 1334 358 1400; x_wconf 86' lang='lat' dir='ltr'><strong>suis,</strong></span> <span class='ocrx_word' id='word_1_98' title='bbox 391 1349 570 1404; x_wconf 86' lang='lat' dir='ltr'><strong>neque</strong></span> <span class='ocrx_word' id='word_1_99' title='bbox 595 1335 650 1390; x_wconf 93' lang='lat' dir='ltr'><strong>in</strong></span> <span class='ocrx_word' id='word_1_100' title='bbox 679 1338 845 1406; x_wconf 79' lang='lat' dir='ltr'><strong>gestis</strong></span> <span class='ocrx_word' id='word_1_101' title='bbox 894 1339 1104 1392; x_wconf 84' lang='lat' dir='ltr'><strong>invenit</strong></span> <span class='ocrx_word' id='word_1_102' title='bbox 1138 1341 1393 1410; x_wconf 77' lang='lat' dir='ltr'><strong>gratiam.</strong></span> <span class='ocrx_word' id='word_1_103' title='bbox 1425 1342 1687 1409; x_wconf 76' lang='lat' dir='ltr'><strong>Denique,</strong></span> 
     </span>
    </p>
   </div>
   <div class='ocr_carea' id='block_1_14' title="bbox 126 1423 1687 1497">
    <p class='ocr_par' dir='ltr' id='par_1_14' title="bbox 126 1423 1687 1497">
     <span class='ocr_line' id='line_1_14' title="bbox 126 1423 1687 1497; baseline 0.003 -19"><span class='ocrx_word' id='word_1_104' title='bbox 126 1423 253 1478; x_wconf 80' lang='lat' dir='ltr'><strong>sicut</strong></span> <span class='ocrx_word' id='word_1_105' title='bbox 276 1432 332 1478; x_wconf 90' lang='lat' dir='ltr'><strong>et</strong></span> <span class='ocrx_word' id='word_1_106' title='bbox 361 1424 419 1477; x_wconf 87' lang='lat' dir='ltr'><strong>in</strong></span> <span class='ocrx_word' id='word_1_107' title='bbox 451 1425 573 1480; x_wconf 88' lang='lat' dir='ltr'><strong>aliis</strong></span> <span class='ocrx_word' id='word_1_108' title='bbox 603 1423 712 1492; x_wconf 78' lang='lat' dir='ltr'><strong>iam</strong></span> <span class='ocrx_word' id='word_1_109' title='bbox 741 1426 975 1480; x_wconf 84' lang='lat' dir='ltr'><strong>diximus</strong></span> <span class='ocrx_word' id='word_1_110' title='bbox 997 1427 1134 1497; x_wconf 84' lang='lat'><strong>(85),</strong></span> <span class='ocrx_word' id='word_1_111' title='bbox 1158 1430 1426 1497; x_wconf 89' lang='lat' dir='ltr'><strong>scriptum</strong></span> <span class='ocrx_word' id='word_1_112' title='bbox 1454 1440 1536 1482; x_wconf 89' lang='lat' dir='ltr'><strong>est</strong></span> <span class='ocrx_word' id='word_1_113' title='bbox 1563 1429 1687 1497; x_wconf 87' lang='lat' dir='ltr'><strong>quia</strong></span> 
     </span>
    </p>
   </div>
   <div class='ocr_carea' id='block_1_15' title="bbox 125 1513 1694 1589">
    <p class='ocr_par' dir='ltr' id='par_1_15' title="bbox 125 1513 1694 1589">
     <span class='ocr_line' id='line_1_15' title="bbox 125 1513 1694 1589; baseline 0.003 -19"><span class='ocrx_word' id='word_1_114' title='bbox 125 1525 172 1570; x_wconf 87' lang='lat' dir='ltr'><strong>et</strong></span> <span class='ocrx_word' id='word_1_115' title='bbox 198 1513 400 1584; x_wconf 83' lang='lat' dir='ltr'><strong>Joseph</strong></span> <span class='ocrx_word' id='word_1_116' title='bbox 453 1516 656 1571; x_wconf 88' lang='lat' dir='ltr'><strong>invenit</strong></span> <span class='ocrx_word' id='word_1_117' title='bbox 710 1519 938 1587; x_wconf 78' lang='lat' dir='ltr'><strong>gratiam</strong></span> <span class='ocrx_word' id='word_1_118' title='bbox 992 1519 1044 1572; x_wconf 92' lang='lat' dir='ltr'><strong>in</strong></span> <span class='ocrx_word' id='word_1_119' title='bbox 1091 1531 1385 1588; x_wconf 88' lang='lat' dir='ltr'><strong>conspectu</strong></span> <span class='ocrx_word' id='word_1_120' title='bbox 1433 1520 1694 1589; x_wconf 89' lang='lat' dir='ltr'><strong>principis</strong></span> 
     </span>
    </p>
   </div>
   <div class='ocr_carea' id='block_1_16' title="bbox 127 1609 1692 1680">
    <p class='ocr_par' dir='ltr' id='par_1_16' title="bbox 127 1609 1692 1680">
     <span class='ocr_line' id='line_1_16' title="bbox 127 1609 1692 1680; baseline 0.003 -20"><span class='ocrx_word' id='word_1_121' title='bbox 127 1609 353 1663; x_wconf 88' lang='lat' dir='ltr'><strong>carceris</strong></span> <span class='ocrx_word' id='word_1_122' title='bbox 369 1609 439 1672; x_wconf 72' lang='lat'><strong>“,</strong></span> <span class='ocrx_word' id='word_1_123' title='bbox 469 1618 524 1662; x_wconf 89' lang='lat' dir='ltr'><strong>et</strong></span> <span class='ocrx_word' id='word_1_124' title='bbox 552 1609 746 1663; x_wconf 87' lang='lat' dir='ltr'><strong>Esther</strong></span> <span class='ocrx_word' id='word_1_125' title='bbox 773 1611 978 1664; x_wconf 82' lang='lat' dir='ltr'><strong>invenit</strong></span> <span class='ocrx_word' id='word_1_126' title='bbox 1001 1612 1228 1680; x_wconf 83' lang='lat' dir='ltr'><strong>gratiam</strong></span> <span class='ocrx_word' id='word_1_127' title='bbox 1255 1612 1391 1679; x_wconf 92' lang='lat' dir='ltr'><strong>apud</strong></span> <span class='ocrx_word' id='word_1_128' title='bbox 1422 1626 1598 1680; x_wconf 87' lang='lat' dir='ltr'><strong>regem</strong></span> <span class='ocrx_word' id='word_1_129' title='bbox 1623 1611 1692 1664; x_wconf 82' lang='lat'><strong>&quot;.</strong></span> 
     </span>
    </p>
   </div>
   <div class='ocr_carea' id='block_1_17' title="bbox 128 1698 1694 1768">
    <p class='ocr_par' dir='ltr' id='par_1_17' title="bbox 128 1698 1694 1768">
     <span class='ocr_line' id='line_1_17' title="bbox 128 1698 1694 1768; baseline 0.004 -17"><span class='ocrx_word' id='word_1_130' title='bbox 128 1698 446 1764; x_wconf 83' lang='lat' dir='ltr'><strong>Reperimus</strong></span> <span class='ocrx_word' id='word_1_131' title='bbox 477 1709 657 1755; x_wconf 92' lang='lat' dir='ltr'><strong>autem</strong></span> <span class='ocrx_word' id='word_1_132' title='bbox 691 1717 792 1756; x_wconf 91' lang='lat' dir='ltr'><strong>nos</strong></span> <span class='ocrx_word' id='word_1_133' title='bbox 824 1703 876 1754; x_wconf 94' lang='lat' dir='ltr'><strong>in</strong></span> <span class='ocrx_word' id='word_1_134' title='bbox 917 1703 1150 1768; x_wconf 86' lang='lat' dir='ltr'><strong>quodam</strong></span> <span class='ocrx_word' id='word_1_135' title='bbox 1182 1704 1474 1756; x_wconf 88' lang='lat' dir='ltr'><strong>secretiore</strong></span> <span class='ocrx_word' id='word_1_136' title='bbox 1513 1702 1694 1758; x_wconf 89' lang='lat' dir='ltr'><strong>libello</strong></span> 
     </span>
    </p>
   </div>
   <div class='ocr_carea' id='block_1_18' title="bbox 128 1791 1690 1863">
    <p class='ocr_par' dir='ltr' id='par_1_18' title="bbox 128 1791 1690 1863">
     <span class='ocr_line' id='line_1_18' title="bbox 128 1791 1690 1863; baseline 0.003 -20"><span class='ocrx_word' id='word_1_137' title='bbox 128 1791 380 1860; x_wconf 87' lang='lat' dir='ltr'><strong>scriptum</strong></span> <span class='ocrx_word' id='word_1_138' title='bbox 419 1793 578 1860; x_wconf 88' lang='lat' dir='ltr'><strong>quasi</strong></span> <span class='ocrx_word' id='word_1_139' title='bbox 613 1793 861 1863; x_wconf 77' lang='lat' dir='ltr'><strong>angelum</strong></span> <span class='ocrx_word' id='word_1_140' title='bbox 891 1795 1182 1862; x_wconf 83' lang='lat' dir='ltr'><strong>quemdam</strong></span> <span class='ocrx_word' id='word_1_141' title='bbox 1212 1807 1335 1847; x_wconf 89' lang='lat' dir='ltr'><strong>esse</strong></span> <span class='ocrx_word' id='word_1_142' title='bbox 1359 1794 1569 1862; x_wconf 67' lang='lat' dir='ltr'><strong>gratiae,</strong></span> <span class='ocrx_word' id='word_1_143' title='bbox 1600 1795 1690 1863; x_wconf 91' lang='lat' dir='ltr'><strong>qui</strong></span> 
     </span>
    </p>
   </div>
   <div class='ocr_carea' id='block_1_19' title="bbox 1787 606 3357 676">
    <p class='ocr_par' dir='ltr' id='par_1_19' title="bbox 1787 606 3357 676">
     <span class='ocr_line' id='line_1_19' title="bbox 1787 606 3357 676; baseline 0 -15"><span class='ocrx_word' id='word_1_144' title='bbox 1787 622 1852 661; x_wconf 89' lang='lat' dir='ltr'><strong>eo</strong></span> <span class='ocrx_word' id='word_1_145' title='bbox 1881 617 2108 676; x_wconf 89' lang='lat' dir='ltr'><strong>ponant,</strong></span> <span class='ocrx_word' id='word_1_146' title='bbox 2156 608 2200 660; x_wconf 91' lang='lat' dir='ltr'><strong>si</strong></span> <span class='ocrx_word' id='word_1_147' title='bbox 2247 617 2342 659; x_wconf 88' lang='lat' dir='ltr'><strong>aut</strong></span> <span class='ocrx_word' id='word_1_148' title='bbox 2389 606 2623 661; x_wconf 85' lang='lat' dir='ltr'><strong>addatur</strong></span> <span class='ocrx_word' id='word_1_149' title='bbox 2667 606 2868 674; x_wconf 86' lang='lat' dir='ltr'><strong>aliquid</strong></span> <span class='ocrx_word' id='word_1_150' title='bbox 2909 607 3223 671; x_wconf 84' lang='lat' dir='ltr'><strong>virtutibus,</strong></span> <span class='ocrx_word' id='word_1_151' title='bbox 3262 617 3357 662; x_wconf 88' lang='lat' dir='ltr'><strong>aut</strong></span> 
     </span>
    </p>
   </div>
   <div class='ocr_carea' id='block_1_20' title="bbox 1789 698 3356 767">
    <p class='ocr_par' dir='ltr' id='par_1_20' title="bbox 1789 698 3356 767">
     <span class='ocr_line' id='line_1_20' title="bbox 1789 698 3356 767; baseline 0.001 -13"><span class='ocrx_word' id='word_1_152' title='bbox 1789 700 2086 754; x_wconf 86' lang='lat' dir='ltr'><strong>minuatur.</strong></span> <span class='ocrx_word' id='word_1_153' title='bbox 2130 699 2292 753; x_wconf 80' lang='lat' dir='ltr'><strong>Verbi</strong></span> <span class='ocrx_word' id='word_1_154' title='bbox 2338 701 2536 767; x_wconf 87' lang='lat' dir='ltr'><strong>gratia,</strong></span> <span class='ocrx_word' id='word_1_155' title='bbox 2577 698 2789 766; x_wconf 76' lang='lat' dir='ltr'><strong>jusdtia</strong></span> <span class='ocrx_word' id='word_1_156' title='bbox 2842 701 3014 752; x_wconf 89' lang='lat' dir='ltr'><strong>virtus</strong></span> <span class='ocrx_word' id='word_1_157' title='bbox 3055 710 3138 751; x_wconf 82' lang='lat' dir='ltr'><strong>est</strong></span> <span class='ocrx_word' id='word_1_158' title='bbox 3168 717 3182 753; x_wconf 93' lang='lat'>:</span> <span class='ocrx_word' id='word_1_159' title='bbox 3215 709 3265 753; x_wconf 90' lang='lat' dir='ltr'><strong>et</strong></span> <span class='ocrx_word' id='word_1_160' title='bbox 3307 701 3356 755; x_wconf 82' lang='lat' dir='ltr'><strong>si</strong></span> 
     </span>
    </p>
   </div>
   <div class='ocr_carea' id='block_1_21' title="bbox 1788 788 3356 859">
    <p class='ocr_par' dir='ltr' id='par_1_21' title="bbox 1788 788 3356 859">
     <span class='ocr_line' id='line_1_21' title="bbox 1788 788 3356 859; baseline 0.001 -19"><span class='ocrx_word' id='word_1_161' title='bbox 1788 789 1911 858; x_wconf 86' lang='lat' dir='ltr'><strong>quis</strong></span> <span class='ocrx_word' id='word_1_162' title='bbox 1947 789 2128 842; x_wconf 88' lang='lat' dir='ltr'><strong>minus</strong></span> <span class='ocrx_word' id='word_1_163' title='bbox 2159 789 2362 857; x_wconf 87' lang='lat' dir='ltr'><strong>aliquid</strong></span> <span class='ocrx_word' id='word_1_164' title='bbox 2396 789 2522 842; x_wconf 82' lang='lat' dir='ltr'><strong>facit</strong></span> <span class='ocrx_word' id='word_1_165' title='bbox 2549 788 2662 859; x_wconf 78' lang='grc'>(95)</span> <span class='ocrx_word' id='word_1_166' title='bbox 2694 805 2854 858; x_wconf 86' lang='lat' dir='ltr'><strong>quam</strong></span> <span class='ocrx_word' id='word_1_167' title='bbox 2888 791 3095 854; x_wconf 74' lang='lat' dir='ltr'><strong>iustitia</strong></span> <span class='ocrx_word' id='word_1_168' title='bbox 3133 790 3356 859; x_wconf 86' lang='lat' dir='ltr'><strong>patitur,</strong></span> 
     </span>
    </p>
   </div>
   <div class='ocr_carea' id='block_1_22' title="bbox 1787 878 3363 950">
    <p class='ocr_par' dir='ltr' id='par_1_22' title="bbox 1787 878 3363 950">
     <span class='ocr_line' id='line_1_22' title="bbox 1787 878 3363 950; baseline 0 -17"><span class='ocrx_word' id='word_1_169' title='bbox 1787 880 1908 933; x_wconf 85' lang='lat' dir='ltr'><strong>sine</strong></span> <span class='ocrx_word' id='word_1_170' title='bbox 1931 879 2093 933; x_wconf 88' lang='lat' dir='ltr'><strong>dubio</strong></span> <span class='ocrx_word' id='word_1_171' title='bbox 2118 878 2352 946; x_wconf 89' lang='lat' dir='ltr'><strong>injustus</strong></span> <span class='ocrx_word' id='word_1_172' title='bbox 2370 889 2472 932; x_wconf 90' lang='lat' dir='ltr'><strong>est.</strong></span> <span class='ocrx_word' id='word_1_173' title='bbox 2489 879 2546 932; x_wconf 86' lang='lat' dir='ltr'><strong>Si</strong></span> <span class='ocrx_word' id='word_1_174' title='bbox 2578 881 2698 947; x_wconf 87' lang='lat' dir='ltr'><strong>quis</strong></span> <span class='ocrx_word' id='word_1_175' title='bbox 2718 895 2848 934; x_wconf 92' lang='lat' dir='ltr'><strong>vero</strong></span> <span class='ocrx_word' id='word_1_176' title='bbox 2873 882 2971 934; x_wconf 89' lang='lat' dir='ltr'><strong>sub</strong></span> <span class='ocrx_word' id='word_1_177' title='bbox 3001 881 3180 950; x_wconf 84' lang='lat' dir='ltr'><strong>specie</strong></span> <span class='ocrx_word' id='word_1_178' title='bbox 3202 880 3363 946; x_wconf 85' lang='lat' dir='ltr'><strong>justi-</strong></span> 
     </span>
    </p>
   </div>
   <div class='ocr_carea' id='block_1_23' title="bbox 1791 971 3356 1040">
    <p class='ocr_par' dir='ltr' id='par_1_23' title="bbox 1791 971 3356 1040">
     <span class='ocr_line' id='line_1_23' title="bbox 1791 971 3356 1040; baseline 0.003 -18"><span class='ocrx_word' id='word_1_179' title='bbox 1791 971 1878 1024; x_wconf 77' lang='lat' dir='ltr'><strong>tite</strong></span> <span class='ocrx_word' id='word_1_180' title='bbox 1899 986 2026 1040; x_wconf 90' lang='lat' dir='ltr'><strong>erga</strong></span> <span class='ocrx_word' id='word_1_181' title='bbox 2059 973 2324 1025; x_wconf 88' lang='lat' dir='ltr'><strong>vimlictas</strong></span> <span class='ocrx_word' id='word_1_182' title='bbox 2352 973 2551 1024; x_wconf 91' lang='lat' dir='ltr'><strong>nimius</strong></span> <span class='ocrx_word' id='word_1_183' title='bbox 2601 972 2712 1036; x_wconf 88' lang='lat' dir='ltr'><strong>liat,</strong></span> <span class='ocrx_word' id='word_1_184' title='bbox 2742 983 2794 1026; x_wconf 93' lang='lat' dir='ltr'><strong>et</strong></span> <span class='ocrx_word' id='word_1_185' title='bbox 2835 975 3032 1026; x_wconf 72' lang='lat' dir='ltr'><strong>srcvius</strong></span> <span class='ocrx_word' id='word_1_186' title='bbox 3073 976 3238 1040; x_wconf 89' lang='lat' dir='ltr'><strong>agitet</strong></span> <span class='ocrx_word' id='word_1_187' title='bbox 3276 973 3356 1026; x_wconf 91' lang='lat' dir='ltr'><strong>ul-</strong></span> 
     </span>
    </p>
   </div>
   <div class='ocr_carea' id='block_1_24' title="bbox 1792 1059 3362 1132">
    <p class='ocr_par' dir='ltr' id='par_1_24' title="bbox 1792 1059 3362 1132">
     <span class='ocr_line' id='line_1_24' title="bbox 1792 1059 3362 1132; baseline 0.003 -20"><span class='ocrx_word' id='word_1_188' title='bbox 1792 1059 1987 1124; x_wconf 88' lang='lat' dir='ltr'><strong>tiones,</strong></span> <span class='ocrx_word' id='word_1_189' title='bbox 2026 1062 2077 1114; x_wconf 92' lang='lat' dir='ltr'><strong>in</strong></span> <span class='ocrx_word' id='word_1_190' title='bbox 2126 1062 2501 1115; x_wconf 81' lang='lat' dir='ltr'><strong>crudelitatem</strong></span> <span class='ocrx_word' id='word_1_191' title='bbox 2532 1061 2643 1132; x_wconf 68' lang='grc'>(94)</span> <span class='ocrx_word' id='word_1_192' title='bbox 2696 1077 2762 1116; x_wconf 77' lang='lat' dir='ltr'><strong>ex</strong></span> <span class='ocrx_word' id='word_1_193' title='bbox 2816 1063 3017 1128; x_wconf 84' lang='lat' dir='ltr'><strong>iustitia</strong></span> <span class='ocrx_word' id='word_1_194' title='bbox 3076 1064 3362 1117; x_wconf 83' lang='lat' dir='ltr'><strong>devolutus</strong></span> 
     </span>
    </p>
   </div>
   <div class='ocr_carea' id='block_1_25' title="bbox 1791 1151 3362 1224">
    <p class='ocr_par' dir='ltr' id='par_1_25' title="bbox 1791 1151 3362 1224">
     <span class='ocr_line' id='line_1_25' title="bbox 1791 1151 3362 1224; baseline 0 -15"><span class='ocrx_word' id='word_1_195' title='bbox 1791 1164 1893 1210; x_wconf 86' lang='lat' dir='ltr'><strong>est.</strong></span> <span class='ocrx_word' id='word_1_196' title='bbox 1925 1152 2078 1208; x_wconf 82' lang='lat' dir='ltr'><strong>Unde</strong></span> <span class='ocrx_word' id='word_1_197' title='bbox 2107 1163 2161 1206; x_wconf 88' lang='lat' dir='ltr'><strong>et</strong></span> <span class='ocrx_word' id='word_1_198' title='bbox 2189 1151 2440 1207; x_wconf 87' lang='lat' dir='ltr'><strong>SaIOInon</strong></span> <span class='ocrx_word' id='word_1_199' title='bbox 2475 1154 2666 1208; x_wconf 80' lang='lat' dir='ltr'><strong>dicit”</strong></span> <span class='ocrx_word' id='word_1_200' title='bbox 2695 1171 2710 1207; x_wconf 90' lang='lat'><strong>:</strong></span> <span class='ocrx_word' id='word_1_201' title='bbox 2745 1153 2872 1208; x_wconf 83' lang='lat' dir='ltr'><strong>Noli</strong></span> <span class='ocrx_word' id='word_1_202' title='bbox 2902 1155 3018 1223; x_wconf 78' lang='lat' dir='ltr'><strong>ﬁeri</strong></span> <span class='ocrx_word' id='word_1_203' title='bbox 3041 1155 3222 1224; x_wconf 84' lang='lat' dir='ltr'><strong>justus</strong></span> <span class='ocrx_word' id='word_1_204' title='bbox 3248 1155 3362 1224; x_wconf 73' lang='lat'><strong>(95)</strong></span> 
     </span>
    </p>
   </div>
   <div class='ocr_carea' id='block_1_26' title="bbox 1790 1241 3366 1314">
    <p class='ocr_par' dir='ltr' id='par_1_26' title="bbox 1790 1241 3366 1314">
     <span class='ocr_line' id='line_1_26' title="bbox 1790 1241 3366 1314; baseline 0 -18"><span class='ocrx_word' id='word_1_205' title='bbox 1790 1243 2033 1296; x_wconf 88' lang='lat' dir='ltr'><strong>multum.</strong></span> <span class='ocrx_word' id='word_1_206' title='bbox 2101 1241 2365 1296; x_wconf 75' lang='lat' dir='ltr'><strong>Similiter</strong></span> <span class='ocrx_word' id='word_1_207' title='bbox 2419 1253 2474 1296; x_wconf 91' lang='lat' dir='ltr'><strong>et</strong></span> <span class='ocrx_word' id='word_1_208' title='bbox 2527 1243 2791 1307; x_wconf 86' lang='lat' dir='ltr'><strong>libertas,</strong></span> <span class='ocrx_word' id='word_1_209' title='bbox 2862 1246 2904 1297; x_wconf 85' lang='lat' dir='ltr'><strong>si</strong></span> <span class='ocrx_word' id='word_1_210' title='bbox 2963 1245 3104 1298; x_wconf 89' lang='lat' dir='ltr'><strong>intra</strong></span> <span class='ocrx_word' id='word_1_211' title='bbox 3163 1255 3366 1314; x_wconf 87' lang='lat' dir='ltr'><strong>tempe-</strong></span> 
     </span>
    </p>
   </div>
   <div class='ocr_carea' id='block_1_27' title="bbox 1793 1334 3361 1400">
    <p class='ocr_par' dir='ltr' id='par_1_27' title="bbox 1793 1334 3361 1400">
     <span class='ocr_line' id='line_1_27' title="bbox 1793 1334 3361 1400; baseline 0.002 -13"><span class='ocrx_word' id='word_1_212' title='bbox 1793 1334 2026 1387; x_wconf 85' lang='lat' dir='ltr'><strong>rantiam</strong></span> <span class='ocrx_word' id='word_1_213' title='bbox 2075 1349 2227 1386; x_wconf 81' lang='lat' dir='ltr'><strong>suam</strong></span> <span class='ocrx_word' id='word_1_214' title='bbox 2283 1335 2378 1398; x_wconf 88' lang='lat' dir='ltr'><strong>sit,</strong></span> <span class='ocrx_word' id='word_1_215' title='bbox 2425 1336 2597 1389; x_wconf 90' lang='lat' dir='ltr'><strong>virtus</strong></span> <span class='ocrx_word' id='word_1_216' title='bbox 2645 1347 2757 1400; x_wconf 86' lang='lat' dir='ltr'><strong>est;</strong></span> <span class='ocrx_word' id='word_1_217' title='bbox 2811 1339 2855 1392; x_wconf 85' lang='lat' dir='ltr'><strong>si</strong></span> <span class='ocrx_word' id='word_1_218' title='bbox 2919 1339 3096 1391; x_wconf 91' lang='lat' dir='ltr'><strong>minus</strong></span> <span class='ocrx_word' id='word_1_219' title='bbox 3144 1337 3361 1400; x_wconf 87' lang='lat' dir='ltr'><strong>haheat,</strong></span> 
     </span>
    </p>
   </div>
   <div class='ocr_carea' id='block_1_28' title="bbox 1793 1427 3365 1494">
    <p class='ocr_par' dir='ltr' id='par_1_28' title="bbox 1793 1427 3365 1494">
     <span class='ocr_line' id='line_1_28' title="bbox 1793 1427 3365 1494; baseline 0.001 -14"><span class='ocrx_word' id='word_1_220' title='bbox 1793 1427 2098 1481; x_wconf 83' lang='lat' dir='ltr'><strong>timiditas:</strong></span> <span class='ocrx_word' id='word_1_221' title='bbox 2130 1427 2175 1481; x_wconf 91' lang='lat' dir='ltr'><strong>si</strong></span> <span class='ocrx_word' id='word_1_222' title='bbox 2229 1427 2482 1494; x_wconf 76' lang='lat' dir='ltr'><strong>amplius,</strong></span> <span class='ocrx_word' id='word_1_223' title='bbox 2540 1429 2816 1482; x_wconf 89' lang='lat' dir='ltr'><strong>temeritas</strong></span> <span class='ocrx_word' id='word_1_224' title='bbox 2863 1429 3192 1482; x_wconf 89' lang='lat' dir='ltr'><strong>nominatur.</strong></span> <span class='ocrx_word' id='word_1_225' title='bbox 3242 1428 3365 1482; x_wconf 83' lang='lat' dir='ltr'><strong>Pari</strong></span> 
     </span>
    </p>
   </div>
   <div class='ocr_carea' id='block_1_29' title="bbox 1794 1517 3366 1586">
    <p class='ocr_par' dir='ltr' id='par_1_29' title="bbox 1794 1517 3366 1586">
     <span class='ocr_line' id='line_1_29' title="bbox 1794 1517 3366 1586; baseline 0.001 -16"><span class='ocrx_word' id='word_1_226' title='bbox 1794 1518 1955 1571; x_wconf 92' lang='lat' dir='ltr'><strong>modo</strong></span> <span class='ocrx_word' id='word_1_227' title='bbox 1991 1526 2048 1572; x_wconf 88' lang='lat' dir='ltr'><strong>et</strong></span> <span class='ocrx_word' id='word_1_228' title='bbox 2109 1517 2390 1586; x_wconf 89' lang='lat' dir='ltr'><strong>prudentia</strong></span> <span class='ocrx_word' id='word_1_229' title='bbox 2439 1517 2482 1570; x_wconf 89' lang='lat' dir='ltr'><strong>si</strong></span> <span class='ocrx_word' id='word_1_230' title='bbox 2523 1517 2575 1569; x_wconf 92' lang='lat' dir='ltr'><strong>in</strong></span> <span class='ocrx_word' id='word_1_231' title='bbox 2607 1532 2702 1571; x_wconf 86' lang='lat' dir='ltr'><strong>sua</strong></span> <span class='ocrx_word' id='word_1_232' title='bbox 2751 1533 3003 1572; x_wconf 90' lang='lat' dir='ltr'><strong>mensura</strong></span> <span class='ocrx_word' id='word_1_233' title='bbox 3047 1519 3141 1582; x_wconf 84' lang='lat' dir='ltr'><strong>sit,</strong></span> <span class='ocrx_word' id='word_1_234' title='bbox 3193 1518 3366 1572; x_wconf 86' lang='lat' dir='ltr'><strong>virtus</strong></span> 
     </span>
    </p>
   </div>
   <div class='ocr_carea' id='block_1_30' title="bbox 1795 1606 3364 1677">
    <p class='ocr_par' dir='ltr' id='par_1_30' title="bbox 1795 1606 3364 1677">
     <span class='ocr_line' id='line_1_30' title="bbox 1795 1606 3364 1677; baseline 0 -16"><span class='ocrx_word' id='word_1_235' title='bbox 1795 1608 1998 1672; x_wconf 84' lang='lat' dir='ltr'><strong>est;&#39;si</strong></span> <span class='ocrx_word' id='word_1_236' title='bbox 2051 1609 2228 1661; x_wconf 91' lang='lat' dir='ltr'><strong>minus</strong></span> <span class='ocrx_word' id='word_1_237' title='bbox 2263 1606 2482 1670; x_wconf 86' lang='lat' dir='ltr'><strong>habeat,</strong></span> <span class='ocrx_word' id='word_1_238' title='bbox 2539 1608 2933 1677; x_wconf 83' lang='lat' dir='ltr'><strong>imprudentia;</strong></span> <span class='ocrx_word' id='word_1_239' title='bbox 2989 1609 3033 1662; x_wconf 87' lang='lat' dir='ltr'><strong>si</strong></span> <span class='ocrx_word' id='word_1_240' title='bbox 3082 1609 3364 1677; x_wconf 79' lang='lat' dir='ltr'><strong>plusquam</strong></span> 
     </span>
    </p>
   </div>
   <div class='ocr_carea' id='block_1_31' title="bbox 1795 1699 3369 1768">
    <p class='ocr_par' dir='ltr' id='par_1_31' title="bbox 1795 1699 3369 1768">
     <span class='ocr_line' id='line_1_31' title="bbox 1795 1699 3369 1768; baseline -0.001 -16"><span class='ocrx_word' id='word_1_241' title='bbox 1795 1707 2032 1766; x_wconf 89' lang='lat' dir='ltr'><strong>oportet,</strong></span> <span class='ocrx_word' id='word_1_242' title='bbox 2063 1699 2264 1752; x_wconf 83' lang='lat' dir='ltr'><strong>malitia</strong></span> <span class='ocrx_word' id='word_1_243' title='bbox 2307 1699 2632 1766; x_wconf 86' lang='lat' dir='ltr'><strong>appellatur.</strong></span> <span class='ocrx_word' id='word_1_244' title='bbox 2667 1699 2798 1752; x_wconf 89' lang='lat' dir='ltr'><strong>lude</strong></span> <span class='ocrx_word' id='word_1_245' title='bbox 2835 1710 2963 1768; x_wconf 89' lang='lat' dir='ltr'><strong>puto</strong></span> <span class='ocrx_word' id='word_1_246' title='bbox 2997 1701 3138 1767; x_wconf 90' lang='lat' dir='ltr'><strong>quod</strong></span> <span class='ocrx_word' id='word_1_247' title='bbox 3173 1709 3226 1753; x_wconf 91' lang='lat' dir='ltr'><strong>et</strong></span> <span class='ocrx_word' id='word_1_248' title='bbox 3251 1713 3369 1752; x_wconf 85' lang='lat' dir='ltr'><strong>ser-</strong></span> 
     </span>
    </p>
   </div>
   <div class='ocr_carea' id='block_1_32' title="bbox 1796 1789 3368 1860">
    <p class='ocr_par' dir='ltr' id='par_1_32' title="bbox 1796 1789 3368 1860">
     <span class='ocr_line' id='line_1_32' title="bbox 1796 1789 3368 1860; baseline 0.001 -16"><span class='ocrx_word' id='word_1_249' title='bbox 1796 1804 1931 1857; x_wconf 88' lang='lat' dir='ltr'><strong>peus</strong></span> <span class='ocrx_word' id='word_1_250' title='bbox 1957 1789 2121 1860; x_wconf 63' lang='lat'><strong>65.7</strong></span> <span class='ocrx_word' id='word_1_251' title='bbox 2151 1791 2203 1842; x_wconf 90' lang='lat' dir='ltr'><strong>iu</strong></span> <span class='ocrx_word' id='word_1_252' title='bbox 2235 1795 2486 1858; x_wconf 81' lang='lat' dir='ltr'><strong>paradiso</strong></span> <span class='ocrx_word' id='word_1_253' title='bbox 2515 1791 2835 1860; x_wconf 88' lang='lat' dir='ltr'><strong>prudentior</strong></span> <span class='ocrx_word' id='word_1_254' title='bbox 2857 1793 3034 1845; x_wconf 91' lang='lat' dir='ltr'><strong>dictus</strong></span> <span class='ocrx_word' id='word_1_255' title='bbox 3059 1792 3129 1843; x_wconf 88' lang='lat' dir='ltr'><strong>sit</strong></span> <span class='ocrx_word' id='word_1_256' title='bbox 3154 1791 3368 1845; x_wconf 60' lang='lat' dir='ltr'><strong>caeteris</strong></span> 
     </span>
    </p>
   </div>
   <div class='ocr_carea' id='block_1_33' title="bbox 124 1881 3363 1959">
    <p class='ocr_par' dir='ltr' id='par_1_33' title="bbox 124 1881 3363 1959">
     <span class='ocr_line' id='line_1_33' title="bbox 124 1881 3363 1959; baseline -0.001 -20"><span class='ocrx_word' id='word_1_257' title='bbox 124 1885 272 1939; x_wconf 87' lang='lat' dir='ltr'><strong>etiam</strong></span> <span class='ocrx_word' id='word_1_258' title='bbox 299 1887 632 1941; x_wconf 78' lang='lat' dir='ltr'><strong>vocabulum</strong></span> <span class='ocrx_word' id='word_1_259' title='bbox 665 1904 730 1943; x_wconf 83' lang='lat' dir='ltr'><strong>ex</strong></span> <span class='ocrx_word' id='word_1_260' title='bbox 761 1889 932 1959; x_wconf 88' lang='lat' dir='ltr'><strong>gratia</strong></span> <span class='ocrx_word' id='word_1_261' title='bbox 957 1889 1220 1942; x_wconf 87' lang='lat' dir='ltr'><strong>traheret.</strong></span> <span class='ocrx_word' id='word_1_262' title='bbox 1251 1889 1524 1942; x_wconf 81' lang='lat' dir='ltr'><strong>Ananehel</strong></span> <span class='ocrx_word' id='word_1_263' title='bbox 1551 1891 1694 1943; x_wconf 88' lang='lat' dir='ltr'><strong>enim</strong></span> <span class='ocrx_word' id='word_1_264' title='bbox 1729 1883 1773 1936; x_wconf 83' lang='grc' dir='ltr'><strong><em>Β</em></strong></span> <span class='ocrx_word' id='word_1_265' title='bbox 1799 1881 1987 1935; x_wconf 78' lang='lat' dir='ltr'><strong>bestiis</strong></span> <span class='ocrx_word' id='word_1_266' title='bbox 2010 1883 2075 1944; x_wconf 82' lang='lat'><strong>&#39;°,</strong></span> <span class='ocrx_word' id='word_1_267' title='bbox 2115 1884 2216 1938; x_wconf 86' lang='lat' dir='ltr'><strong>hoc</strong></span> <span class='ocrx_word' id='word_1_268' title='bbox 2279 1895 2362 1937; x_wconf 89' lang='lat' dir='ltr'><strong>est</strong></span> <span class='ocrx_word' id='word_1_269' title='bbox 2409 1885 2676 1938; x_wconf 77' lang='lat' dir='ltr'><strong>excedens</strong></span> <span class='ocrx_word' id='word_1_270' title='bbox 2707 1899 3010 1938; x_wconf 84' lang='lat' dir='ltr'><strong>mensuram</strong></span> <span class='ocrx_word' id='word_1_271' title='bbox 3043 1884 3363 1953; x_wconf 74' lang='lat' dir='ltr'><strong>prudentiae,</strong></span> 
     </span>
    </p>
   </div>
   <div class='ocr_carea' id='block_1_34' title="bbox 123 1976 1694 2050">
    <p class='ocr_par' dir='ltr' id='par_1_34' title="bbox 123 1976 1694 2050">
     <span class='ocr_line' id='line_1_34' title="bbox 123 1976 1694 2050; baseline 0.003 -20"><span class='ocrx_word' id='word_1_272' title='bbox 123 1976 314 2032; x_wconf 89' lang='lat' dir='ltr'><strong>dicitur</strong></span> <span class='ocrx_word' id='word_1_273' title='bbox 342 1977 496 2050; x_wconf 86' lang='lat'><strong>(86),</strong></span> <span class='ocrx_word' id='word_1_274' title='bbox 541 1981 681 2048; x_wconf 92' lang='lat' dir='ltr'><strong>quod</strong></span> <span class='ocrx_word' id='word_1_275' title='bbox 729 1990 810 2034; x_wconf 93' lang='lat' dir='ltr'><strong>est</strong></span> <span class='ocrx_word' id='word_1_276' title='bbox 863 1981 1279 2050; x_wconf 84' lang='lat' dir='ltr'><strong>interpretatum</strong></span> <span class='ocrx_word' id='word_1_277' title='bbox 1337 1982 1509 2048; x_wconf 85' lang='lat' dir='ltr'><strong>gratia</strong></span> <span class='ocrx_word' id='word_1_278' title='bbox 1577 1979 1694 2034; x_wconf 86' lang='lat' dir='ltr'><strong>Dei.</strong></span> 
     </span>
    </p>
   </div>
   <div class='ocr_carea' id='block_1_35' title="bbox 123 2068 1693 2140">
    <p class='ocr_par' dir='ltr' id='par_1_35' title="bbox 123 2068 1693 2140">
     <span class='ocr_line' id='line_1_35' title="bbox 123 2068 1693 2140; baseline 0.001 -16"><span class='ocrx_word' id='word_1_279' title='bbox 123 2068 226 2125; x_wconf 82' lang='lat' dir='ltr'><strong>Hoc</strong></span> <span class='ocrx_word' id='word_1_280' title='bbox 257 2085 392 2140; x_wconf 88' lang='lat' dir='ltr'><strong>ergo</strong></span> <span class='ocrx_word' id='word_1_281' title='bbox 439 2071 711 2140; x_wconf 89' lang='lat' dir='ltr'><strong>scriptura</strong></span> <span class='ocrx_word' id='word_1_282' title='bbox 766 2071 856 2126; x_wconf 89' lang='lat' dir='ltr'><strong>illa</strong></span> <span class='ocrx_word' id='word_1_283' title='bbox 908 2071 1242 2135; x_wconf 87' lang='lat' dir='ltr'><strong>continebat,</strong></span> <span class='ocrx_word' id='word_1_284' title='bbox 1295 2072 1440 2139; x_wconf 90' lang='lat' dir='ltr'><strong>quod</strong></span> <span class='ocrx_word' id='word_1_285' title='bbox 1492 2070 1693 2126; x_wconf 88' lang='lat' dir='ltr'><strong>missus</strong></span> 
     </span>
    </p>
   </div>
   <div class='ocr_carea' id='block_1_36' title="bbox 126 2161 1696 2232">
    <p class='ocr_par' dir='ltr' id='par_1_36' title="bbox 126 2161 1696 2232">
     <span class='ocr_line' id='line_1_36' title="bbox 126 2161 1696 2232; baseline 0.001 -19"><span class='ocrx_word' id='word_1_286' title='bbox 126 2169 260 2214; x_wconf 86' lang='lat' dir='ltr'><strong>esset</strong></span> <span class='ocrx_word' id='word_1_287' title='bbox 289 2176 319 2213; x_wconf 86' lang='lat' dir='ltr'><strong>a</strong></span> <span class='ocrx_word' id='word_1_288' title='bbox 359 2161 592 2215; x_wconf 90' lang='lat' dir='ltr'><strong>Domino</strong></span> <span class='ocrx_word' id='word_1_289' title='bbox 621 2168 721 2216; x_wconf 92' lang='lat' dir='ltr'><strong>iste</strong></span> <span class='ocrx_word' id='word_1_290' title='bbox 769 2161 992 2232; x_wconf 84' lang='lat' dir='ltr'><strong>angelus</strong></span> <span class='ocrx_word' id='word_1_291' title='bbox 1037 2162 1103 2215; x_wconf 89' lang='lat' dir='ltr'><strong>ad</strong></span> <span class='ocrx_word' id='word_1_292' title='bbox 1136 2163 1350 2226; x_wconf 88' lang='lat' dir='ltr'><strong>Esther,</strong></span> <span class='ocrx_word' id='word_1_293' title='bbox 1385 2171 1442 2214; x_wconf 91' lang='lat' dir='ltr'><strong>ut</strong></span> <span class='ocrx_word' id='word_1_294' title='bbox 1471 2162 1519 2216; x_wconf 91' lang='lat' dir='ltr'><strong>ei</strong></span> <span class='ocrx_word' id='word_1_295' title='bbox 1570 2177 1696 2232; x_wconf 81' lang='lat' dir='ltr'><strong>gra-</strong></span> 
     </span>
    </p>
   </div>
   <div class='ocr_carea' id='block_1_37' title="bbox 125 2250 1700 2321">
    <p class='ocr_par' dir='ltr' id='par_1_37' title="bbox 125 2250 1700 2321">
     <span class='ocr_line' id='line_1_37' title="bbox 125 2250 1700 2321; baseline -0.001 -18"><span class='ocrx_word' id='word_1_296' title='bbox 125 2250 243 2304; x_wconf 86' lang='lat' dir='ltr'><strong>tiam</strong></span> <span class='ocrx_word' id='word_1_297' title='bbox 278 2251 440 2306; x_wconf 86' lang='lat' dir='ltr'><strong>daret</strong></span> <span class='ocrx_word' id='word_1_298' title='bbox 468 2253 607 2321; x_wconf 80' lang='lat' dir='ltr'><strong>apud</strong></span> <span class='ocrx_word' id='word_1_299' title='bbox 636 2266 837 2320; x_wconf 82' lang='lat' dir='ltr'><strong>regem.</strong></span> <span class='ocrx_word' id='word_1_300' title='bbox 867 2251 960 2306; x_wconf 91' lang='lat' dir='ltr'><strong>Sic</strong></span> <span class='ocrx_word' id='word_1_301' title='bbox 985 2265 1115 2321; x_wconf 86' lang='lat' dir='ltr'><strong>ergo</strong></span> <span class='ocrx_word' id='word_1_302' title='bbox 1143 2250 1246 2304; x_wconf 91' lang='lat' dir='ltr'><strong>alia</strong></span> <span class='ocrx_word' id='word_1_303' title='bbox 1279 2251 1452 2303; x_wconf 85' lang='lat' dir='ltr'><strong>virtus</strong></span> <span class='ocrx_word' id='word_1_304' title='bbox 1475 2258 1560 2304; x_wconf 91' lang='lat' dir='ltr'><strong>est</strong></span> <span class='ocrx_word' id='word_1_305' title='bbox 1581 2265 1700 2304; x_wconf 82' lang='lat' dir='ltr'><strong>ser-</strong></span> 
     </span>
    </p>
   </div>
   <div class='ocr_carea' id='block_1_38' title="bbox 121 2341 1700 2412">
    <p class='ocr_par' dir='ltr' id='par_1_38' title="bbox 121 2341 1700 2412">
     <span class='ocr_line' id='line_1_38' title="bbox 121 2341 1700 2412; baseline -0.001 -16"><span class='ocrx_word' id='word_1_306' title='bbox 121 2343 288 2397; x_wconf 87' lang='lat' dir='ltr'><strong>monis</strong></span> <span class='ocrx_word' id='word_1_307' title='bbox 317 2344 410 2412; x_wconf 85' lang='lat' dir='ltr'><strong>qui</strong></span> <span class='ocrx_word' id='word_1_308' title='bbox 449 2359 549 2412; x_wconf 91' lang='lat' dir='ltr'><strong>per</strong></span> <span class='ocrx_word' id='word_1_309' title='bbox 570 2344 797 2412; x_wconf 75' lang='lat' dir='ltr'><strong>gratiam</strong></span> <span class='ocrx_word' id='word_1_310' title='bbox 829 2342 1052 2406; x_wconf 91' lang='lat' dir='ltr'><strong>dicitur,</strong></span> <span class='ocrx_word' id='word_1_311' title='bbox 1089 2351 1146 2396; x_wconf 89' lang='lat' dir='ltr'><strong>et</strong></span> <span class='ocrx_word' id='word_1_312' title='bbox 1176 2341 1281 2395; x_wconf 89' lang='lat' dir='ltr'><strong>alia</strong></span> <span class='ocrx_word' id='word_1_313' title='bbox 1315 2343 1399 2397; x_wconf 94' lang='lat' dir='ltr'><strong>vis</strong></span> <span class='ocrx_word' id='word_1_314' title='bbox 1436 2342 1700 2397; x_wconf 70' lang='lat' dir='ltr'><strong>doctrina:</strong></span> 
     </span>
    </p>
   </div>
   <div class='ocr_carea' id='block_1_39' title="bbox 123 2433 1702 2502">
    <p class='ocr_par' dir='ltr' id='par_1_39' title="bbox 123 2433 1702 2502">
     <span class='ocr_line' id='line_1_39' title="bbox 123 2433 1702 2502; baseline 0.001 -16"><span class='ocrx_word' id='word_1_315' title='bbox 123 2442 382 2502; x_wconf 87' lang='lat' dir='ltr'><strong>potestas.</strong></span> <span class='ocrx_word' id='word_1_316' title='bbox 415 2434 572 2488; x_wconf 83' lang='lat' dir='ltr'><strong>Alius</strong></span> <span class='ocrx_word' id='word_1_317' title='bbox 599 2444 779 2489; x_wconf 89' lang='lat' dir='ltr'><strong>autem</strong></span> <span class='ocrx_word' id='word_1_318' title='bbox 817 2448 998 2488; x_wconf 89' lang='lat' dir='ltr'><strong>sermo</strong></span> <span class='ocrx_word' id='word_1_319' title='bbox 1023 2433 1136 2501; x_wconf 84' lang='lat'><strong>(87)</strong></span> <span class='ocrx_word' id='word_1_320' title='bbox 1165 2443 1248 2488; x_wconf 90' lang='lat' dir='ltr'><strong>est</strong></span> <span class='ocrx_word' id='word_1_321' title='bbox 1280 2448 1348 2487; x_wconf 76' lang='lat' dir='ltr'><strong>ex</strong></span> <span class='ocrx_word' id='word_1_322' title='bbox 1391 2434 1702 2488; x_wconf 90' lang='lat' dir='ltr'><strong>eruditione</strong></span> 
     </span>
    </p>
   </div>
   <div class='ocr_carea' id='block_1_40' title="bbox 121 2521 1698 2596">
    <p class='ocr_par' dir='ltr' id='par_1_40' title="bbox 121 2521 1698 2596">
     <span class='ocr_line' id='line_1_40' title="bbox 121 2521 1698 2596; baseline 0.006 -24"><span class='ocrx_word' id='word_1_323' title='bbox 121 2532 415 2582; x_wconf 79' lang='lat' dir='ltr'><strong>communi,</strong></span> <span class='ocrx_word' id='word_1_324' title='bbox 448 2535 539 2588; x_wconf 84' lang='lat' dir='ltr'><strong>qui</strong></span> <span class='ocrx_word' id='word_1_325' title='bbox 564 2521 808 2588; x_wconf 88' lang='lat' dir='ltr'><strong>quamvis</strong></span> <span class='ocrx_word' id='word_1_326' title='bbox 835 2523 1012 2576; x_wconf 87' lang='lat' dir='ltr'><strong>lautus</strong></span> <span class='ocrx_word' id='word_1_327' title='bbox 1037 2523 1105 2576; x_wconf 90' lang='lat' dir='ltr'><strong>sit</strong></span> <span class='ocrx_word' id='word_1_328' title='bbox 1126 2533 1180 2578; x_wconf 90' lang='lat' dir='ltr'><strong>et</strong></span> <span class='ocrx_word' id='word_1_329' title='bbox 1203 2535 1318 2579; x_wconf 91' lang='lat' dir='ltr'><strong>arte</strong></span> <span class='ocrx_word' id='word_1_330' title='bbox 1348 2526 1698 2596; x_wconf 89' lang='lat' dir='ltr'><strong>compositus,</strong></span> 
     </span>
    </p>
   </div>
   <div class='ocr_carea' id='block_1_41' title="bbox 122 2608 1698 2683">
    <p class='ocr_par' dir='ltr' id='par_1_41' title="bbox 122 2608 1698 2683">
     <span class='ocr_line' id='line_1_41' title="bbox 122 2608 1698 2683; baseline 0.006 -22"><span class='ocrx_word' id='word_1_331' title='bbox 122 2617 296 2662; x_wconf 83' lang='lat' dir='ltr'><strong>tamen</strong></span> <span class='ocrx_word' id='word_1_332' title='bbox 327 2608 374 2662; x_wconf 92' lang='lat' dir='ltr'><strong>si</strong></span> <span class='ocrx_word' id='word_1_333' title='bbox 413 2624 526 2663; x_wconf 88' lang='lat' dir='ltr'><strong>non</strong></span> <span class='ocrx_word' id='word_1_334' title='bbox 567 2625 666 2679; x_wconf 90' lang='lat' dir='ltr'><strong>per</strong></span> <span class='ocrx_word' id='word_1_335' title='bbox 703 2611 925 2682; x_wconf 86' lang='lat' dir='ltr'><strong>gratiam</strong></span> <span class='ocrx_word' id='word_1_336' title='bbox 961 2612 1045 2666; x_wconf 90' lang='lat' dir='ltr'><strong>vel</strong></span> <span class='ocrx_word' id='word_1_337' title='bbox 1077 2613 1274 2668; x_wconf 91' lang='lat' dir='ltr'><strong>dicitur</strong></span> <span class='ocrx_word' id='word_1_338' title='bbox 1306 2616 1390 2669; x_wconf 85' lang='lat' dir='ltr'><strong>vel</strong></span> <span class='ocrx_word' id='word_1_339' title='bbox 1421 2617 1698 2683; x_wconf 88' lang='lat' dir='ltr'><strong>scribitur,</strong></span> 
     </span>
    </p>
   </div>
   <div class='ocr_carea' id='block_1_42' title="bbox 120 2702 1698 2775">
    <p class='ocr_par' dir='ltr' id='par_1_42' title="bbox 120 2702 1698 2775">
     <span class='ocr_line' id='line_1_42' title="bbox 120 2702 1698 2775; baseline 0.005 -19"><span class='ocrx_word' id='word_1_340' title='bbox 120 2702 386 2758; x_wconf 88' lang='lat' dir='ltr'><strong>delectare</strong></span> <span class='ocrx_word' id='word_1_341' title='bbox 413 2702 658 2758; x_wconf 82' lang='lat' dir='ltr'><strong>fortassis</strong></span> <span class='ocrx_word' id='word_1_342' title='bbox 686 2713 863 2774; x_wconf 91' lang='lat' dir='ltr'><strong>potest</strong></span> <span class='ocrx_word' id='word_1_343' title='bbox 892 2704 1157 2775; x_wconf 89' lang='lat' dir='ltr'><strong>legentem</strong></span> <span class='ocrx_word' id='word_1_344' title='bbox 1179 2746 1194 2770; x_wconf 92' lang='lat'><strong>,</strong></span> <span class='ocrx_word' id='word_1_345' title='bbox 1223 2708 1490 2762; x_wconf 86' lang='lat' dir='ltr'><strong>adducere</strong></span> <span class='ocrx_word' id='word_1_346' title='bbox 1518 2718 1698 2764; x_wconf 90' lang='lat' dir='ltr'><strong>autem</strong></span> 
     </span>
    </p>
   </div>
   <div class='ocr_carea' id='block_1_43' title="bbox 120 2794 1700 2872">
    <p class='ocr_par' dir='ltr' id='par_1_43' title="bbox 120 2794 1700 2872">
     <span class='ocr_line' id='line_1_43' title="bbox 120 2794 1700 2872; baseline 0.006 -24"><span class='ocrx_word' id='word_1_347' title='bbox 120 2794 181 2848; x_wconf 87' lang='lat' dir='ltr'><strong>ad</strong></span> <span class='ocrx_word' id='word_1_348' title='bbox 215 2794 529 2865; x_wconf 78' lang='lat' dir='ltr'><strong>profectum</strong></span> <span class='ocrx_word' id='word_1_349' title='bbox 572 2811 682 2850; x_wconf 92' lang='lat' dir='ltr'><strong>non</strong></span> <span class='ocrx_word' id='word_1_350' title='bbox 734 2805 911 2866; x_wconf 90' lang='lat' dir='ltr'><strong>potest</strong></span> <span class='ocrx_word' id='word_1_351' title='bbox 951 2798 1270 2853; x_wconf 88' lang='lat' dir='ltr'><strong>auditorem.</strong></span> <span class='ocrx_word' id='word_1_352' title='bbox 1308 2800 1506 2855; x_wconf 88' lang='lat' dir='ltr'><strong>Paulus</strong></span> <span class='ocrx_word' id='word_1_353' title='bbox 1539 2802 1700 2872; x_wconf 86' lang='lat' dir='ltr'><strong>igitur</strong></span> 
     </span>
    </p>
   </div>
   <div class='ocr_carea' id='block_1_44' title="bbox 117 2886 1695 2963">
    <p class='ocr_par' dir='ltr' id='par_1_44' title="bbox 117 2886 1695 2963">
     <span class='ocr_line' id='line_1_44' title="bbox 117 2886 1695 2963; baseline 0.008 -25"><span class='ocrx_word' id='word_1_354' title='bbox 117 2899 222 2939; x_wconf 92' lang='lat' dir='ltr'><strong>non</strong></span> <span class='ocrx_word' id='word_1_355' title='bbox 261 2886 445 2940; x_wconf 91' lang='lat' dir='ltr'><strong>solum</strong></span> <span class='ocrx_word' id='word_1_356' title='bbox 494 2887 610 2957; x_wconf 90' lang='lat' dir='ltr'><strong>ipse</strong></span> <span class='ocrx_word' id='word_1_357' title='bbox 660 2903 779 2957; x_wconf 62' lang='lat' dir='ltr'><strong>quae</strong></span> <span class='ocrx_word' id='word_1_358' title='bbox 817 2889 947 2945; x_wconf 87' lang='lat' dir='ltr'><strong>dicit</strong></span> <span class='ocrx_word' id='word_1_359' title='bbox 987 2891 1097 2961; x_wconf 86' lang='lat'><strong>(88)</strong></span> <span class='ocrx_word' id='word_1_360' title='bbox 1137 2906 1234 2961; x_wconf 91' lang='lat' dir='ltr'><strong>per</strong></span> <span class='ocrx_word' id='word_1_361' title='bbox 1270 2894 1493 2963; x_wconf 87' lang='lat' dir='ltr'><strong>gratiam</strong></span> <span class='ocrx_word' id='word_1_362' title='bbox 1533 2895 1695 2960; x_wconf 92' lang='lat' dir='ltr'><strong>dicit,</strong></span> 
     </span>
    </p>
   </div>
   <div class='ocr_carea' id='block_1_45' title="bbox 119 2977 1697 3055">
    <p class='ocr_par' dir='ltr' id='par_1_45' title="bbox 119 2977 1697 3055">
     <span class='ocr_line' id='line_1_45' title="bbox 119 2977 1697 3055; baseline 0.006 -24"><span class='ocrx_word' id='word_1_363' title='bbox 119 2977 206 3031; x_wconf 89' lang='lat' dir='ltr'><strong>sed</strong></span> <span class='ocrx_word' id='word_1_364' title='bbox 239 2987 298 3034; x_wconf 89' lang='lat' dir='ltr'><strong>et</strong></span> <span class='ocrx_word' id='word_1_365' title='bbox 338 2978 681 3034; x_wconf 86' lang='lat' dir='ltr'><strong>auditoribus</strong></span> <span class='ocrx_word' id='word_1_366' title='bbox 717 2980 830 3036; x_wconf 90' lang='lat' dir='ltr'><strong>suis</strong></span> <span class='ocrx_word' id='word_1_367' title='bbox 880 2993 1134 3052; x_wconf 87' lang='lat' dir='ltr'><strong>precatur</strong></span> <span class='ocrx_word' id='word_1_368' title='bbox 1181 2985 1404 3055; x_wconf 88' lang='lat' dir='ltr'><strong>gratiam</strong></span> <span class='ocrx_word' id='word_1_369' title='bbox 1458 2987 1603 3051; x_wconf 92' lang='lat' dir='ltr'><strong>dari;</strong></span> <span class='ocrx_word' id='word_1_370' title='bbox 1642 2996 1697 3042; x_wconf 89' lang='lat' dir='ltr'><strong>et</strong></span> 
     </span>
    </p>
   </div>
   <div class='ocr_carea' id='block_1_46' title="bbox 121 3065 1696 3136">
    <p class='ocr_par' dir='ltr' id='par_1_46' title="bbox 121 3065 1696 3136">
     <span class='ocr_line' id='line_1_46' title="bbox 121 3065 1696 3136; baseline 0.003 -18"><span class='ocrx_word' id='word_1_371' title='bbox 121 3079 226 3120; x_wconf 93' lang='lat' dir='ltr'><strong>non</strong></span> <span class='ocrx_word' id='word_1_372' title='bbox 276 3065 456 3120; x_wconf 92' lang='lat' dir='ltr'><strong>solum</strong></span> <span class='ocrx_word' id='word_1_373' title='bbox 500 3067 754 3134; x_wconf 89' lang='lat' dir='ltr'><strong>gratiam.</strong></span> <span class='ocrx_word' id='word_1_374' title='bbox 799 3067 892 3122; x_wconf 89' lang='lat' dir='ltr'><strong>sed</strong></span> <span class='ocrx_word' id='word_1_375' title='bbox 930 3077 985 3121; x_wconf 93' lang='lat' dir='ltr'><strong>et</strong></span> <span class='ocrx_word' id='word_1_376' title='bbox 1030 3067 1434 3121; x_wconf 90' lang='lat' dir='ltr'><strong>multitudinem</strong></span> <span class='ocrx_word' id='word_1_377' title='bbox 1485 3069 1696 3136; x_wconf 69' lang='lat' dir='ltr'><strong>gratim.</strong></span> 
     </span>
    </p>
   </div>
   <div class='ocr_carea' id='block_1_47' title="bbox 124 3152 1700 3224">
    <p class='ocr_par' dir='ltr' id='par_1_47' title="bbox 124 3152 1700 3224">
     <span class='ocr_line' id='line_1_47' title="bbox 124 3152 1700 3224; baseline 0 -17"><span class='ocrx_word' id='word_1_378' title='bbox 124 3155 211 3210; x_wconf 85' lang='lat' dir='ltr'><strong>Sic</strong></span> <span class='ocrx_word' id='word_1_379' title='bbox 249 3156 398 3210; x_wconf 92' lang='lat' dir='ltr'><strong>enim</strong></span> <span class='ocrx_word' id='word_1_380' title='bbox 448 3156 635 3210; x_wconf 85' lang='lat' dir='ltr'><strong>scribit</strong></span> <span class='ocrx_word' id='word_1_381' title='bbox 672 3174 684 3208; x_wconf 90' lang='lat'>:</span> <span class='ocrx_word' id='word_1_382' title='bbox 719 3152 905 3208; x_wconf 78' lang='lat' dir='ltr'><strong>Gratia</strong></span> <span class='ocrx_word' id='word_1_383' title='bbox 949 3156 1090 3208; x_wconf 78' lang='lat' dir='ltr'><strong>vobis</strong></span> <span class='ocrx_word' id='word_1_384' title='bbox 1130 3156 1513 3224; x_wconf 77' lang='lat' dir='ltr'><strong>multiplicetur</strong></span> <span class='ocrx_word' id='word_1_385' title='bbox 1536 3156 1582 3186; x_wconf 78' lang='lat'><strong>&quot;</strong></span> <span class='ocrx_word' id='word_1_386' title='bbox 1605 3173 1618 3208; x_wconf 90' lang='lat'><strong>:</strong></span> <span class='ocrx_word' id='word_1_387' title='bbox 1644 3165 1700 3207; x_wconf 91' lang='lat' dir='ltr'><strong>et</strong></span> 
     </span>
    </p>
   </div>
   <div class='ocr_carea' id='block_1_48' title="bbox 120 3244 1697 3315">
    <p class='ocr_par' dir='ltr' id='par_1_48' title="bbox 120 3244 1697 3315">
     <span class='ocr_line' id='line_1_48' title="bbox 120 3244 1697 3315; baseline -0.001 -15"><span class='ocrx_word' id='word_1_388' title='bbox 120 3244 172 3300; x_wconf 90' lang='lat' dir='ltr'><strong>in</strong></span> <span class='ocrx_word' id='word_1_389' title='bbox 209 3247 469 3302; x_wconf 89' lang='lat' dir='ltr'><strong>omnibus</strong></span> <span class='ocrx_word' id='word_1_390' title='bbox 520 3246 778 3315; x_wconf 88' lang='lat' dir='ltr'><strong>Epistolis</strong></span> <span class='ocrx_word' id='word_1_391' title='bbox 813 3249 927 3302; x_wconf 91' lang='lat' dir='ltr'><strong>suis</strong></span> <span class='ocrx_word' id='word_1_392' title='bbox 968 3247 1148 3302; x_wconf 90' lang='lat' dir='ltr'><strong>dicit:</strong></span> <span class='ocrx_word' id='word_1_393' title='bbox 1195 3245 1384 3301; x_wconf 80' lang='lat' dir='ltr'><strong>Gratia</strong></span> <span class='ocrx_word' id='word_1_394' title='bbox 1437 3248 1600 3309; x_wconf 82' lang='lat' dir='ltr'><strong>vobis,</strong></span> <span class='ocrx_word' id='word_1_395' title='bbox 1651 3258 1697 3299; x_wconf 89' lang='lat' dir='ltr'><strong>et</strong></span> 
     </span>
    </p>
   </div>
   <div class='ocr_carea' id='block_1_49' title="bbox 120 3337 1696 3408">
    <p class='ocr_par' dir='ltr' id='par_1_49' title="bbox 120 3337 1696 3408">
     <span class='ocr_line' id='line_1_49' title="bbox 120 3337 1696 3408; baseline -0.002 -16"><span class='ocrx_word' id='word_1_396' title='bbox 120 3355 244 3404; x_wconf 73' lang='lat' dir='ltr'><strong>pax.</strong></span> <span class='ocrx_word' id='word_1_397' title='bbox 276 3339 386 3394; x_wconf 89' lang='lat' dir='ltr'><strong>Sed</strong></span> <span class='ocrx_word' id='word_1_398' title='bbox 417 3338 697 3394; x_wconf 84' lang='lat' dir='ltr'><strong>videamus</strong></span> <span class='ocrx_word' id='word_1_399' title='bbox 732 3339 860 3408; x_wconf 89' lang='lat' dir='ltr'><strong>quid</strong></span> <span class='ocrx_word' id='word_1_400' title='bbox 892 3337 1004 3408; x_wconf 87' lang='lat'><strong>(89)</strong></span> <span class='ocrx_word' id='word_1_401' title='bbox 1034 3347 1115 3392; x_wconf 89' lang='lat' dir='ltr'><strong>est</strong></span> <span class='ocrx_word' id='word_1_402' title='bbox 1143 3340 1285 3406; x_wconf 90' lang='lat' dir='ltr'><strong>quod</strong></span> <span class='ocrx_word' id='word_1_403' title='bbox 1333 3351 1430 3406; x_wconf 91' lang='lat' dir='ltr'><strong>per</strong></span> <span class='ocrx_word' id='word_1_404' title='bbox 1464 3337 1696 3406; x_wconf 89' lang='lat' dir='ltr'><strong>gratiam</strong></span> 
     </span>
    </p>
   </div>
   <div class='ocr_carea' id='block_1_50' title="bbox 117 3424 1702 3499">
    <p class='ocr_par' dir='ltr' id='par_1_50' title="bbox 117 3424 1702 3499">
     <span class='ocr_line' id='line_1_50' title="bbox 117 3424 1702 3499; baseline -0.002 -15"><span class='ocrx_word' id='word_1_405' title='bbox 117 3424 242 3499; x_wconf 66' lang='lat' dir='ltr'><strong>quae</strong></span> <span class='ocrx_word' id='word_1_406' title='bbox 271 3432 400 3484; x_wconf 88' lang='lat' dir='ltr'><strong>data</strong></span> <span class='ocrx_word' id='word_1_407' title='bbox 433 3441 521 3484; x_wconf 91' lang='lat' dir='ltr'><strong>est</strong></span> <span class='ocrx_word' id='word_1_408' title='bbox 549 3431 676 3496; x_wconf 88' lang='lat' dir='ltr'><strong>sibi,</strong></span> <span class='ocrx_word' id='word_1_409' title='bbox 699 3429 992 3499; x_wconf 80' lang='lat' dir='ltr'><strong>Apostolus</strong></span> <span class='ocrx_word' id='word_1_410' title='bbox 1022 3430 1154 3484; x_wconf 88' lang='lat' dir='ltr'><strong>dicit</strong></span> <span class='ocrx_word' id='word_1_411' title='bbox 1179 3429 1434 3484; x_wconf 90' lang='lat' dir='ltr'><strong>omnibus</strong></span> <span class='ocrx_word' id='word_1_412' title='bbox 1461 3429 1550 3497; x_wconf 89' lang='lat' dir='ltr'><strong>qui</strong></span> <span class='ocrx_word' id='word_1_413' title='bbox 1575 3437 1702 3481; x_wconf 89' lang='lat' dir='ltr'><strong>sunt</strong></span> 
     </span>
    </p>
   </div>
   <div class='ocr_carea' id='block_1_51' title="bbox 119 3519 1703 3591">
    <p class='ocr_par' dir='ltr' id='par_1_51' title="bbox 119 3519 1703 3591">
     <span class='ocr_line' id='line_1_51' title="bbox 119 3519 1703 3591; baseline -0.003 -15"><span class='ocrx_word' id='word_1_414' title='bbox 119 3522 263 3579; x_wconf 86' lang='lat' dir='ltr'><strong>inter</strong></span> <span class='ocrx_word' id='word_1_415' title='bbox 291 3522 590 3577; x_wconf 79' lang='lat' dir='ltr'><strong>Romanos.</strong></span> <span class='ocrx_word' id='word_1_416' title='bbox 631 3520 754 3574; x_wconf 83' lang='lat' dir='ltr'><strong>Non</strong></span> <span class='ocrx_word' id='word_1_417' title='bbox 781 3523 922 3590; x_wconf 91' lang='lat' dir='ltr'><strong>plus,</strong></span> <span class='ocrx_word' id='word_1_418' title='bbox 954 3521 1128 3590; x_wconf 86' lang='lat' dir='ltr'><strong>inquit</strong></span> <span class='ocrx_word' id='word_1_419' title='bbox 1155 3519 1290 3591; x_wconf 85' lang='lat'><strong>(90),</strong></span> <span class='ocrx_word' id='word_1_420' title='bbox 1328 3536 1511 3585; x_wconf 89' lang='lat' dir='ltr'><strong>sapere</strong></span> <span class='ocrx_word' id='word_1_421' title='bbox 1545 3536 1703 3588; x_wconf 80' lang='lat' dir='ltr'><strong>quant</strong></span> 
     </span>
    </p>
   </div>
   <div class='ocr_carea' id='block_1_52' title="bbox 118 3610 1706 3679">
    <p class='ocr_par' dir='ltr' id='par_1_52' title="bbox 118 3610 1706 3679">
     <span class='ocr_line' id='line_1_52' title="bbox 118 3610 1706 3679; baseline -0.001 -15"><span class='ocrx_word' id='word_1_422' title='bbox 118 3623 324 3679; x_wconf 79' lang='lat' dir='ltr'><strong>oportet</strong></span> <span class='ocrx_word' id='word_1_423' title='bbox 355 3629 564 3679; x_wconf 81' lang='lat' dir='ltr'><strong>sapere,</strong></span> <span class='ocrx_word' id='word_1_424' title='bbox 597 3613 688 3666; x_wconf 87' lang='lat' dir='ltr'><strong>sed</strong></span> <span class='ocrx_word' id='word_1_425' title='bbox 733 3627 916 3678; x_wconf 79' lang='lat' dir='ltr'><strong>sapere</strong></span> <span class='ocrx_word' id='word_1_426' title='bbox 955 3615 1024 3664; x_wconf 82' lang='lat' dir='ltr'><strong>ad</strong></span> <span class='ocrx_word' id='word_1_427' title='bbox 1069 3611 1425 3664; x_wconf 85' lang='lat' dir='ltr'><strong>sobrietatem.</strong></span> <span class='ocrx_word' id='word_1_428' title='bbox 1480 3610 1706 3666; x_wconf 83' lang='lat' dir='ltr'><strong>Videtur</strong></span> 
     </span>
    </p>
   </div>
   <div class='ocr_carea' id='block_1_53' title="bbox 121 3703 1705 3768">
    <p class='ocr_par' dir='ltr' id='par_1_53' title="bbox 121 3703 1705 3768">
     <span class='ocr_line' id='line_1_53' title="bbox 121 3703 1705 3768; baseline 0.001 -12"><span class='ocrx_word' id='word_1_429' title='bbox 121 3707 300 3759; x_wconf 82' lang='lat' dir='ltr'><strong>adhuc</strong></span> <span class='ocrx_word' id='word_1_430' title='bbox 329 3705 397 3758; x_wconf 84' lang='lat' dir='ltr'><strong>ad</strong></span> <span class='ocrx_word' id='word_1_431' title='bbox 429 3705 806 3768; x_wconf 85' lang='lat' dir='ltr'><strong>superbientes</strong></span> <span class='ocrx_word' id='word_1_432' title='bbox 831 3717 1014 3757; x_wconf 88' lang='lat' dir='ltr'><strong>ramos</strong></span> <span class='ocrx_word' id='word_1_433' title='bbox 1043 3703 1284 3767; x_wconf 88' lang='lat' dir='ltr'><strong>oleastri,</strong></span> <span class='ocrx_word' id='word_1_434' title='bbox 1303 3713 1356 3756; x_wconf 89' lang='lat' dir='ltr'><strong>et</strong></span> <span class='ocrx_word' id='word_1_435' title='bbox 1380 3703 1705 3757; x_wconf 83' lang='lat' dir='ltr'><strong>insultantes</strong></span> 
     </span>
    </p>
   </div>
   <div class='ocr_carea' id='block_1_54' title="bbox 120 3794 1702 3866">
    <p class='ocr_par' dir='ltr' id='par_1_54' title="bbox 120 3794 1702 3866">
     <span class='ocr_line' id='line_1_54' title="bbox 120 3794 1702 3866; baseline -0.001 -17"><span class='ocrx_word' id='word_1_436' title='bbox 120 3797 293 3851; x_wconf 83' lang='lat' dir='ltr'><strong>ramis</strong></span> <span class='ocrx_word' id='word_1_437' title='bbox 332 3797 425 3866; x_wconf 92' lang='lat' dir='ltr'><strong>qui</strong></span> <span class='ocrx_word' id='word_1_438' title='bbox 477 3798 546 3852; x_wconf 89' lang='lat' dir='ltr'><strong>de</strong></span> <span class='ocrx_word' id='word_1_439' title='bbox 598 3797 738 3850; x_wconf 87' lang='lat' dir='ltr'><strong>bona</strong></span> <span class='ocrx_word' id='word_1_440' title='bbox 786 3795 933 3849; x_wconf 86' lang='lat' dir='ltr'><strong>oliva</strong></span> <span class='ocrx_word' id='word_1_441' title='bbox 981 3794 1213 3849; x_wconf 80' lang='lat' dir='ltr'><strong>defracti</strong></span> <span class='ocrx_word' id='word_1_442' title='bbox 1268 3803 1392 3848; x_wconf 89' lang='lat' dir='ltr'><strong>sunt</strong></span> <span class='ocrx_word' id='word_1_443' title='bbox 1419 3796 1487 3860; x_wconf 87' lang='lat'><strong>&quot;’,</strong></span> <span class='ocrx_word' id='word_1_444' title='bbox 1542 3796 1702 3850; x_wconf 88' lang='lat' dir='ltr'><strong>etiam</strong></span> 
     </span>
    </p>
   </div>
   <div class='ocr_carea' id='block_1_55' title="bbox 118 3885 1698 3960">
    <p class='ocr_par' dir='ltr' id='par_1_55' title="bbox 118 3885 1698 3960">
     <span class='ocr_line' id='line_1_55' title="bbox 118 3885 1698 3960; baseline -0.002 -18"><span class='ocrx_word' id='word_1_445' title='bbox 118 3887 270 3942; x_wconf 88' lang='lat' dir='ltr'><strong>hunc</strong></span> <span class='ocrx_word' id='word_1_446' title='bbox 296 3889 410 3960; x_wconf 88' lang='grc'>(91)</span> <span class='ocrx_word' id='word_1_447' title='bbox 445 3898 638 3958; x_wconf 89' lang='lat' dir='ltr'><strong>aptare</strong></span> <span class='ocrx_word' id='word_1_448' title='bbox 663 3901 996 3952; x_wconf 89' lang='lat' dir='ltr'><strong>sermonem,</strong></span> <span class='ocrx_word' id='word_1_449' title='bbox 1024 3895 1078 3941; x_wconf 92' lang='lat' dir='ltr'><strong>et</strong></span> <span class='ocrx_word' id='word_1_450' title='bbox 1105 3887 1288 3940; x_wconf 91' lang='lat' dir='ltr'><strong>dicere</strong></span> <span class='ocrx_word' id='word_1_451' title='bbox 1315 3887 1419 3950; x_wconf 92' lang='lat' dir='ltr'><strong>eis,</strong></span> <span class='ocrx_word' id='word_1_452' title='bbox 1450 3899 1553 3938; x_wconf 89' lang='lat' dir='ltr'><strong>non</strong></span> <span class='ocrx_word' id='word_1_453' title='bbox 1601 3885 1698 3939; x_wconf 85' lang='lat' dir='ltr'><strong>de-</strong></span> 
     </span>
    </p>
   </div>
   <div class='ocr_carea' id='block_1_56' title="bbox 117 3975 1702 4049">
    <p class='ocr_par' dir='ltr' id='par_1_56' title="bbox 117 3975 1702 4049">
     <span class='ocr_line' id='line_1_56' title="bbox 117 3975 1702 4049; baseline -0.003 -16"><span class='ocrx_word' id='word_1_454' title='bbox 117 3978 253 4034; x_wconf 84' lang='lat' dir='ltr'><strong>bere</strong></span> <span class='ocrx_word' id='word_1_455' title='bbox 282 3980 400 4049; x_wconf 89' lang='lat' dir='ltr'><strong>plus</strong></span> <span class='ocrx_word' id='word_1_456' title='bbox 426 3994 616 4048; x_wconf 87' lang='lat' dir='ltr'><strong>sapere</strong></span> <span class='ocrx_word' id='word_1_457' title='bbox 643 3993 805 4047; x_wconf 89' lang='lat' dir='ltr'><strong>quam</strong></span> <span class='ocrx_word' id='word_1_458' title='bbox 837 3987 1050 4046; x_wconf 89' lang='lat' dir='ltr'><strong>oportet</strong></span> <span class='ocrx_word' id='word_1_459' title='bbox 1083 3991 1274 4045; x_wconf 89' lang='lat' dir='ltr'><strong>sapere</strong></span> <span class='ocrx_word' id='word_1_460' title='bbox 1305 3993 1321 4030; x_wconf 86' lang='lat'><strong>:</strong></span> <span class='ocrx_word' id='word_1_461' title='bbox 1347 3977 1490 4044; x_wconf 92' lang='lat' dir='ltr'><strong>quod</strong></span> <span class='ocrx_word' id='word_1_462' title='bbox 1527 3975 1702 4030; x_wconf 87' lang='lat' dir='ltr'><strong>simile</strong></span> 
     </span>
    </p>
   </div>
   <div class='ocr_carea' id='block_1_57' title="bbox 117 4067 1698 4139">
    <p class='ocr_par' dir='ltr' id='par_1_57' title="bbox 117 4067 1698 4139">
     <span class='ocr_line' id='line_1_57' title="bbox 117 4067 1698 4139; baseline -0.003 -16"><span class='ocrx_word' id='word_1_463' title='bbox 117 4081 200 4123; x_wconf 88' lang='lat' dir='ltr'><strong>est</strong></span> <span class='ocrx_word' id='word_1_464' title='bbox 231 4072 312 4125; x_wconf 91' lang='lat' dir='ltr'><strong>illi</strong></span> <span class='ocrx_word' id='word_1_465' title='bbox 343 4071 582 4126; x_wconf 89' lang='lat' dir='ltr'><strong>sermoni</strong></span> <span class='ocrx_word' id='word_1_466' title='bbox 614 4085 778 4139; x_wconf 89' lang='lat' dir='ltr'><strong>quem</strong></span> <span class='ocrx_word' id='word_1_467' title='bbox 816 4070 988 4122; x_wconf 81' lang='lat' dir='ltr'><strong>dixit:</strong></span> <span class='ocrx_word' id='word_1_468' title='bbox 1021 4067 1147 4121; x_wconf 84' lang='lat' dir='ltr'><strong>Noli</strong></span> <span class='ocrx_word' id='word_1_469' title='bbox 1177 4067 1395 4135; x_wconf 79' lang='lat' dir='ltr'><strong>superbe</strong></span> <span class='ocrx_word' id='word_1_470' title='bbox 1428 4083 1606 4133; x_wconf 85' lang='lat' dir='ltr'><strong>sapere</strong></span> <span class='ocrx_word' id='word_1_471' title='bbox 1622 4067 1698 4130; x_wconf 82' lang='grc'><strong>¹⁸;</strong></span> 
     </span>
    </p>
   </div>
   <div class='ocr_carea' id='block_1_58' title="bbox 120 4158 1702 4231">
    <p class='ocr_par' dir='ltr' id='par_1_58' title="bbox 120 4158 1702 4231">
     <span class='ocr_line' id='line_1_58' title="bbox 120 4158 1702 4231; baseline -0.005 -15"><span class='ocrx_word' id='word_1_472' title='bbox 120 4162 224 4217; x_wconf 85' lang='lat' dir='ltr'><strong>hoc</strong></span> <span class='ocrx_word' id='word_1_473' title='bbox 249 4172 337 4216; x_wconf 87' lang='lat' dir='ltr'><strong>est</strong></span> <span class='ocrx_word' id='word_1_474' title='bbox 360 4163 505 4215; x_wconf 86' lang='lat' dir='ltr'><strong>enim</strong></span> <span class='ocrx_word' id='word_1_475' title='bbox 539 4163 655 4231; x_wconf 91' lang='lat' dir='ltr'><strong>plus</strong></span> <span class='ocrx_word' id='word_1_476' title='bbox 685 4174 877 4230; x_wconf 88' lang='lat' dir='ltr'><strong>sapere</strong></span> <span class='ocrx_word' id='word_1_477' title='bbox 905 4158 1016 4230; x_wconf 73' lang='lat'><strong>(92)</strong></span> <span class='ocrx_word' id='word_1_478' title='bbox 1057 4172 1222 4227; x_wconf 90' lang='lat' dir='ltr'><strong>quam</strong></span> <span class='ocrx_word' id='word_1_479' title='bbox 1255 4168 1486 4226; x_wconf 88' lang='lat' dir='ltr'><strong>oportet.</strong></span> <span class='ocrx_word' id='word_1_480' title='bbox 1517 4158 1702 4210; x_wconf 86' lang='lat' dir='ltr'><strong>Scien-</strong></span> 
     </span>
    </p>
   </div>
   <div class='ocr_carea' id='block_1_59' title="bbox 120 4249 1702 4322">
    <p class='ocr_par' dir='ltr' id='par_1_59' title="bbox 120 4249 1702 4322">
     <span class='ocr_line' id='line_1_59' title="bbox 120 4249 1702 4322; baseline -0.005 -14"><span class='ocrx_word' id='word_1_481' title='bbox 120 4257 253 4310; x_wconf 85' lang='lat' dir='ltr'><strong>dum</strong></span> <span class='ocrx_word' id='word_1_482' title='bbox 292 4264 470 4308; x_wconf 89' lang='lat' dir='ltr'><strong>tamen</strong></span> <span class='ocrx_word' id='word_1_483' title='bbox 501 4265 608 4318; x_wconf 88' lang='lat' dir='ltr'><strong>est,</strong></span> <span class='ocrx_word' id='word_1_484' title='bbox 642 4254 784 4322; x_wconf 90' lang='lat' dir='ltr'><strong>quod</strong></span> <span class='ocrx_word' id='word_1_485' title='bbox 825 4264 878 4307; x_wconf 93' lang='lat' dir='ltr'><strong>et</strong></span> <span class='ocrx_word' id='word_1_486' title='bbox 907 4251 1091 4305; x_wconf 67' lang='lat' dir='ltr'><strong>caueri</strong></span> <span class='ocrx_word' id='word_1_487' title='bbox 1123 4249 1320 4303; x_wconf 91' lang='lat' dir='ltr'><strong>eruditi</strong></span> <span class='ocrx_word' id='word_1_488' title='bbox 1350 4249 1447 4301; x_wconf 90' lang='lat' dir='ltr'><strong>viri</strong></span> <span class='ocrx_word' id='word_1_489' title='bbox 1480 4257 1702 4301; x_wconf 91' lang='lat' dir='ltr'><strong>utuntur</strong></span> 
     </span>
    </p>
   </div>
   <div class='ocr_carea' id='block_1_60' title="bbox 190 4372 720 4437">
    <p class='ocr_par' dir='ltr' id='par_1_60' title="bbox 190 4372 720 4437">
     <span class='ocr_line' id='line_1_60' title="bbox 190 4372 720 4437; baseline -0.008 -10"><span class='ocrx_word' id='word_1_490' title='bbox 190 4374 392 4427; x_wconf 69' lang='lat' dir='ltr'><strong>&quot;Gen.</strong></span> <span class='ocrx_word' id='word_1_491' title='bbox 425 4372 720 4437; x_wconf 77' lang='lat' dir='ltr'><strong>xxxtx,9.l.</strong></span> 
     </span>
    </p>
   </div>
   <div class='ocr_carea' id='block_1_61' title="bbox 116 4437 1670 4506">
    <p class='ocr_par' dir='ltr' id='par_1_61' title="bbox 116 4437 1670 4506">
     <span class='ocr_line' id='line_1_61' title="bbox 116 4437 1670 4506; baseline -0.006 -7"><span class='ocrx_word' id='word_1_492' title='bbox 116 4443 162 4476; x_wconf 78' lang='grc'><strong>³⁸</strong></span> <span class='ocrx_word' id='word_1_493' title='bbox 191 4443 336 4498; x_wconf 88' lang='lat' dir='ltr'><strong>Gen.</strong></span> <span class='ocrx_word' id='word_1_494' title='bbox 376 4459 460 4506; x_wconf 90' lang='lat' dir='ltr'><strong>Ill,</strong></span> <span class='ocrx_word' id='word_1_495' title='bbox 496 4445 546 4496; x_wconf 91' lang='grc'>1.</span> <span class='ocrx_word' id='word_1_496' title='bbox 621 4442 662 4473; x_wconf 83' lang='grc'>⁸¹</span> <span class='ocrx_word' id='word_1_497' title='bbox 690 4441 820 4496; x_wconf 85' lang='lat' dir='ltr'><strong>Luc.</strong></span> <span class='ocrx_word' id='word_1_498' title='bbox 855 4457 964 4506; x_wconf 73' lang='lat' dir='ltr'><strong>xw,</strong></span> <span class='ocrx_word' id='word_1_499' title='bbox 1002 4442 1056 4495; x_wconf 90' lang='lat'><strong>8.</strong></span> <span class='ocrx_word' id='word_1_500' title='bbox 1155 4438 1198 4470; x_wconf 84' lang='grc'><strong><em>⁸²</em></strong></span> <span class='ocrx_word' id='word_1_501' title='bbox 1227 4438 1248 4492; x_wconf 94' lang='grc'><strong>1</strong></span> <span class='ocrx_word' id='word_1_502' title='bbox 1273 4437 1413 4492; x_wconf 90' lang='lat' dir='ltr'><strong>Tim.</strong></span> <span class='ocrx_word' id='word_1_503' title='bbox 1444 4452 1518 4502; x_wconf 88' lang='lat' dir='ltr'><strong>tv,</strong></span> <span class='ocrx_word' id='word_1_504' title='bbox 1550 4437 1670 4490; x_wconf 77' lang='grc' dir='ltr'><strong>1ο5.</strong></span> 
     </span>
    </p>
   </div>
   <div class='ocr_carea' id='block_1_62' title="bbox 621 4441 1056 4507">
    <p class='ocr_par' dir='ltr' id='par_1_62' title="bbox 621 4441 1056 4507">
     <span class='ocr_line' id='line_1_62' title="bbox 621 4441 1056 4507; baseline -0.005 -13"><span class='ocrx_word' id='word_1_505' title='bbox 621 4442 662 4473; x_wconf 83' lang='grc'>⁸¹</span> <span class='ocrx_word' id='word_1_506' title='bbox 690 4441 820 4496; x_wconf 85' lang='lat' dir='ltr'><strong>Luc.</strong></span> <span class='ocrx_word' id='word_1_507' title='bbox 855 4457 964 4507; x_wconf 73' lang='lat' dir='ltr'><strong>xw,</strong></span> <span class='ocrx_word' id='word_1_508' title='bbox 1002 4442 1056 4495; x_wconf 90' lang='lat'><strong>8.</strong></span> 
     </span>
    </p>
   </div>
   <div class='ocr_carea' id='block_1_63' title="bbox 118 4531 1778 4605">
    <p class='ocr_par' dir='ltr' id='par_1_63' title="bbox 118 4531 1778 4605">
     <span class='ocr_line' id='line_1_63' title="bbox 118 4531 1778 4605; baseline 0 -15"><span class='ocrx_word' id='word_1_509' title='bbox 118 4547 194 4590; x_wconf 85' lang='lat' dir='ltr'><strong>est</strong></span> <span class='ocrx_word' id='word_1_510' title='bbox 244 4539 320 4590; x_wconf 90' lang='lat' dir='ltr'><strong>ei.</strong></span> <span class='ocrx_word' id='word_1_511' title='bbox 363 4537 468 4590; x_wconf 88' lang='lat' dir='ltr'><strong>Sed</strong></span> <span class='ocrx_word' id='word_1_512' title='bbox 519 4537 722 4591; x_wconf 89' lang='lat' dir='ltr'><strong>rectius</strong></span> <span class='ocrx_word' id='word_1_513' title='bbox 767 4549 868 4590; x_wconf 89' lang='lat' dir='ltr'><strong>ms.</strong></span> <span class='ocrx_word' id='word_1_514' title='bbox 917 4535 1119 4605; x_wconf 79' lang='lat' dir='ltr'><strong>Regius</strong></span> <span class='ocrx_word' id='word_1_515' title='bbox 1166 4549 1316 4589; x_wconf 93' lang='lat' dir='ltr'><strong>num.</strong></span> <span class='ocrx_word' id='word_1_516' title='bbox 1363 4531 1502 4588; x_wconf 82' lang='grc'><strong>1659</strong></span> <span class='ocrx_word' id='word_1_517' title='bbox 1545 4542 1608 4585; x_wconf 85' lang='grc' dir='ltr'><strong>ιιι</strong></span> <span class='ocrx_word' id='word_1_518' title='bbox 1646 4532 1700 4586; x_wconf 92' lang='lat' dir='ltr'><strong>in</strong></span> <span class='ocrx_word' id='word_1_519' title='bbox 1734 4535 1778 4590; x_wconf 92' lang='lat' dir='ltr'><strong>D</strong></span> 
     </span>
    </p>
   </div>
   <div class='ocr_carea' id='block_1_64' title="bbox 118 4616 518 4662">
    <p class='ocr_par' dir='ltr' id='par_1_64' title="bbox 118 4616 518 4662">
     <span class='ocr_line' id='line_1_64' title="bbox 118 4616 518 4662; baseline 0.01 -4"><span class='ocrx_word' id='word_1_520' title='bbox 118 4618 319 4661; x_wconf 86' lang='lat' dir='ltr'><strong>nostro</strong></span> <span class='ocrx_word' id='word_1_521' title='bbox 346 4616 518 4662; x_wconf 74' lang='lat' dir='ltr'><strong>textu.</strong></span> 
     </span>
    </p>
   </div>
   <div class='ocr_carea' id='block_1_65' title="bbox 190 4671 1695 4746">
    <p class='ocr_par' dir='ltr' id='par_1_65' title="bbox 190 4671 1695 4746">
     <span class='ocr_line' id='line_1_65' title="bbox 190 4671 1695 4746; baseline -0.003 -16"><span class='ocrx_word' id='word_1_522' title='bbox 190 4678 316 4746; x_wconf 58' lang='grc'>(84)</span> <span class='ocrx_word' id='word_1_523' title='bbox 345 4677 507 4736; x_wconf 64' lang='lat' dir='ltr'><strong>Editi,</strong></span> <span class='ocrx_word' id='word_1_524' title='bbox 535 4676 898 4743; x_wconf 80' lang='lat' dir='ltr'><strong>deprehendet.</strong></span> <span class='ocrx_word' id='word_1_525' title='bbox 933 4674 1134 4746; x_wconf 80' lang='lat' dir='ltr'><strong>Deinde</strong></span> <span class='ocrx_word' id='word_1_526' title='bbox 1155 4674 1314 4727; x_wconf 88' lang='lat' dir='ltr'><strong>iidem</strong></span> <span class='ocrx_word' id='word_1_527' title='bbox 1342 4680 1405 4746; x_wconf 81' lang='lat' dir='ltr'><strong>et</strong></span> <span class='ocrx_word' id='word_1_528' title='bbox 1423 4687 1552 4746; x_wconf 89' lang='lat' dir='ltr'><strong>mss.</strong></span> <span class='ocrx_word' id='word_1_529' title='bbox 1575 4671 1695 4746; x_wconf 87' lang='lat' dir='ltr'><strong>ple-</strong></span> 
     </span>
    </p>
   </div>
   <div class='ocr_carea' id='block_1_66' title="bbox 120 4743 1698 4814">
    <p class='ocr_par' dir='ltr' id='par_1_66' title="bbox 120 4743 1698 4814">
     <span class='ocr_line' id='line_1_66' title="bbox 120 4743 1698 4814; baseline -0.001 -16"><span class='ocrx_word' id='word_1_530' title='bbox 120 4743 339 4814; x_wconf 47' lang='lat' dir='ltr'><strong>rique&#39;:</strong></span> <span class='ocrx_word' id='word_1_531' title='bbox 379 4746 470 4798; x_wconf 73' lang='lat' dir='ltr'><strong>Est</strong></span> <span class='ocrx_word' id='word_1_532' title='bbox 505 4749 640 4799; x_wconf 86' lang='lat' dir='ltr'><strong>enim</strong></span> <span class='ocrx_word' id='word_1_533' title='bbox 668 4749 757 4813; x_wconf 85' lang='lat' dir='ltr'><strong>qui</strong></span> <span class='ocrx_word' id='word_1_534' title='bbox 801 4755 848 4798; x_wconf 86' lang='lat' dir='ltr'><strong>et</strong></span> <span class='ocrx_word' id='word_1_535' title='bbox 881 4746 1020 4810; x_wconf 84' lang='lat' dir='ltr'><strong>quod</strong></span> <span class='ocrx_word' id='word_1_536' title='bbox 1047 4745 1151 4813; x_wconf 86' lang='lat' dir='ltr'><strong>agit</strong></span> <span class='ocrx_word' id='word_1_537' title='bbox 1176 4754 1223 4796; x_wconf 88' lang='lat' dir='ltr'><strong>et</strong></span> <span class='ocrx_word' id='word_1_538' title='bbox 1267 4743 1406 4812; x_wconf 84' lang='lat' dir='ltr'><strong>quod</strong></span> <span class='ocrx_word' id='word_1_539' title='bbox 1443 4743 1698 4813; x_wconf 85' lang='lat' dir='ltr'><strong>loquitur.</strong></span> 
     </span>
    </p>
   </div>
   <div class='ocr_carea' id='block_1_67' title="bbox 118 4815 1305 4884">
    <p class='ocr_par' dir='ltr' id='par_1_67' title="bbox 118 4815 1305 4884">
     <span class='ocr_line' id='line_1_67' title="bbox 118 4815 1305 4884; baseline -0.001 -17"><span class='ocrx_word' id='word_1_540' title='bbox 118 4815 230 4867; x_wconf 76' lang='lat' dir='ltr'><strong>Sed</strong></span> <span class='ocrx_word' id='word_1_541' title='bbox 267 4833 372 4871; x_wconf 80' lang='lat' dir='ltr'><strong>ins.</strong></span> <span class='ocrx_word' id='word_1_542' title='bbox 402 4815 598 4884; x_wconf 77' lang='lat' dir='ltr'><strong>Regius</strong></span> <span class='ocrx_word' id='word_1_543' title='bbox 632 4831 778 4870; x_wconf 79' lang='lat' dir='ltr'><strong>tium.</strong></span> <span class='ocrx_word' id='word_1_544' title='bbox 810 4816 946 4869; x_wconf 80' lang='grc'><strong>1659</strong></span> <span class='ocrx_word' id='word_1_545' title='bbox 972 4827 1026 4867; x_wconf 85' lang='grc' dir='ltr'><strong>ιιι</strong></span> <span class='ocrx_word' id='word_1_546' title='bbox 1050 4816 1102 4866; x_wconf 91' lang='lat' dir='ltr'><strong>in</strong></span> <span class='ocrx_word' id='word_1_547' title='bbox 1135 4823 1305 4866; x_wconf 78' lang='lat' dir='ltr'><strong>textu.</strong></span> 
     </span>
    </p>
   </div>
   <div class='ocr_carea' id='block_1_68' title="bbox 190 4885 1340 4946">
    <p class='ocr_par' dir='ltr' id='par_1_68' title="bbox 190 4885 1340 4946">
     <span class='ocr_line' id='line_1_68' title="bbox 190 4885 1340 4946; baseline -0.002 -8"><span class='ocrx_word' id='word_1_548' title='bbox 190 4887 318 4945; x_wconf 66' lang='lat'><strong>(83$)</strong></span> <span class='ocrx_word' id='word_1_549' title='bbox 350 4887 509 4946; x_wconf 73' lang='lat' dir='ltr'><strong>Editi,</strong></span> <span class='ocrx_word' id='word_1_550' title='bbox 535 4887 640 4945; x_wconf 84' lang='lat' dir='ltr'><strong>iam</strong></span> <span class='ocrx_word' id='word_1_551' title='bbox 669 4889 918 4944; x_wconf 82' lang='lat' dir='ltr'><strong>scriptum</strong></span> <span class='ocrx_word' id='word_1_552' title='bbox 943 4901 1055 4938; x_wconf 85' lang='lat' dir='ltr'><strong>esse</strong></span> <span class='ocrx_word' id='word_1_553' title='bbox 1087 4885 1340 4936; x_wconf 74' lang='lat' dir='ltr'><strong>diximus.</strong></span> 
     </span>
    </p>
   </div>
   <div class='ocr_carea' id='block_1_69' title="bbox 183 4951 1702 5022">
    <p class='ocr_par' dir='ltr' id='par_1_69' title="bbox 183 4951 1702 5022">
     <span class='ocr_line' id='line_1_69' title="bbox 183 4951 1702 5022; baseline -0.002 -16"><span class='ocrx_word' id='word_1_554' title='bbox 183 4953 506 5022; x_wconf 74' lang='grc' dir='ltr'><strong>(86)Ει11ιί,</strong></span> <span class='ocrx_word' id='word_1_555' title='bbox 544 4954 843 5021; x_wconf 84' lang='lat' dir='ltr'><strong>Reperimus</strong></span> <span class='ocrx_word' id='word_1_556' title='bbox 886 4965 1058 5005; x_wconf 79' lang='lat' dir='ltr'><strong>autent</strong></span> <span class='ocrx_word' id='word_1_557' title='bbox 1102 4954 1154 5004; x_wconf 89' lang='lat' dir='ltr'><strong>in</strong></span> <span class='ocrx_word' id='word_1_558' title='bbox 1193 4951 1702 5022; x_wconf 82' lang='lat' dir='ltr'><strong>quodam....qua_si</strong></span> 
     </span>
    </p>
   </div>
   <div class='ocr_carea' id='block_1_70' title="bbox 113 5020 1703 5093">
    <p class='ocr_par' dir='ltr' id='par_1_70' title="bbox 113 5020 1703 5093">
     <span class='ocr_line' id='line_1_70' title="bbox 113 5020 1703 5093; baseline -0.003 -17"><span class='ocrx_word' id='word_1_559' title='bbox 113 5020 369 5093; x_wconf 61' lang='lat' dir='ltr'><strong>angelum</strong></span> <span class='ocrx_word' id='word_1_560' title='bbox 411 5020 684 5092; x_wconf 72' lang='lat' dir='ltr'><strong>quemdam</strong></span> <span class='ocrx_word' id='word_1_561' title='bbox 725 5026 940 5092; x_wconf 72' lang='lat' dir='ltr'><strong>gratim,</strong></span> <span class='ocrx_word' id='word_1_562' title='bbox 989 5020 1416 5093; x_wconf 0' lang='lat' dir='ltr'><strong>qui....dAnahel</strong></span> <span class='ocrx_word' id='word_1_563' title='bbox 1449 5021 1585 5093; x_wconf 83' lang='lat' dir='ltr'><strong>enim</strong></span> <span class='ocrx_word' id='word_1_564' title='bbox 1619 5020 1703 5093; x_wconf 50' lang='lat' dir='ltr'><strong>dig</strong></span> 
     </span>
    </p>
   </div>
   <div class='ocr_carea' id='block_1_71' title="bbox 114 5090 1702 5162">
    <p class='ocr_par' dir='ltr' id='par_1_71' title="bbox 114 5090 1702 5162">
     <span class='ocr_line' id='line_1_71' title="bbox 114 5090 1702 5162; baseline -0.001 -18"><span class='ocrx_word' id='word_1_565' title='bbox 114 5090 288 5155; x_wconf 61' lang='lat' dir='ltr'><strong>utar,</strong></span> <span class='ocrx_word' id='word_1_566' title='bbox 330 5090 431 5148; x_wconf 71' lang='lat' dir='ltr'><strong>tte.</strong></span> <span class='ocrx_word' id='word_1_567' title='bbox 464 5105 592 5148; x_wconf 64' lang='lat' dir='ltr'><strong>.tiss.</strong></span> <span class='ocrx_word' id='word_1_568' title='bbox 625 5090 786 5147; x_wconf 62' lang='lat' dir='ltr'><strong>etiam</strong></span> <span class='ocrx_word' id='word_1_569' title='bbox 833 5095 1074 5162; x_wconf 84' lang='lat' dir='ltr'><strong>plerique.</strong></span> <span class='ocrx_word' id='word_1_570' title='bbox 1107 5092 1303 5144; x_wconf 88' lang='lat' dir='ltr'><strong>habent</strong></span> <span class='ocrx_word' id='word_1_571' title='bbox 1332 5091 1531 5143; x_wconf 71' lang='lat' dir='ltr'><strong>Ana/rel</strong></span> <span class='ocrx_word' id='word_1_572' title='bbox 1560 5106 1578 5142; x_wconf 89' lang='lat'><em>:</em></span> <span class='ocrx_word' id='word_1_573' title='bbox 1606 5090 1702 5143; x_wconf 74' lang='lat' dir='ltr'><strong>Sed</strong></span> 
     </span>
    </p>
   </div>
   <div class='ocr_carea' id='block_1_72' title="bbox 113 5162 1701 5227">
    <p class='ocr_par' dir='ltr' id='par_1_72' title="bbox 113 5162 1701 5227">
     <span class='ocr_line' id='line_1_72' title="bbox 113 5162 1701 5227; baseline -0.003 -10"><span class='ocrx_word' id='word_1_574' title='bbox 113 5167 334 5218; x_wconf 81' lang='lat' dir='ltr'><strong>rectius</strong></span> <span class='ocrx_word' id='word_1_575' title='bbox 362 5180 463 5217; x_wconf 88' lang='lat' dir='ltr'><strong>ms.</strong></span> <span class='ocrx_word' id='word_1_576' title='bbox 493 5180 656 5227; x_wconf 78' lang='lat' dir='ltr'><strong>tinus,</strong></span> <span class='ocrx_word' id='word_1_577' title='bbox 681 5164 964 5217; x_wconf 78' lang='lat' dir='ltr'><strong>Ananehel.</strong></span> <span class='ocrx_word' id='word_1_578' title='bbox 1001 5163 1073 5215; x_wconf 85' lang='lat' dir='ltr'><strong>Ita</strong></span> <span class='ocrx_word' id='word_1_579' title='bbox 1097 5166 1260 5213; x_wconf 69' lang='lat' dir='ltr'><strong>etiam</strong></span> <span class='ocrx_word' id='word_1_580' title='bbox 1291 5162 1701 5226; x_wconf 73' lang='lat' dir='ltr'><strong>inteipretatum</strong></span> 
     </span>
    </p>
   </div>
   <div class='ocr_carea' id='block_1_73' title="bbox 113 5231 1701 5301">
    <p class='ocr_par' dir='ltr' id='par_1_73' title="bbox 113 5231 1701 5301">
     <span class='ocr_line' id='line_1_73' title="bbox 113 5231 1701 5301; baseline 0 -16"><span class='ocrx_word' id='word_1_581' title='bbox 113 5237 372 5301; x_wconf 66' lang='lat' dir='ltr'><strong>reperies</strong></span> <span class='ocrx_word' id='word_1_582' title='bbox 398 5235 656 5288; x_wconf 83' lang='lat' dir='ltr'><strong>Anameel</strong></span> <span class='ocrx_word' id='word_1_583' title='bbox 679 5234 845 5287; x_wconf 88' lang='lat' dir='ltr'><strong>lilium</strong></span> <span class='ocrx_word' id='word_1_584' title='bbox 878 5235 1081 5295; x_wconf 89' lang='lat' dir='ltr'><strong>Salom,</strong></span> <span class='ocrx_word' id='word_1_585' title='bbox 1109 5231 1366 5287; x_wconf 83' lang='lat' dir='ltr'><strong>inJerem.</strong></span> <span class='ocrx_word' id='word_1_586' title='bbox 1393 5244 1513 5297; x_wconf 81' lang='lat' dir='ltr'><strong>cap.</strong></span> <span class='ocrx_word' id='word_1_587' title='bbox 1533 5244 1701 5285; x_wconf 78' lang='lat' dir='ltr'><strong>xxx&quot;.</strong></span> 
     </span>
    </p>
   </div>
   <div class='ocr_carea' id='block_1_74' title="bbox 111 5303 638 5364">
    <p class='ocr_par' dir='ltr' id='par_1_74' title="bbox 111 5303 638 5364">
     <span class='ocr_line' id='line_1_74' title="bbox 111 5303 638 5364; baseline 0.004 -10"><span class='ocrx_word' id='word_1_588' title='bbox 111 5317 272 5358; x_wconf 83' lang='lat' dir='ltr'><strong>vers.</strong></span> <span class='ocrx_word' id='word_1_589' title='bbox 317 5303 368 5364; x_wconf 89' lang='lat'><strong>8,</strong></span> <span class='ocrx_word' id='word_1_590' title='bbox 398 5313 530 5357; x_wconf 92' lang='lat' dir='ltr'><strong>tom.</strong></span> <span class='ocrx_word' id='word_1_591' title='bbox 557 5318 638 5358; x_wconf 88' lang='grc' dir='ltr'>ιιι.</span> 
     </span>
    </p>
   </div>
   <div class='ocr_carea' id='block_1_75' title="bbox 187 5369 1702 5438">
    <p class='ocr_par' dir='ltr' id='par_1_75' title="bbox 187 5369 1702 5438">
     <span class='ocr_line' id='line_1_75' title="bbox 187 5369 1702 5438; baseline 0.001 -14"><span class='ocrx_word' id='word_1_592' title='bbox 187 5372 413 5438; x_wconf 72' lang='grc' dir='ltr'><strong>(δηιιη</strong></span> <span class='ocrx_word' id='word_1_593' title='bbox 463 5385 650 5422; x_wconf 87' lang='lat' dir='ltr'><strong>oumes</strong></span> <span class='ocrx_word' id='word_1_594' title='bbox 696 5385 806 5424; x_wconf 87' lang='lat' dir='ltr'><strong>mss</strong></span> <span class='ocrx_word' id='word_1_595' title='bbox 876 5369 1048 5423; x_wconf 91' lang='lat' dir='ltr'><strong>nostri</strong></span> <span class='ocrx_word' id='word_1_596' title='bbox 1078 5385 1090 5420; x_wconf 94' lang='lat'><strong>:</strong></span> <span class='ocrx_word' id='word_1_597' title='bbox 1120 5384 1225 5421; x_wconf 89' lang='lat' dir='ltr'><strong>ms.</strong></span> <span class='ocrx_word' id='word_1_598' title='bbox 1275 5378 1452 5421; x_wconf 88' lang='lat' dir='ltr'><strong>tamen</strong></span> <span class='ocrx_word' id='word_1_599' title='bbox 1500 5369 1702 5438; x_wconf 85' lang='lat' dir='ltr'><strong>Regius</strong></span> 
     </span>
    </p>
   </div>
   <div class='ocr_carea' id='block_1_76' title="bbox 112 5439 1702 5500">
    <p class='ocr_par' dir='ltr' id='par_1_76' title="bbox 112 5439 1702 5500">
     <span class='ocr_line' id='line_1_76' title="bbox 112 5439 1702 5500; baseline 0.001 -9"><span class='ocrx_word' id='word_1_600' title='bbox 112 5453 278 5491; x_wconf 69' lang='lat' dir='ltr'><strong>nuru.</strong></span> <span class='ocrx_word' id='word_1_601' title='bbox 328 5439 483 5498; x_wconf 80' lang='grc'><strong>1659,</strong></span> <span class='ocrx_word' id='word_1_602' title='bbox 516 5440 718 5492; x_wconf 89' lang='lat' dir='ltr'><strong>omittit</strong></span> <span class='ocrx_word' id='word_1_603' title='bbox 757 5442 854 5493; x_wconf 88' lang='lat' dir='ltr'><strong>vis.</strong></span> <span class='ocrx_word' id='word_1_604' title='bbox 894 5441 1030 5492; x_wconf 71' lang='lat' dir='ltr'><strong>Editi</strong></span> <span class='ocrx_word' id='word_1_605' title='bbox 1071 5454 1215 5500; x_wconf 85' lang='lat' dir='ltr'><strong>vero,</strong></span> <span class='ocrx_word' id='word_1_606' title='bbox 1253 5450 1298 5491; x_wconf 91' lang='lat' dir='ltr'><strong>et</strong></span> <span class='ocrx_word' id='word_1_607' title='bbox 1335 5440 1444 5491; x_wconf 86' lang='lat' dir='ltr'><strong>alia</strong></span> <span class='ocrx_word' id='word_1_608' title='bbox 1489 5442 1563 5492; x_wconf 78' lang='lat' dir='ltr'><strong>vis</strong></span> <span class='ocrx_word' id='word_1_609' title='bbox 1606 5441 1702 5492; x_wconf 86' lang='lat' dir='ltr'><strong>do-</strong></span> 
     </span>
    </p>
   </div>
   <div class='ocr_carea' id='block_1_77' title="bbox 111 5509 1698 5578">
    <p class='ocr_par' dir='ltr' id='par_1_77' title="bbox 111 5509 1698 5578">
     <span class='ocr_line' id='line_1_77' title="bbox 111 5509 1698 5578; baseline 0 -16"><span class='ocrx_word' id='word_1_610' title='bbox 111 5511 341 5568; x_wconf 74' lang='grc' dir='ltr'><strong>ειγὶηίι»,</strong></span> <span class='ocrx_word' id='word_1_611' title='bbox 371 5525 486 5577; x_wconf 75' lang='lat' dir='ltr'><strong>qua:</strong></span> <span class='ocrx_word' id='word_1_612' title='bbox 521 5518 744 5576; x_wconf 83' lang='lat' dir='ltr'><strong>potestas</strong></span> <span class='ocrx_word' id='word_1_613' title='bbox 777 5521 1016 5562; x_wconf 81' lang='lat' dir='ltr'><strong>vocatur.</strong></span> <span class='ocrx_word' id='word_1_614' title='bbox 1050 5509 1203 5562; x_wconf 83' lang='lat' dir='ltr'><strong>Alius</strong></span> <span class='ocrx_word' id='word_1_615' title='bbox 1248 5523 1416 5561; x_wconf 75' lang='lat' dir='ltr'><strong>sermo</strong></span> <span class='ocrx_word' id='word_1_616' title='bbox 1443 5519 1541 5576; x_wconf 88' lang='lat' dir='ltr'><strong>est,</strong></span> <span class='ocrx_word' id='word_1_617' title='bbox 1566 5518 1698 5578; x_wconf 89' lang='lat' dir='ltr'><strong>etc.,</strong></span> 
     </span>
    </p>
   </div>
   <div class='ocr_carea' id='block_1_78' title="bbox 111 5582 576 5631">
    <p class='ocr_par' dir='ltr' id='par_1_78' title="bbox 111 5582 576 5631">
     <span class='ocr_line' id='line_1_78' title="bbox 111 5582 576 5631; baseline 0.004 -2"><span class='ocrx_word' id='word_1_618' title='bbox 111 5582 338 5631; x_wconf 75' lang='lat' dir='ltr'><strong>omisso</strong></span> <span class='ocrx_word' id='word_1_619' title='bbox 381 5588 576 5631; x_wconf 87' lang='lat' dir='ltr'><strong>autem.</strong></span> 
     </span>
    </p>
   </div>
   <div class='ocr_carea' id='block_1_79' title="bbox 188 5647 1697 5726">
    <p class='ocr_par' dir='ltr' id='par_1_79' title="bbox 188 5647 1697 5726">
     <span class='ocr_line' id='line_1_79' title="bbox 188 5647 1697 5726; baseline 0.003 -26"><span class='ocrx_word' id='word_1_620' title='bbox 188 5649 318 5714; x_wconf 77' lang='lat'><strong>(88)</strong></span> <span class='ocrx_word' id='word_1_621' title='bbox 345 5649 644 5726; x_wconf 46' lang='lat' dir='ltr'><strong>StC-Dlllnes</strong></span> <span class='ocrx_word' id='word_1_622' title='bbox 675 5664 809 5726; x_wconf 72' lang='lat' dir='ltr'><strong>mss.</strong></span> <span class='ocrx_word' id='word_1_623' title='bbox 833 5649 1024 5704; x_wconf 88' lang='lat' dir='ltr'><strong>nostri.</strong></span> <span class='ocrx_word' id='word_1_624' title='bbox 1050 5647 1191 5704; x_wconf 87' lang='lat' dir='ltr'><strong>Editi</strong></span> <span class='ocrx_word' id='word_1_625' title='bbox 1218 5661 1370 5720; x_wconf 83' lang='lat' dir='ltr'><strong>vero,</strong></span> <span class='ocrx_word' id='word_1_626' title='bbox 1397 5663 1500 5704; x_wconf 83' lang='lat' dir='ltr'><strong>non</strong></span> <span class='ocrx_word' id='word_1_627' title='bbox 1527 5649 1697 5704; x_wconf 88' lang='lat' dir='ltr'><strong>solum</strong></span> 
     </span>
    </p>
   </div>
   <div class='ocr_carea' id='block_1_80' title="bbox 111 5716 699 5780">
    <p class='ocr_par' dir='ltr' id='par_1_80' title="bbox 111 5716 699 5780">
     <span class='ocr_line' id='line_1_80' title="bbox 111 5716 699 5780; baseline 0.003 -10"><span class='ocrx_word' id='word_1_628' title='bbox 111 5716 224 5770; x_wconf 80' lang='lat' dir='ltr'><strong>ista</strong></span> <span class='ocrx_word' id='word_1_629' title='bbox 270 5734 396 5780; x_wconf 74' lang='lat' dir='ltr'><strong>quia</strong></span> <span class='ocrx_word' id='word_1_630' title='bbox 419 5719 567 5780; x_wconf 86' lang='lat' dir='ltr'><strong>dicit,</strong></span> <span class='ocrx_word' id='word_1_631' title='bbox 596 5729 699 5773; x_wconf 86' lang='lat' dir='ltr'><strong>etc.</strong></span> 
     </span>
    </p>
   </div>
   <div class='ocr_carea' id='block_1_81' title="bbox 185 5787 772 5856">
    <p class='ocr_par' dir='ltr' id='par_1_81' title="bbox 185 5787 772 5856">
     <span class='ocr_line' id='line_1_81' title="bbox 185 5787 772 5856; baseline 0.002 -15"><span class='ocrx_word' id='word_1_632' title='bbox 185 5789 315 5856; x_wconf 65' lang='lat'><strong>(89)</strong></span> <span class='ocrx_word' id='word_1_633' title='bbox 351 5787 508 5853; x_wconf 78' lang='lat' dir='ltr'><strong>Editi,</strong></span> <span class='ocrx_word' id='word_1_634' title='bbox 548 5790 772 5856; x_wconf 78' lang='lat' dir='ltr'><strong>quidem.</strong></span> 
     </span>
    </p>
   </div>
   <div class='ocr_carea' id='block_1_82' title="bbox 1799 1975 3370 2045">
    <p class='ocr_par' dir='ltr' id='par_1_82' title="bbox 1799 1975 3370 2045">
     <span class='ocr_line' id='line_1_82' title="bbox 1799 1975 3370 2045; baseline 0.003 -18"><span class='ocrx_word' id='word_1_635' title='bbox 1799 1984 1854 2028; x_wconf 92' lang='lat' dir='ltr'><strong>et</strong></span> <span class='ocrx_word' id='word_1_636' title='bbox 1885 1975 1938 2026; x_wconf 93' lang='lat' dir='ltr'><strong>in</strong></span> <span class='ocrx_word' id='word_1_637' title='bbox 1976 1985 2156 2041; x_wconf 89' lang='lat' dir='ltr'><strong>partes</strong></span> <span class='ocrx_word' id='word_1_638' title='bbox 2195 1975 2415 2030; x_wconf 76' lang='lat' dir='ltr'><strong>malitia:</strong></span> <span class='ocrx_word' id='word_1_639' title='bbox 2459 1977 2762 2044; x_wconf 88' lang='lat' dir='ltr'><strong>prolapsus.</strong></span> <span class='ocrx_word' id='word_1_640' title='bbox 2814 1975 2939 2030; x_wconf 89' lang='lat' dir='ltr'><strong>lude</strong></span> <span class='ocrx_word' id='word_1_641' title='bbox 2984 1983 3038 2028; x_wconf 92' lang='lat' dir='ltr'><strong>et</strong></span> <span class='ocrx_word' id='word_1_642' title='bbox 3077 1976 3170 2028; x_wconf 87' lang='lat' dir='ltr'><strong>lilii</strong></span> <span class='ocrx_word' id='word_1_643' title='bbox 3208 1976 3370 2045; x_wconf 86' lang='lat' dir='ltr'><strong>hujus</strong></span> 
     </span>
    </p>
   </div>
   <div class='ocr_carea' id='block_1_83' title="bbox 1798 2066 3366 2136">
    <p class='ocr_par' dir='ltr' id='par_1_83' title="bbox 1798 2066 3366 2136">
     <span class='ocr_line' id='line_1_83' title="bbox 1798 2066 3366 2136; baseline 0.002 -16"><span class='ocrx_word' id='word_1_644' title='bbox 1798 2066 1981 2120; x_wconf 57' lang='lat' dir='ltr'><strong>seculi</strong></span> <span class='ocrx_word' id='word_1_645' title='bbox 2031 2068 2414 2134; x_wconf 88' lang='lat' dir='ltr'><strong>prudentiores</strong></span> <span class='ocrx_word' id='word_1_646' title='bbox 2460 2067 2712 2120; x_wconf 91' lang='lat' dir='ltr'><strong>dicuntur</strong></span> <span class='ocrx_word' id='word_1_647' title='bbox 2762 2083 2922 2136; x_wconf 88' lang='lat' dir='ltr'><strong>quam</strong></span> <span class='ocrx_word' id='word_1_648' title='bbox 2974 2068 3066 2121; x_wconf 87' lang='lat' dir='ltr'><strong>lilii</strong></span> <span class='ocrx_word' id='word_1_649' title='bbox 3116 2067 3252 2122; x_wconf 90' lang='lat' dir='ltr'><strong>lucis</strong></span> <span class='ocrx_word' id='word_1_650' title='bbox 3279 2069 3366 2133; x_wconf 87' lang='grc'><strong>³¹;</strong></span> 
     </span>
    </p>
   </div>
   <div class='ocr_carea' id='block_1_84' title="bbox 1799 2155 3368 2227">
    <p class='ocr_par' dir='ltr' id='par_1_84' title="bbox 1799 2155 3368 2227">
     <span class='ocr_line' id='line_1_84' title="bbox 1799 2155 3368 2227; baseline 0.005 -21"><span class='ocrx_word' id='word_1_651' title='bbox 1799 2155 1918 2224; x_wconf 92' lang='lat' dir='ltr'><strong>plus</strong></span> <span class='ocrx_word' id='word_1_652' title='bbox 1965 2157 2107 2209; x_wconf 89' lang='lat' dir='ltr'><strong>enim</strong></span> <span class='ocrx_word' id='word_1_653' title='bbox 2152 2158 2373 2224; x_wconf 90' lang='lat' dir='ltr'><strong>sapiunt</strong></span> <span class='ocrx_word' id='word_1_654' title='bbox 2402 2172 2560 2224; x_wconf 88' lang='lat' dir='ltr'><strong>quam</strong></span> <span class='ocrx_word' id='word_1_655' title='bbox 2589 2168 2805 2224; x_wconf 92' lang='lat' dir='ltr'><strong>oportet</strong></span> <span class='ocrx_word' id='word_1_656' title='bbox 2837 2172 3049 2227; x_wconf 85' lang='lat' dir='ltr'><strong>sapere.</strong></span> <span class='ocrx_word' id='word_1_657' title='bbox 3094 2159 3159 2212; x_wconf 82' lang='lat' dir='ltr'><strong>Et</strong></span> <span class='ocrx_word' id='word_1_658' title='bbox 3195 2160 3271 2212; x_wconf 88' lang='lat' dir='ltr'><strong>sic</strong></span> <span class='ocrx_word' id='word_1_659' title='bbox 3313 2159 3368 2215; x_wconf 88' lang='lat' dir='ltr'><strong>in</strong></span> 
     </span>
    </p>
   </div>
   <div class='ocr_carea' id='block_1_85' title="bbox 1799 2243 3371 2316">
    <p class='ocr_par' dir='ltr' id='par_1_85' title="bbox 1799 2243 3371 2316">
     <span class='ocr_line' id='line_1_85' title="bbox 1799 2243 3371 2316; baseline 0.003 -18"><span class='ocrx_word' id='word_1_660' title='bbox 1799 2243 2024 2312; x_wconf 81' lang='lat' dir='ltr'><strong>singulis</strong></span> <span class='ocrx_word' id='word_1_661' title='bbox 2081 2245 2386 2313; x_wconf 84' lang='lat' dir='ltr'><strong>quibusque</strong></span> <span class='ocrx_word' id='word_1_662' title='bbox 2433 2247 2726 2299; x_wconf 85' lang='lat' dir='ltr'><strong>virtutibus</strong></span> <span class='ocrx_word' id='word_1_663' title='bbox 2775 2258 2951 2315; x_wconf 91' lang='lat' dir='ltr'><strong>potest</strong></span> <span class='ocrx_word' id='word_1_664' title='bbox 3003 2248 3201 2316; x_wconf 84' lang='lat' dir='ltr'><strong>aliquis</strong></span> <span class='ocrx_word' id='word_1_665' title='bbox 3253 2249 3371 2316; x_wconf 90' lang='lat' dir='ltr'><strong>plus</strong></span> 
     </span>
    </p>
   </div>
   <div class='ocr_carea' id='block_1_86' title="bbox 1805 2338 3371 2406">
    <p class='ocr_par' dir='ltr' id='par_1_86' title="bbox 1805 2338 3371 2406">
     <span class='ocr_line' id='line_1_86' title="bbox 1805 2338 3371 2406; baseline 0.003 -16"><span class='ocrx_word' id='word_1_666' title='bbox 1805 2349 2000 2404; x_wconf 86' lang='lat' dir='ltr'><strong>sapere</strong></span> <span class='ocrx_word' id='word_1_667' title='bbox 2026 2351 2190 2403; x_wconf 88' lang='lat' dir='ltr'><strong>quam</strong></span> <span class='ocrx_word' id='word_1_668' title='bbox 2220 2346 2436 2405; x_wconf 88' lang='lat' dir='ltr'><strong>oportet</strong></span> <span class='ocrx_word' id='word_1_669' title='bbox 2470 2352 2683 2406; x_wconf 89' lang='lat' dir='ltr'><strong>sapere.</strong></span> <span class='ocrx_word' id='word_1_670' title='bbox 2717 2338 2900 2391; x_wconf 74' lang='lat' dir='ltr'><strong>Potest</strong></span> <span class='ocrx_word' id='word_1_671' title='bbox 2927 2342 3088 2393; x_wconf 90' lang='lat' dir='ltr'><strong>etiam</strong></span> <span class='ocrx_word' id='word_1_672' title='bbox 3122 2342 3172 2394; x_wconf 91' lang='lat' dir='ltr'><strong>in</strong></span> <span class='ocrx_word' id='word_1_673' title='bbox 3204 2343 3371 2396; x_wconf 84' lang='lat' dir='ltr'><strong>casti-</strong></span> 
     </span>
    </p>
   </div>
   <div class='ocr_carea' id='block_1_87' title="bbox 1801 2427 3373 2500">
    <p class='ocr_par' dir='ltr' id='par_1_87' title="bbox 1801 2427 3373 2500">
     <span class='ocr_line' id='line_1_87' title="bbox 1801 2427 3373 2500; baseline 0.004 -20"><span class='ocrx_word' id='word_1_674' title='bbox 1801 2435 1914 2480; x_wconf 87' lang='lat' dir='ltr'><strong>tate</strong></span> <span class='ocrx_word' id='word_1_675' title='bbox 1940 2427 2140 2496; x_wconf 90' lang='lat' dir='ltr'><strong>aliquis</strong></span> <span class='ocrx_word' id='word_1_676' title='bbox 2174 2429 2293 2494; x_wconf 87' lang='lat' dir='ltr'><strong>plus</strong></span> <span class='ocrx_word' id='word_1_677' title='bbox 2337 2443 2534 2496; x_wconf 88' lang='lat' dir='ltr'><strong>sapere</strong></span> <span class='ocrx_word' id='word_1_678' title='bbox 2576 2445 2738 2495; x_wconf 90' lang='lat' dir='ltr'><strong>quam</strong></span> <span class='ocrx_word' id='word_1_679' title='bbox 2783 2440 2998 2498; x_wconf 87' lang='lat' dir='ltr'><strong>oportet</strong></span> <span class='ocrx_word' id='word_1_680' title='bbox 3040 2446 3263 2500; x_wconf 83' lang='lat' dir='ltr'><strong>sapere,</strong></span> <span class='ocrx_word' id='word_1_681' title='bbox 3313 2443 3373 2486; x_wconf 93' lang='lat' dir='ltr'><strong>ut</strong></span> 
     </span>
    </p>
   </div>
   <div class='ocr_carea' id='block_1_88' title="bbox 1800 2517 3372 2588">
    <p class='ocr_par' dir='ltr' id='par_1_88' title="bbox 1800 2517 3372 2588">
     <span class='ocr_line' id='line_1_88' title="bbox 1800 2517 3372 2588; baseline 0.003 -17"><span class='ocrx_word' id='word_1_682' title='bbox 1800 2527 1928 2571; x_wconf 86' lang='lat' dir='ltr'><strong>sunt</strong></span> <span class='ocrx_word' id='word_1_683' title='bbox 1973 2517 2051 2570; x_wconf 90' lang='lat' dir='ltr'><strong>illi</strong></span> <span class='ocrx_word' id='word_1_684' title='bbox 2100 2517 2187 2586; x_wconf 85' lang='lat' dir='ltr'><strong>qui</strong></span> <span class='ocrx_word' id='word_1_685' title='bbox 2231 2521 2505 2572; x_wconf 82' lang='lat' dir='ltr'><strong>attendunt</strong></span> <span class='ocrx_word' id='word_1_686' title='bbox 2555 2520 2826 2586; x_wconf 85' lang='lat' dir='ltr'><strong>spiritibus</strong></span> <span class='ocrx_word' id='word_1_687' title='bbox 2873 2523 3272 2588; x_wconf 83' lang='lat' dir='ltr'><strong>seductoribns,</strong></span> <span class='ocrx_word' id='word_1_688' title='bbox 3322 2533 3372 2576; x_wconf 90' lang='lat' dir='ltr'><strong>et</strong></span> 
     </span>
    </p>
   </div>
   <div class='ocr_carea' id='block_1_89' title="bbox 1813 2607 3372 2687">
    <p class='ocr_par' dir='ltr' id='par_1_89' title="bbox 1813 2607 3372 2687">
     <span class='ocr_line' id='line_1_89' title="bbox 1813 2607 3372 2687; baseline 0.007 -28"><span class='ocrx_word' id='word_1_689' title='bbox 1813 2607 2070 2662; x_wconf 81' lang='lat' dir='ltr'><strong>doctrinis</strong></span> <span class='ocrx_word' id='word_1_690' title='bbox 2099 2613 2505 2677; x_wconf 71' lang='lat' dir='ltr'><strong>da&#39;moniorum,</strong></span> <span class='ocrx_word' id='word_1_691' title='bbox 2538 2615 2592 2666; x_wconf 87' lang='lat' dir='ltr'><strong>in</strong></span> <span class='ocrx_word' id='word_1_692' title='bbox 2621 2615 2882 2684; x_wconf 78' lang='lat' dir='ltr'><strong>hypocrisi</strong></span> <span class='ocrx_word' id='word_1_693' title='bbox 2909 2616 3045 2685; x_wconf 81' lang='lat' dir='ltr'><strong>falsa</strong></span> <span class='ocrx_word' id='word_1_694' title='bbox 3084 2618 3372 2687; x_wconf 82' lang='lat' dir='ltr'><strong>loquentes,</strong></span> 
     </span>
    </p>
   </div>
   <div class='ocr_carea' id='block_1_90' title="bbox 1812 2701 3372 2776">
    <p class='ocr_par' dir='ltr' id='par_1_90' title="bbox 1812 2701 3372 2776">
     <span class='ocr_line' id='line_1_90' title="bbox 1812 2701 3372 2776; baseline 0.007 -24"><span class='ocrx_word' id='word_1_695' title='bbox 1812 2702 2158 2752; x_wconf 78' lang='lat' dir='ltr'><strong>canteriatam</strong></span> <span class='ocrx_word' id='word_1_696' title='bbox 2193 2701 2437 2755; x_wconf 84' lang='lat' dir='ltr'><strong>habentes</strong></span> <span class='ocrx_word' id='word_1_697' title='bbox 2469 2706 2844 2759; x_wconf 80' lang='lat' dir='ltr'><strong>conscientiam</strong></span> <span class='ocrx_word' id='word_1_698' title='bbox 2875 2723 3046 2772; x_wconf 87' lang='lat' dir='ltr'><strong>suam,</strong></span> <span class='ocrx_word' id='word_1_699' title='bbox 3090 2711 3372 2776; x_wconf 88' lang='lat' dir='ltr'><strong>prohiben-</strong></span> 
     </span>
    </p>
   </div>
   <div class='ocr_carea' id='block_1_91' title="bbox 1799 2791 3374 2871">
    <p class='ocr_par' dir='ltr' id='par_1_91' title="bbox 1799 2791 3374 2871">
     <span class='ocr_line' id='line_1_91' title="bbox 1799 2791 3374 2871; baseline 0.008 -27"><span class='ocrx_word' id='word_1_700' title='bbox 1799 2801 1874 2844; x_wconf 88' lang='lat' dir='ltr'><strong>tes</strong></span> <span class='ocrx_word' id='word_1_701' title='bbox 1913 2791 2139 2855; x_wconf 86' lang='lat' dir='ltr'><strong>nubere,</strong></span> <span class='ocrx_word' id='word_1_702' title='bbox 2185 2803 2232 2845; x_wconf 88' lang='lat' dir='ltr'><strong>et</strong></span> <span class='ocrx_word' id='word_1_703' title='bbox 2275 2793 2590 2850; x_wconf 86' lang='lat' dir='ltr'><strong>abstinentes</strong></span> <span class='ocrx_word' id='word_1_704' title='bbox 2617 2813 2671 2850; x_wconf 88' lang='lat' dir='ltr'><strong>se</strong></span> <span class='ocrx_word' id='word_1_705' title='bbox 2699 2815 2731 2851; x_wconf 93' lang='lat' dir='ltr'><strong>a</strong></span> <span class='ocrx_word' id='word_1_706' title='bbox 2757 2801 2885 2852; x_wconf 88' lang='lat' dir='ltr'><strong>cibis</strong></span> <span class='ocrx_word' id='word_1_707' title='bbox 2913 2816 3043 2869; x_wconf 85' lang='lat' dir='ltr'><strong>quos</strong></span> <span class='ocrx_word' id='word_1_708' title='bbox 3084 2801 3194 2871; x_wconf 79' lang='lat'><strong>(96)</strong></span> <span class='ocrx_word' id='word_1_709' title='bbox 3232 2802 3374 2857; x_wconf 86' lang='lat' dir='ltr'><strong>Deus</strong></span> 
     </span>
    </p>
   </div>
   <div class='ocr_carea' id='block_1_92' title="bbox 1801 2883 3370 2961">
    <p class='ocr_par' dir='ltr' id='par_1_92' title="bbox 1801 2883 3370 2961">
     <span class='ocr_line' id='line_1_92' title="bbox 1801 2883 3370 2961; baseline 0.01 -27"><span class='ocrx_word' id='word_1_710' title='bbox 1801 2885 1991 2936; x_wconf 81' lang='lat' dir='ltr'><strong>crearit</strong></span> <span class='ocrx_word' id='word_1_711' title='bbox 2011 2883 2077 2938; x_wconf 84' lang='grc'><strong>³³.</strong></span> <span class='ocrx_word' id='word_1_712' title='bbox 2106 2885 2192 2938; x_wconf 91' lang='lat' dir='ltr'><strong>Isti</strong></span> <span class='ocrx_word' id='word_1_713' title='bbox 2220 2885 2338 2953; x_wconf 89' lang='lat' dir='ltr'><strong>plus</strong></span> <span class='ocrx_word' id='word_1_714' title='bbox 2360 2887 2574 2956; x_wconf 89' lang='lat' dir='ltr'><strong>sapiunt</strong></span> <span class='ocrx_word' id='word_1_715' title='bbox 2592 2890 2658 2943; x_wconf 91' lang='lat' dir='ltr'><strong>de</strong></span> <span class='ocrx_word' id='word_1_716' title='bbox 2679 2892 2928 2944; x_wconf 87' lang='lat' dir='ltr'><strong>castitate</strong></span> <span class='ocrx_word' id='word_1_717' title='bbox 2951 2908 3110 2961; x_wconf 84' lang='lat' dir='ltr'><strong>quam</strong></span> <span class='ocrx_word' id='word_1_718' title='bbox 3135 2903 3370 2961; x_wconf 89' lang='lat' dir='ltr'><strong>oportet.</strong></span> 
     </span>
    </p>
   </div>
   <div class='ocr_carea' id='block_1_93' title="bbox 1801 2974 3376 3050">
    <p class='ocr_par' dir='ltr' id='par_1_93' title="bbox 1801 2974 3376 3050">
     <span class='ocr_line' id='line_1_93' title="bbox 1801 2974 3376 3050; baseline 0.008 -21"><span class='ocrx_word' id='word_1_719' title='bbox 1801 2974 1979 3030; x_wconf 74' lang='lat' dir='ltr'><strong>Minus</strong></span> <span class='ocrx_word' id='word_1_720' title='bbox 2015 2985 2194 3030; x_wconf 88' lang='lat' dir='ltr'><strong>autem</strong></span> <span class='ocrx_word' id='word_1_721' title='bbox 2237 2979 2376 3046; x_wconf 90' lang='lat' dir='ltr'><strong>sapit</strong></span> <span class='ocrx_word' id='word_1_722' title='bbox 2407 2994 2564 3048; x_wconf 90' lang='lat' dir='ltr'><strong>quam</strong></span> <span class='ocrx_word' id='word_1_723' title='bbox 2606 2993 2822 3050; x_wconf 90' lang='lat' dir='ltr'><strong>oportet</strong></span> <span class='ocrx_word' id='word_1_724' title='bbox 2863 2985 3177 3039; x_wconf 79' lang='lat' dir='ltr'><strong>luxuriosus</strong></span> <span class='ocrx_word' id='word_1_725' title='bbox 3203 2997 3256 3040; x_wconf 90' lang='lat' dir='ltr'><strong>et</strong></span> <span class='ocrx_word' id='word_1_726' title='bbox 3287 2987 3376 3040; x_wconf 87' lang='lat' dir='ltr'><strong>in-</strong></span> 
     </span>
    </p>
   </div>
   <div class='ocr_carea' id='block_1_94' title="bbox 1803 3065 3375 3145">
    <p class='ocr_par' dir='ltr' id='par_1_94' title="bbox 1803 3065 3375 3145">
     <span class='ocr_line' id='line_1_94' title="bbox 1803 3065 3375 3145; baseline 0.008 -26"><span class='ocrx_word' id='word_1_727' title='bbox 1803 3077 2008 3120; x_wconf 89' lang='lat' dir='ltr'><strong>cestus.</strong></span> <span class='ocrx_word' id='word_1_728' title='bbox 2059 3065 2170 3135; x_wconf 87' lang='lat' dir='ltr'><strong>Ego</strong></span> <span class='ocrx_word' id='word_1_729' title='bbox 2213 3080 2390 3122; x_wconf 84' lang='lat' dir='ltr'><strong>autem</strong></span> <span class='ocrx_word' id='word_1_730' title='bbox 2433 3071 2556 3124; x_wconf 90' lang='lat' dir='ltr'><strong>dico</strong></span> <span class='ocrx_word' id='word_1_731' title='bbox 2590 3075 2732 3138; x_wconf 89' lang='lat' dir='ltr'><strong>quod</strong></span> <span class='ocrx_word' id='word_1_732' title='bbox 2777 3084 2830 3128; x_wconf 94' lang='lat' dir='ltr'><strong>et</strong></span> <span class='ocrx_word' id='word_1_733' title='bbox 2861 3075 3096 3130; x_wconf 57' lang='lat' dir='ltr'><strong>haeretici</strong></span> <span class='ocrx_word' id='word_1_734' title='bbox 3140 3077 3259 3145; x_wconf 84' lang='lat' dir='ltr'><strong>plus</strong></span> <span class='ocrx_word' id='word_1_735' title='bbox 3285 3093 3375 3132; x_wconf 81' lang='lat' dir='ltr'><strong>sa-</strong></span> 
     </span>
    </p>
   </div>
   <div class='ocr_carea' id='block_1_95' title="bbox 1803 3158 3375 3241">
    <p class='ocr_par' dir='ltr' id='par_1_95' title="bbox 1803 3158 3375 3241">
     <span class='ocr_line' id='line_1_95' title="bbox 1803 3158 3375 3241; baseline 0.01 -31"><span class='ocrx_word' id='word_1_736' title='bbox 1803 3158 1955 3226; x_wconf 91' lang='lat' dir='ltr'><strong>piunt</strong></span> <span class='ocrx_word' id='word_1_737' title='bbox 1985 3160 2052 3213; x_wconf 90' lang='lat' dir='ltr'><strong>de</strong></span> <span class='ocrx_word' id='word_1_738' title='bbox 2083 3160 2300 3214; x_wconf 84' lang='lat' dir='ltr'><strong>Christo</strong></span> <span class='ocrx_word' id='word_1_739' title='bbox 2338 3177 2498 3229; x_wconf 88' lang='lat' dir='ltr'><strong>quam</strong></span> <span class='ocrx_word' id='word_1_740' title='bbox 2534 3176 2742 3231; x_wconf 89' lang='lat' dir='ltr'><strong>oportet</strong></span> <span class='ocrx_word' id='word_1_741' title='bbox 2786 3183 3002 3235; x_wconf 87' lang='lat' dir='ltr'><strong>sapere,</strong></span> <span class='ocrx_word' id='word_1_742' title='bbox 3042 3173 3131 3237; x_wconf 90' lang='lat' dir='ltr'><strong>qui</strong></span> <span class='ocrx_word' id='word_1_743' title='bbox 3175 3181 3375 3241; x_wconf 84' lang='lat' dir='ltr'><strong>negant</strong></span> 
     </span>
    </p>
   </div>
   <div class='ocr_carea' id='block_1_96' title="bbox 1805 3247 3374 3316">
    <p class='ocr_par' dir='ltr' id='par_1_96' title="bbox 1805 3247 3374 3316">
     <span class='ocr_line' id='line_1_96' title="bbox 1805 3247 3374 3316; baseline 0.01 -16"><span class='ocrx_word' id='word_1_744' title='bbox 1805 3262 1928 3300; x_wconf 91' lang='lat' dir='ltr'><strong>eum</strong></span> <span class='ocrx_word' id='word_1_745' title='bbox 1957 3247 2048 3302; x_wconf 92' lang='lat' dir='ltr'><strong>Dei</strong></span> <span class='ocrx_word' id='word_1_746' title='bbox 2094 3250 2365 3304; x_wconf 85' lang='lat' dir='ltr'><strong>creatoris</strong></span> <span class='ocrx_word' id='word_1_747' title='bbox 2409 3249 2764 3316; x_wconf 83' lang='lat' dir='ltr'><strong>esseFilium,</strong></span> <span class='ocrx_word' id='word_1_748' title='bbox 2800 3257 2892 3309; x_wconf 84' lang='lat' dir='ltr'><strong>sed</strong></span> <span class='ocrx_word' id='word_1_749' title='bbox 2921 3255 3146 3311; x_wconf 87' lang='lat' dir='ltr'><strong>alterius</strong></span> <span class='ocrx_word' id='word_1_750' title='bbox 3192 3262 3374 3316; x_wconf 91' lang='lat' dir='ltr'><strong>nescio</strong></span> 
     </span>
    </p>
   </div>
   <div class='ocr_carea' id='block_1_97' title="bbox 1806 3337 3377 3416">
    <p class='ocr_par' dir='ltr' id='par_1_97' title="bbox 1806 3337 3377 3416">
     <span class='ocr_line' id='line_1_97' title="bbox 1806 3337 3377 3416; baseline 0.01 -26"><span class='ocrx_word' id='word_1_751' title='bbox 1806 3337 1962 3407; x_wconf 85' lang='lat' dir='ltr'><strong>cujus</strong></span> <span class='ocrx_word' id='word_1_752' title='bbox 1992 3339 2234 3394; x_wconf 89' lang='lat' dir='ltr'><strong>melioris</strong></span> <span class='ocrx_word' id='word_1_753' title='bbox 2264 3339 2358 3394; x_wconf 92' lang='lat' dir='ltr'><strong>Dei</strong></span> <span class='ocrx_word' id='word_1_754' title='bbox 2399 3340 2534 3412; x_wconf 83' lang='lat'><strong>(97).</strong></span> <span class='ocrx_word' id='word_1_755' title='bbox 2575 3343 2680 3398; x_wconf 92' lang='lat' dir='ltr'><strong>Sed</strong></span> <span class='ocrx_word' id='word_1_756' title='bbox 2710 3355 2764 3400; x_wconf 86' lang='lat' dir='ltr'><strong>et</strong></span> <span class='ocrx_word' id='word_1_757' title='bbox 2804 3346 2874 3399; x_wconf 94' lang='lat' dir='ltr'><strong>illi</strong></span> <span class='ocrx_word' id='word_1_758' title='bbox 2914 3348 3033 3416; x_wconf 91' lang='lat' dir='ltr'><strong>plus</strong></span> <span class='ocrx_word' id='word_1_759' title='bbox 3062 3349 3127 3404; x_wconf 94' lang='lat' dir='ltr'><strong>de</strong></span> <span class='ocrx_word' id='word_1_760' title='bbox 3155 3350 3377 3408; x_wconf 86' lang='lat' dir='ltr'><strong>Christo</strong></span> 
     </span>
    </p>
   </div>
   <div class='ocr_carea' id='block_1_98' title="bbox 1808 3433 3374 3509">
    <p class='ocr_par' dir='ltr' id='par_1_98' title="bbox 1808 3433 3374 3509">
     <span class='ocr_line' id='line_1_98' title="bbox 1808 3433 3374 3509; baseline 0.01 -27"><span class='ocrx_word' id='word_1_761' title='bbox 1808 3433 2030 3500; x_wconf 89' lang='lat' dir='ltr'><strong>sapiunt</strong></span> <span class='ocrx_word' id='word_1_762' title='bbox 2067 3448 2226 3500; x_wconf 88' lang='lat' dir='ltr'><strong>quam</strong></span> <span class='ocrx_word' id='word_1_763' title='bbox 2272 3443 2485 3499; x_wconf 88' lang='lat' dir='ltr'><strong>oportet</strong></span> <span class='ocrx_word' id='word_1_764' title='bbox 2527 3441 2876 3508; x_wconf 82' lang='lat' dir='ltr'><strong>sapere,-qui</strong></span> <span class='ocrx_word' id='word_1_765' title='bbox 2923 3450 3120 3509; x_wconf 81' lang='lat' dir='ltr'><strong>negant</strong></span> <span class='ocrx_word' id='word_1_766' title='bbox 3155 3457 3276 3496; x_wconf 88' lang='lat' dir='ltr'><strong>eum</strong></span> <span class='ocrx_word' id='word_1_767' title='bbox 3321 3444 3374 3497; x_wconf 90' lang='lat' dir='ltr'><strong>in</strong></span> 
     </span>
    </p>
   </div>
   <div class='ocr_carea' id='block_1_99' title="bbox 1809 3523 3378 3600">
    <p class='ocr_par' dir='ltr' id='par_1_99' title="bbox 1809 3523 3378 3600">
     <span class='ocr_line' id='line_1_99' title="bbox 1809 3523 3378 3600; baseline 0.011 -28"><span class='ocrx_word' id='word_1_768' title='bbox 1809 3535 1973 3574; x_wconf 89' lang='lat' dir='ltr'><strong>carne</strong></span> <span class='ocrx_word' id='word_1_769' title='bbox 1992 3523 2229 3589; x_wconf 88' lang='lat' dir='ltr'><strong>venisse,</strong></span> <span class='ocrx_word' id='word_1_770' title='bbox 2253 3535 2306 3576; x_wconf 93' lang='lat' dir='ltr'><strong>et</strong></span> <span class='ocrx_word' id='word_1_771' title='bbox 2331 3535 2517 3579; x_wconf 89' lang='lat' dir='ltr'><strong>natum</strong></span> <span class='ocrx_word' id='word_1_772' title='bbox 2541 3541 2661 3580; x_wconf 90' lang='lat' dir='ltr'><strong>esse</strong></span> <span class='ocrx_word' id='word_1_773' title='bbox 2683 3543 2748 3580; x_wconf 79' lang='lat' dir='ltr'><strong>ex</strong></span> <span class='ocrx_word' id='word_1_774' title='bbox 2771 3527 3011 3600; x_wconf 84' lang='lat' dir='ltr'><strong>Virgine,</strong></span> <span class='ocrx_word' id='word_1_775' title='bbox 3035 3534 3128 3585; x_wconf 91' lang='lat' dir='ltr'><strong>sed</strong></span> <span class='ocrx_word' id='word_1_776' title='bbox 3153 3535 3378 3589; x_wconf 66' lang='lat' dir='ltr'><strong>caeleste</strong></span> 
     </span>
    </p>
   </div>
   <div class='ocr_carea' id='block_1_100' title="bbox 1809 3613 3376 3688">
    <p class='ocr_par' dir='ltr' id='par_1_100' title="bbox 1809 3613 3376 3688">
     <span class='ocr_line' id='line_1_100' title="bbox 1809 3613 3376 3688; baseline 0.01 -22"><span class='ocrx_word' id='word_1_777' title='bbox 1809 3613 1856 3666; x_wconf 92' lang='lat' dir='ltr'><strong>ei</strong></span> <span class='ocrx_word' id='word_1_778' title='bbox 1895 3627 2094 3681; x_wconf 89' lang='lat' dir='ltr'><strong>corpus</strong></span> <span class='ocrx_word' id='word_1_779' title='bbox 2141 3615 2441 3684; x_wconf 87' lang='lat' dir='ltr'><strong>assignant.</strong></span> <span class='ocrx_word' id='word_1_780' title='bbox 2492 3615 2548 3669; x_wconf 92' lang='lat' dir='ltr'><strong>In</strong></span> <span class='ocrx_word' id='word_1_781' title='bbox 2599 3620 2683 3672; x_wconf 87' lang='lat' dir='ltr'><strong>his</strong></span> <span class='ocrx_word' id='word_1_782' title='bbox 2723 3634 2852 3688; x_wconf 85' lang='lat' dir='ltr'><strong>ergo</strong></span> <span class='ocrx_word' id='word_1_783' title='bbox 2897 3623 3150 3678; x_wconf 90' lang='lat' dir='ltr'><strong>omnibus</strong></span> <span class='ocrx_word' id='word_1_784' title='bbox 3179 3624 3376 3682; x_wconf 86' lang='lat' dir='ltr'><strong>Paulus</strong></span> 
     </span>
    </p>
   </div>
   <div class='ocr_carea' id='block_1_101' title="bbox 1811 3704 3378 3782">
    <p class='ocr_par' dir='ltr' id='par_1_101' title="bbox 1811 3704 3378 3782">
     <span class='ocr_line' id='line_1_101' title="bbox 1811 3704 3378 3782; baseline 0.011 -28"><span class='ocrx_word' id='word_1_785' title='bbox 1811 3717 1907 3756; x_wconf 90' lang='lat' dir='ltr'><strong>nos</strong></span> <span class='ocrx_word' id='word_1_786' title='bbox 1938 3704 2051 3755; x_wconf 89' lang='lat' dir='ltr'><strong>vult</strong></span> <span class='ocrx_word' id='word_1_787' title='bbox 2087 3721 2191 3757; x_wconf 89' lang='lat' dir='ltr'><strong>non</strong></span> <span class='ocrx_word' id='word_1_788' title='bbox 2235 3706 2354 3773; x_wconf 88' lang='lat' dir='ltr'><strong>plus</strong></span> <span class='ocrx_word' id='word_1_789' title='bbox 2393 3724 2576 3774; x_wconf 88' lang='lat' dir='ltr'><strong>sapere</strong></span> <span class='ocrx_word' id='word_1_790' title='bbox 2618 3725 2772 3777; x_wconf 86' lang='lat' dir='ltr'><strong>quam</strong></span> <span class='ocrx_word' id='word_1_791' title='bbox 2810 3723 3007 3776; x_wconf 85' lang='lat' dir='ltr'><strong>oportet</strong></span> <span class='ocrx_word' id='word_1_792' title='bbox 3043 3731 3245 3782; x_wconf 87' lang='lat' dir='ltr'><strong>sapere,</strong></span> <span class='ocrx_word' id='word_1_793' title='bbox 3286 3718 3378 3771; x_wconf 85' lang='lat' dir='ltr'><strong>sed</strong></span> 
     </span>
    </p>
   </div>
   <div class='ocr_carea' id='block_1_102' title="bbox 1806 3795 3376 3866">
    <p class='ocr_par' dir='ltr' id='par_1_102' title="bbox 1806 3795 3376 3866">
     <span class='ocr_line' id='line_1_102' title="bbox 1806 3795 3376 3866; baseline 0.01 -20"><span class='ocrx_word' id='word_1_794' title='bbox 1806 3809 1989 3860; x_wconf 84' lang='lat' dir='ltr'><strong>sapere</strong></span> <span class='ocrx_word' id='word_1_795' title='bbox 2028 3795 2097 3847; x_wconf 86' lang='lat' dir='ltr'><strong>ad</strong></span> <span class='ocrx_word' id='word_1_796' title='bbox 2134 3796 2508 3862; x_wconf 84' lang='lat' dir='ltr'><strong>sobrietatem,</strong></span> <span class='ocrx_word' id='word_1_797' title='bbox 2556 3799 2700 3866; x_wconf 85' lang='lat' dir='ltr'><strong>quod</strong></span> <span class='ocrx_word' id='word_1_798' title='bbox 2737 3801 2787 3853; x_wconf 90' lang='lat' dir='ltr'><strong>in</strong></span> <span class='ocrx_word' id='word_1_799' title='bbox 2816 3801 3004 3856; x_wconf 68' lang='lat' dir='ltr'><strong>Grieco</strong></span> <span class='ocrx_word' id='word_1_800' title='bbox 3036 3805 3238 3858; x_wconf 90' lang='lat' dir='ltr'><strong>dicitur</strong></span> <span class='ocrx_word' id='word_1_801' title='bbox 3268 3823 3376 3861; x_wconf 80' lang='grc' dir='ltr'><strong>σωο</strong></span> 
     </span>
    </p>
   </div>
   <div class='ocr_carea' id='block_1_103' title="bbox 1809 3883 3378 3959">
    <p class='ocr_par' dir='ltr' id='par_1_103' title="bbox 1809 3883 3378 3959">
     <span class='ocr_line' id='line_1_103' title="bbox 1809 3883 3378 3959; baseline 0.012 -26"><span class='ocrx_word' id='word_1_802' title='bbox 1809 3883 2088 3953; x_wconf 74' lang='grc' dir='ltr'><strong>φροσύνη,</strong></span> <span class='ocrx_word' id='word_1_803' title='bbox 2132 3885 2184 3937; x_wconf 91' lang='lat' dir='ltr'><strong>in</strong></span> <span class='ocrx_word' id='word_1_804' title='bbox 2222 3888 2422 3940; x_wconf 87' lang='lat' dir='ltr'><strong>nostris</strong></span> <span class='ocrx_word' id='word_1_805' title='bbox 2459 3895 2638 3940; x_wconf 83' lang='lat' dir='ltr'><strong>autem</strong></span> <span class='ocrx_word' id='word_1_806' title='bbox 2684 3889 2997 3959; x_wconf 89' lang='lat' dir='ltr'><strong>codicibus,</strong></span> <span class='ocrx_word' id='word_1_807' title='bbox 3045 3895 3147 3950; x_wconf 89' lang='lat' dir='ltr'><strong>hoc</strong></span> <span class='ocrx_word' id='word_1_808' title='bbox 3190 3906 3268 3950; x_wconf 85' lang='lat' dir='ltr'><strong>est</strong></span> <span class='ocrx_word' id='word_1_809' title='bbox 3321 3899 3378 3953; x_wconf 91' lang='lat' dir='ltr'><strong>in</strong></span> 
     </span>
    </p>
   </div>
   <div class='ocr_carea' id='block_1_104' title="bbox 1809 3974 3380 4056">
    <p class='ocr_par' dir='ltr' id='par_1_104' title="bbox 1809 3974 3380 4056">
     <span class='ocr_line' id='line_1_104' title="bbox 1809 3974 3380 4056; baseline 0.01 -29"><span class='ocrx_word' id='word_1_810' title='bbox 1809 3974 2107 4044; x_wconf 85' lang='lat' dir='ltr'><strong>Scripturis</strong></span> <span class='ocrx_word' id='word_1_811' title='bbox 2133 3977 2352 4043; x_wconf 87' lang='lat' dir='ltr'><strong>divinis,</strong></span> <span class='ocrx_word' id='word_1_812' title='bbox 2385 3978 2638 4031; x_wconf 86' lang='lat' dir='ltr'><strong>sobrietas</strong></span> <span class='ocrx_word' id='word_1_813' title='bbox 2668 3997 2694 4032; x_wconf 92' lang='lat' dir='ltr'><strong>a</strong></span> <span class='ocrx_word' id='word_1_814' title='bbox 2722 3986 3016 4050; x_wconf 79' lang='lat' dir='ltr'><strong>majoribus</strong></span> <span class='ocrx_word' id='word_1_815' title='bbox 3046 3987 3380 4056; x_wconf 86' lang='lat' dir='ltr'><strong>interpreta-</strong></span> 
     </span>
    </p>
   </div>
   <div class='ocr_carea' id='block_1_105' title="bbox 1809 4059 3376 4146">
    <p class='ocr_par' dir='ltr' id='par_1_105' title="bbox 1809 4059 3376 4146">
     <span class='ocr_line' id='line_1_105' title="bbox 1809 4059 3376 4146; baseline 0.011 -30"><span class='ocrx_word' id='word_1_816' title='bbox 1809 4074 1921 4120; x_wconf 91' lang='lat' dir='ltr'><strong>tum</strong></span> <span class='ocrx_word' id='word_1_817' title='bbox 1959 4076 2059 4131; x_wconf 88' lang='lat' dir='ltr'><strong>est,</strong></span> <span class='ocrx_word' id='word_1_818' title='bbox 2105 4068 2173 4120; x_wconf 92' lang='lat' dir='ltr'><strong>ab</strong></span> <span class='ocrx_word' id='word_1_819' title='bbox 2203 4069 2323 4122; x_wconf 91' lang='lat' dir='ltr'><strong>aliis</strong></span> <span class='ocrx_word' id='word_1_820' title='bbox 2374 4079 2556 4124; x_wconf 89' lang='lat' dir='ltr'><strong>tamen</strong></span> <span class='ocrx_word' id='word_1_821' title='bbox 2593 4075 2821 4128; x_wconf 89' lang='lat' dir='ltr'><strong>eruditis</strong></span> <span class='ocrx_word' id='word_1_822' title='bbox 2861 4078 2991 4131; x_wconf 91' lang='lat' dir='ltr'><strong>viris</strong></span> <span class='ocrx_word' id='word_1_823' title='bbox 3029 4059 3376 4146; x_wconf 72' lang='lat' dir='ltr'><strong>temperantia</strong></span> 
     </span>
    </p>
   </div>
   <div class='ocr_carea' id='block_1_106' title="bbox 1808 4159 3375 4238">
    <p class='ocr_par' dir='ltr' id='par_1_106' title="bbox 1808 4159 3375 4238">
     <span class='ocr_line' id='line_1_106' title="bbox 1808 4159 3375 4238; baseline 0.01 -28"><span class='ocrx_word' id='word_1_824' title='bbox 1808 4159 2046 4225; x_wconf 90' lang='lat' dir='ltr'><strong>ponitur,</strong></span> <span class='ocrx_word' id='word_1_825' title='bbox 2071 4176 2191 4229; x_wconf 70' lang='lat' dir='ltr'><strong>qum</strong></span> <span class='ocrx_word' id='word_1_826' title='bbox 2223 4166 2578 4232; x_wconf 87' lang='lat' dir='ltr'><strong>temperantia</strong></span> <span class='ocrx_word' id='word_1_827' title='bbox 2612 4182 2716 4219; x_wconf 88' lang='lat' dir='ltr'><strong>una</strong></span> <span class='ocrx_word' id='word_1_828' title='bbox 2745 4183 2812 4220; x_wconf 83' lang='lat' dir='ltr'><strong>ex</strong></span> <span class='ocrx_word' id='word_1_829' title='bbox 2842 4180 3074 4235; x_wconf 87' lang='lat' dir='ltr'><strong>quatuor</strong></span> <span class='ocrx_word' id='word_1_830' title='bbox 3102 4171 3375 4238; x_wconf 81' lang='lat' dir='ltr'><strong>generali-</strong></span> 
     </span>
    </p>
   </div>
   <div class='ocr_carea' id='block_1_107' title="bbox 1809 4248 3380 4328">
    <p class='ocr_par' dir='ltr' id='par_1_107' title="bbox 1809 4248 3380 4328">
     <span class='ocr_line' id='line_1_107' title="bbox 1809 4248 3380 4328; baseline 0.009 -28"><span class='ocrx_word' id='word_1_831' title='bbox 1809 4248 1907 4301; x_wconf 90' lang='lat' dir='ltr'><strong>bus</strong></span> <span class='ocrx_word' id='word_1_832' title='bbox 1941 4249 2232 4304; x_wconf 84' lang='lat' dir='ltr'><strong>virtutibus</strong></span> <span class='ocrx_word' id='word_1_833' title='bbox 2264 4253 2520 4309; x_wconf 85' lang='lat' dir='ltr'><strong>habetur.</strong></span> <span class='ocrx_word' id='word_1_834' title='bbox 2556 4255 2619 4308; x_wconf 84' lang='lat' dir='ltr'><strong>Et</strong></span> <span class='ocrx_word' id='word_1_835' title='bbox 2653 4256 2704 4307; x_wconf 91' lang='lat' dir='ltr'><strong>in</strong></span> <span class='ocrx_word' id='word_1_836' title='bbox 2744 4259 2844 4312; x_wconf 89' lang='lat' dir='ltr'><strong>hoc</strong></span> <span class='ocrx_word' id='word_1_837' title='bbox 2880 4274 3008 4328; x_wconf 86' lang='lat' dir='ltr'><strong>ergo</strong></span> <span class='ocrx_word' id='word_1_838' title='bbox 3039 4261 3154 4313; x_wconf 91' lang='lat' dir='ltr'><strong>loco</strong></span> <span class='ocrx_word' id='word_1_839' title='bbox 3181 4260 3380 4314; x_wconf 90' lang='lat' dir='ltr'><strong>melius</strong></span> 
     </span>
    </p>
   </div>
   <div class='ocr_carea' id='block_1_108' title="bbox 797 4365 1690 4441">
    <p class='ocr_par' dir='ltr' id='par_1_108' title="bbox 797 4365 1678 4441">
     <span class='ocr_line' id='line_1_108' title="bbox 797 4365 1678 4441; baseline -0.006 -17"><span class='ocrx_word' id='word_1_840' title='bbox 797 4371 842 4402; x_wconf 80' lang='lat'><strong>&quot;</strong></span> <span class='ocrx_word' id='word_1_841' title='bbox 867 4370 1078 4424; x_wconf 85' lang='lat' dir='ltr'><strong>Esther.</strong></span> <span class='ocrx_word' id='word_1_842' title='bbox 1104 4386 1172 4441; x_wconf 84' lang='lat' dir='ltr'><strong>tl,_</strong></span> <span class='ocrx_word' id='word_1_843' title='bbox 1194 4369 1331 4441; x_wconf 22' lang='grc' dir='ltr'><strong>17ζῄ</strong></span> <span class='ocrx_word' id='word_1_844' title='bbox 1357 4368 1402 4398; x_wconf 85' lang='grc'><strong>²⁶</strong></span> <span class='ocrx_word' id='word_1_845' title='bbox 1423 4367 1442 4420; x_wconf 91' lang='grc'><strong>1</strong></span> <span class='ocrx_word' id='word_1_846' title='bbox 1461 4365 1678 4441; x_wconf 83' lang='lat' dir='ltr'><strong>Pet_r._l,</strong></span> 
     </span>
    </p>
   </div>
   <div class='ocr_carea' id='block_1_109' title="bbox 1809 4365 3374 4441">
    <p class='ocr_par' dir='ltr' id='par_1_109' title="bbox 1833 4366 3374 4441">
     <span class='ocr_line' id='line_1_109' title="bbox 1833 4366 3374 4441; baseline 0.008 -22"><span class='ocrx_word' id='word_1_847' title='bbox 1833 4366 1876 4397; x_wconf 81' lang='grc'><strong>’⁷</strong></span> <span class='ocrx_word' id='word_1_848' title='bbox 1903 4366 2060 4422; x_wconf 87' lang='lat' dir='ltr'><strong>Rom.</strong></span> <span class='ocrx_word' id='word_1_849' title='bbox 2091 4383 2163 4434; x_wconf 78' lang='grc' dir='ltr'>ιι,</span> <span class='ocrx_word' id='word_1_850' title='bbox 2201 4368 2288 4423; x_wconf 90' lang='grc'><strong>17.</strong></span> <span class='ocrx_word' id='word_1_851' title='bbox 2366 4370 2410 4401; x_wconf 84' lang='lat'><strong>’</strong></span> <span class='ocrx_word' id='word_1_852' title='bbox 2433 4371 2588 4428; x_wconf 80' lang='lat' dir='ltr'><strong>Rom.</strong></span> <span class='ocrx_word' id='word_1_853' title='bbox 2614 4385 2689 4435; x_wconf 70' lang='grc' dir='ltr'><strong>χι,</strong></span> <span class='ocrx_word' id='word_1_854' title='bbox 2718 4371 2805 4425; x_wconf 73' lang='lat'><strong>20.</strong></span> <span class='ocrx_word' id='word_1_855' title='bbox 2881 4372 2926 4403; x_wconf 83' lang='grc'><strong>¹⁹</strong></span> <span class='ocrx_word' id='word_1_856' title='bbox 2949 4373 3126 4428; x_wconf 83' lang='lat' dir='ltr'><strong>Eccle.</strong></span> <span class='ocrx_word' id='word_1_857' title='bbox 3151 4387 3245 4441; x_wconf 84' lang='lat' dir='ltr'><strong>vn,</strong></span> <span class='ocrx_word' id='word_1_858' title='bbox 3286 4374 3374 4432; x_wconf 88' lang='grc'><strong>17.</strong></span> 
     </span>
    </p>
   </div>
   <div class='ocr_carea' id='block_1_110' title="bbox 1884 4529 2982 4598">
    <p class='ocr_par' dir='ltr' id='par_1_110' title="bbox 1884 4529 2982 4598">
     <span class='ocr_line' id='line_1_110' title="bbox 1884 4529 2982 4598; baseline 0.005 -17"><span class='ocrx_word' id='word_1_859' title='bbox 1884 4530 2000 4597; x_wconf 84' lang='grc'>(90)</span> <span class='ocrx_word' id='word_1_860' title='bbox 2030 4530 2228 4598; x_wconf 78' lang='lat' dir='ltr'><strong>tnqtiit.</strong></span> <span class='ocrx_word' id='word_1_861' title='bbox 2260 4529 2700 4586; x_wconf 57' lang='lat' dir='ltr'><strong>Pra’Iermittitur</strong></span> <span class='ocrx_word' id='word_1_862' title='bbox 2725 4535 2775 4593; x_wconf 84' lang='lat' dir='ltr'><strong>in</strong></span> <span class='ocrx_word' id='word_1_863' title='bbox 2800 4533 2982 4587; x_wconf 88' lang='lat' dir='ltr'><strong>editis.</strong></span> 
     </span>
    </p>
   </div>
   <div class='ocr_carea' id='block_1_111' title="bbox 1803 4597 3376 4725">
    <p class='ocr_par' dir='ltr' id='par_1_111' title="bbox 1803 4597 3376 4725">
     <span class='ocr_line' id='line_1_111' title="bbox 1803 4597 3376 4725; baseline 0.003 -71"><span class='ocrx_word' id='word_1_864' title='bbox 1803 4671 1834 4725; x_wconf 51' lang='grc' dir='ltr'><strong><em>ἡ</em></strong></span> <span class='ocrx_word' id='word_1_865' title='bbox 1876 4601 1984 4670; x_wconf 89' lang='grc'>(91)</span> <span class='ocrx_word' id='word_1_866' title='bbox 2007 4597 2168 4719; x_wconf 58' lang='lat' dir='ltr'><strong>Elditi,</strong></span> <span class='ocrx_word' id='word_1_867' title='bbox 2194 4611 2240 4652; x_wconf 89' lang='lat' dir='ltr'><strong>et</strong></span> <span class='ocrx_word' id='word_1_868' title='bbox 2267 4602 2572 4655; x_wconf 85' lang='lat' dir='ltr'><strong>insultantes</strong></span> <span class='ocrx_word' id='word_1_869' title='bbox 2599 4606 2807 4673; x_wconf 76' lang='lat' dir='ltr'><strong>quidem</strong></span> <span class='ocrx_word' id='word_1_870' title='bbox 2834 4605 2984 4658; x_wconf 74' lang='lat' dir='ltr'><strong>bonte</strong></span> <span class='ocrx_word' id='word_1_871' title='bbox 3013 4605 3182 4670; x_wconf 69' lang='lat' dir='ltr'><strong>alium,</strong></span> <span class='ocrx_word' id='word_1_872' title='bbox 3215 4616 3376 4659; x_wconf 77' lang='lat' dir='ltr'><strong>etiam</strong></span> 
     </span>
     <span class='ocr_line' id='line_1_112' title="bbox 1843 4683 2102 4725; baseline -0.008 -1"><span class='ocrx_word' id='word_1_873' title='bbox 1843 4687 1964 4725; x_wconf 89' lang='lat' dir='ltr'><strong>unc.</strong></span> <span class='ocrx_word' id='word_1_874' title='bbox 1997 4684 2026 4722; x_wconf 90' lang='lat' dir='ltr'><strong>e</strong></span> <span class='ocrx_word' id='word_1_875' title='bbox 2054 4683 2102 4722; x_wconf 86' lang='lat' dir='ltr'><strong>c.</strong></span> 
     </span>
    </p>
   </div>
   <div class='ocr_carea' id='block_1_112' title="bbox 1843 4679 2102 4729">
    <p class='ocr_par' dir='ltr' id='par_1_112' title="bbox 1843 4679 2102 4729">
     <span class='ocr_line' id='line_1_113' title="bbox 1843 4679 2102 4729; baseline -0.008 -5"><span class='ocrx_word' id='word_1_876' title='bbox 1843 4687 1964 4729; x_wconf 89' lang='lat' dir='ltr'><strong>unc,</strong></span> <span class='ocrx_word' id='word_1_877' title='bbox 1997 4679 2102 4722; x_wconf 87' lang='lat' dir='ltr'><strong>etc.</strong></span> 
     </span>
    </p>
   </div>
   <div class='ocr_carea' id='block_1_113' title="bbox 1874 4738 3371 4811">
    <p class='ocr_par' dir='ltr' id='par_1_113' title="bbox 1874 4738 3371 4811">
     <span class='ocr_line' id='line_1_114' title="bbox 1874 4738 3371 4811; baseline 0.003 -18"><span class='ocrx_word' id='word_1_878' title='bbox 1874 4740 1987 4811; x_wconf 75' lang='grc'>(92)</span> <span class='ocrx_word' id='word_1_879' title='bbox 2019 4738 2132 4791; x_wconf 81' lang='lat' dir='ltr'><strong>Hoc</strong></span> <span class='ocrx_word' id='word_1_880' title='bbox 2156 4749 2229 4792; x_wconf 82' lang='lat' dir='ltr'><strong>est</strong></span> <span class='ocrx_word' id='word_1_881' title='bbox 2263 4742 2398 4793; x_wconf 88' lang='lat' dir='ltr'><strong>enim</strong></span> <span class='ocrx_word' id='word_1_882' title='bbox 2429 4740 2545 4809; x_wconf 85' lang='lat' dir='ltr'><strong>plus</strong></span> <span class='ocrx_word' id='word_1_883' title='bbox 2589 4758 2788 4810; x_wconf 89' lang='lat' dir='ltr'><strong>sapere.</strong></span> <span class='ocrx_word' id='word_1_884' title='bbox 2817 4743 2940 4798; x_wconf 72' lang='lat' dir='ltr'><strong>llaec</strong></span> <span class='ocrx_word' id='word_1_885' title='bbox 2976 4744 3028 4797; x_wconf 94' lang='lat' dir='ltr'><strong>in</strong></span> <span class='ocrx_word' id='word_1_886' title='bbox 3067 4743 3228 4798; x_wconf 89' lang='lat' dir='ltr'><strong>editis</strong></span> <span class='ocrx_word' id='word_1_887' title='bbox 3264 4758 3371 4798; x_wconf 91' lang='lat' dir='ltr'><strong>non</strong></span> 
     </span>
    </p>
   </div>
   <div class='ocr_carea' id='block_1_114' title="bbox 1802 4819 2141 4877">
    <p class='ocr_par' dir='ltr' id='par_1_114' title="bbox 1802 4819 2141 4877">
     <span class='ocr_line' id='line_1_115' title="bbox 1802 4819 2141 4877; baseline -0.003 -11"><span class='ocrx_word' id='word_1_888' title='bbox 1802 4826 1920 4866; x_wconf 85' lang='lat' dir='ltr'><strong>cont</strong></span> <span class='ocrx_word' id='word_1_889' title='bbox 1931 4819 2141 4877; x_wconf 80' lang='lat' dir='ltr'><strong>parent.</strong></span> 
     </span>
    </p>
   </div>
   <div class='ocr_carea' id='block_1_115' title="bbox 1875 4879 3086 4953">
    <p class='ocr_par' dir='ltr' id='par_1_115' title="bbox 1875 4879 3086 4953">
     <span class='ocr_line' id='line_1_116' title="bbox 1875 4879 3086 4953; baseline 0.002 -20"><span class='ocrx_word' id='word_1_890' title='bbox 2226 4891 2272 4934; x_wconf 86' lang='lat' dir='ltr'><strong>et</strong></span> <span class='ocrx_word' id='word_1_891' title='bbox 2303 4882 2346 4934; x_wconf 89' lang='lat' dir='ltr'><strong>si</strong></span> <span class='ocrx_word' id='word_1_892' title='bbox 2367 4882 2494 4948; x_wconf 84' lang='lat' dir='ltr'><strong>quid</strong></span> <span class='ocrx_word' id='word_1_893' title='bbox 2525 4883 2696 4936; x_wconf 84' lang='lat' dir='ltr'><strong>minus</strong></span> <span class='ocrx_word' id='word_1_894' title='bbox 2721 4883 2916 4953; x_wconf 78' lang='lat' dir='ltr'><strong>aliquis</strong></span> <span class='ocrx_word' id='word_1_895' title='bbox 2940 4884 3086 4950; x_wconf 78' lang='lat' dir='ltr'><strong>facit.</strong></span> 
     </span>
    </p>
   </div>
   <div class='ocr_carea' id='block_1_116' title="bbox 1877 4950 3380 5020">
    <p class='ocr_par' dir='ltr' id='par_1_116' title="bbox 1877 4950 3380 5020">
     <span class='ocr_line' id='line_1_117' title="bbox 1877 4950 3380 5020; baseline 0.001 -17"><span class='ocrx_word' id='word_1_896' title='bbox 1877 4950 1987 5020; x_wconf 74' lang='grc'>(94)</span> <span class='ocrx_word' id='word_1_897' title='bbox 2021 4951 2160 5003; x_wconf 89' lang='lat' dir='ltr'><strong>Editi</strong></span> <span class='ocrx_word' id='word_1_898' title='bbox 2199 4961 2253 5004; x_wconf 91' lang='lat' dir='ltr'><strong>et</strong></span> <span class='ocrx_word' id='word_1_899' title='bbox 2281 4968 2410 5006; x_wconf 89' lang='lat' dir='ltr'><strong>mss.</strong></span> <span class='ocrx_word' id='word_1_900' title='bbox 2453 4954 2692 5020; x_wconf 90' lang='lat' dir='ltr'><strong>quidam,</strong></span> <span class='ocrx_word' id='word_1_901' title='bbox 2723 4964 2768 5005; x_wconf 86' lang='lat' dir='ltr'><strong>et</strong></span> <span class='ocrx_word' id='word_1_902' title='bbox 2806 4950 2991 5007; x_wconf 70' lang='lat' dir='ltr'><strong>sumius</strong></span> <span class='ocrx_word' id='word_1_903' title='bbox 3021 4962 3165 5017; x_wconf 83' lang='lat' dir='ltr'><strong>agat,</strong></span> <span class='ocrx_word' id='word_1_904' title='bbox 3199 4968 3254 5007; x_wconf 86' lang='grc' dir='ltr'>ιη</span> <span class='ocrx_word' id='word_1_905' title='bbox 3286 4954 3380 5005; x_wconf 83' lang='lat' dir='ltr'><strong>ul-</strong></span> 
     </span>
    </p>
   </div>
   <div class='ocr_carea' id='block_1_117' title="bbox 1804 5020 3373 5090">
    <p class='ocr_par' dir='ltr' id='par_1_117' title="bbox 1804 5020 3373 5090">
     <span class='ocr_line' id='line_1_118' title="bbox 1804 5020 3373 5090; baseline 0.003 -18"><span class='ocrx_word' id='word_1_906' title='bbox 1804 5020 1963 5073; x_wconf 88' lang='lat' dir='ltr'><strong>tionis</strong></span> <span class='ocrx_word' id='word_1_907' title='bbox 2000 5021 2331 5090; x_wconf 72' lang='lat' dir='ltr'><strong>crudelitate,</strong></span> <span class='ocrx_word' id='word_1_908' title='bbox 2361 5033 2466 5075; x_wconf 89' lang='lat' dir='ltr'><strong>etc.</strong></span> <span class='ocrx_word' id='word_1_909' title='bbox 2511 5022 2615 5074; x_wconf 90' lang='lat' dir='ltr'><strong>Sed</strong></span> <span class='ocrx_word' id='word_1_910' title='bbox 2644 5025 2843 5076; x_wconf 87' lang='lat' dir='ltr'><strong>rectius</strong></span> <span class='ocrx_word' id='word_1_911' title='bbox 2867 5040 2964 5077; x_wconf 88' lang='lat' dir='ltr'><strong>ms.</strong></span> <span class='ocrx_word' id='word_1_912' title='bbox 2994 5021 3196 5090; x_wconf 78' lang='lat' dir='ltr'><strong>Regius</strong></span> <span class='ocrx_word' id='word_1_913' title='bbox 3220 5038 3373 5076; x_wconf 90' lang='lat' dir='ltr'><strong>num.</strong></span> 
     </span>
    </p>
   </div>
   <div class='ocr_carea' id='block_1_118' title="bbox 1805 5088 2874 5146">
    <p class='ocr_par' dir='ltr' id='par_1_118' title="bbox 1805 5088 2874 5146">
     <span class='ocr_line' id='line_1_119' title="bbox 1805 5088 2874 5146; baseline 0.001 -2"><span class='ocrx_word' id='word_1_914' title='bbox 1805 5091 1945 5146; x_wconf 82' lang='grc'><strong>1659</strong></span> <span class='ocrx_word' id='word_1_915' title='bbox 1969 5100 2023 5144; x_wconf 88' lang='lat' dir='ltr'><strong>et</strong></span> <span class='ocrx_word' id='word_1_916' title='bbox 2060 5088 2314 5144; x_wconf 81' lang='lat' dir='ltr'><strong>Rahanus</strong></span> <span class='ocrx_word' id='word_1_917' title='bbox 2337 5103 2392 5143; x_wconf 92' lang='lat' dir='ltr'><strong>ut</strong></span> <span class='ocrx_word' id='word_1_918' title='bbox 2420 5094 2469 5143; x_wconf 88' lang='lat' dir='ltr'><strong>in</strong></span> <span class='ocrx_word' id='word_1_919' title='bbox 2496 5103 2684 5142; x_wconf 88' lang='lat' dir='ltr'><strong>nostro</strong></span> <span class='ocrx_word' id='word_1_920' title='bbox 2709 5101 2874 5145; x_wconf 68' lang='lat' dir='ltr'><strong>textu.</strong></span> 
     </span>
    </p>
   </div>
   <div class='ocr_carea' id='block_1_119' title="bbox 1877 5161 3378 5231">
    <p class='ocr_par' dir='ltr' id='par_1_119' title="bbox 1877 5161 3378 5231">
     <span class='ocr_line' id='line_1_120' title="bbox 1877 5161 3378 5231; baseline 0.003 -20"><span class='ocrx_word' id='word_1_921' title='bbox 1877 5161 1988 5230; x_wconf 83' lang='lat'><strong>(95)</strong></span> <span class='ocrx_word' id='word_1_922' title='bbox 2033 5161 2192 5224; x_wconf 81' lang='lat' dir='ltr'><strong>Editi,</strong></span> <span class='ocrx_word' id='word_1_923' title='bbox 2239 5163 2291 5211; x_wconf 89' lang='lat' dir='ltr'><strong>in</strong></span> <span class='ocrx_word' id='word_1_924' title='bbox 2337 5162 2498 5213; x_wconf 83' lang='lat' dir='ltr'><strong>multo</strong></span> <span class='ocrx_word' id='word_1_925' title='bbox 2533 5162 2736 5227; x_wconf 87' lang='lat' dir='ltr'><strong>justus.</strong></span> <span class='ocrx_word' id='word_1_926' title='bbox 2799 5163 2862 5214; x_wconf 85' lang='lat' dir='ltr'><strong>Et</strong></span> <span class='ocrx_word' id='word_1_927' title='bbox 2903 5163 3061 5231; x_wconf 86' lang='lat' dir='ltr'><strong>patth</strong></span> <span class='ocrx_word' id='word_1_928' title='bbox 3110 5171 3228 5229; x_wconf 70' lang='lat' dir='ltr'><strong>post</strong></span> <span class='ocrx_word' id='word_1_929' title='bbox 3264 5180 3378 5221; x_wconf 73' lang='lat' dir='ltr'><strong>ms.</strong></span> 
     </span>
    </p>
   </div>
   <div class='ocr_carea' id='block_1_120' title="bbox 1803 5229 3372 5301">
    <p class='ocr_par' dir='ltr' id='par_1_120' title="bbox 1803 5229 3372 5301">
     <span class='ocr_line' id='line_1_121' title="bbox 1803 5229 3372 5301; baseline 0.003 -17"><span class='ocrx_word' id='word_1_930' title='bbox 1803 5229 2004 5296; x_wconf 75' lang='lat' dir='ltr'><strong>Regius</strong></span> <span class='ocrx_word' id='word_1_931' title='bbox 2038 5247 2184 5282; x_wconf 87' lang='grc' dir='ltr'>ιιιιιιι.</span> <span class='ocrx_word' id='word_1_932' title='bbox 2232 5231 2369 5301; x_wconf 73' lang='grc'><strong>1659</strong></span> <span class='ocrx_word' id='word_1_933' title='bbox 2408 5232 2588 5293; x_wconf 77' lang='lat' dir='ltr'><strong>habet,</strong></span> <span class='ocrx_word' id='word_1_934' title='bbox 2615 5237 2658 5282; x_wconf 85' lang='lat' dir='ltr'><strong>si</strong></span> <span class='ocrx_word' id='word_1_935' title='bbox 2684 5233 2852 5301; x_wconf 82' lang='lat' dir='ltr'><strong>minus</strong></span> <span class='ocrx_word' id='word_1_936' title='bbox 2878 5229 3085 5295; x_wconf 78' lang='lat' dir='ltr'><strong>habeat,</strong></span> <span class='ocrx_word' id='word_1_937' title='bbox 3114 5233 3372 5301; x_wconf 77' lang='lat' dir='ltr'><strong>formido.</strong></span> 
     </span>
    </p>
   </div>
   <div class='ocr_carea' id='block_1_121' title="bbox 1875 5300 3371 5371">
    <p class='ocr_par' dir='ltr' id='par_1_121' title="bbox 1875 5300 3371 5371">
     <span class='ocr_line' id='line_1_122' title="bbox 1875 5300 3371 5371; baseline 0.001 -17"><span class='ocrx_word' id='word_1_938' title='bbox 1875 5302 1986 5371; x_wconf 88' lang='grc'>(96)</span> <span class='ocrx_word' id='word_1_939' title='bbox 2017 5302 2106 5353; x_wconf 86' lang='lat' dir='ltr'><strong>Sic</strong></span> <span class='ocrx_word' id='word_1_940' title='bbox 2129 5315 2228 5352; x_wconf 89' lang='lat' dir='ltr'><strong>ms.</strong></span> <span class='ocrx_word' id='word_1_941' title='bbox 2254 5300 2454 5368; x_wconf 79' lang='lat' dir='ltr'><strong>Regius</strong></span> <span class='ocrx_word' id='word_1_942' title='bbox 2483 5316 2621 5352; x_wconf 88' lang='lat' dir='ltr'><strong>num.</strong></span> <span class='ocrx_word' id='word_1_943' title='bbox 2652 5300 2807 5355; x_wconf 75' lang='grc'><strong>1659.</strong></span> <span class='ocrx_word' id='word_1_944' title='bbox 2839 5306 3028 5356; x_wconf 68' lang='lat' dir='ltr'><strong>Caetert</strong></span> <span class='ocrx_word' id='word_1_945' title='bbox 3062 5300 3187 5356; x_wconf 64' lang='lat' dir='ltr'><strong>iero</strong></span> <span class='ocrx_word' id='word_1_946' title='bbox 3215 5321 3371 5369; x_wconf 80' lang='lat' dir='ltr'><strong>mss.,</strong></span> 
     </span>
    </p>
   </div>
   <div class='ocr_carea' id='block_1_122' title="bbox 1803 5371 3372 5436">
    <p class='ocr_par' dir='ltr' id='par_1_122' title="bbox 1803 5371 3372 5436">
     <span class='ocr_line' id='line_1_123' title="bbox 1803 5371 3372 5436; baseline 0.001 -11"><span class='ocrx_word' id='word_1_947' title='bbox 1803 5373 2058 5425; x_wconf 79' lang='lat' dir='ltr'><strong>Rabanus</strong></span> <span class='ocrx_word' id='word_1_948' title='bbox 2086 5379 2139 5422; x_wconf 86' lang='lat' dir='ltr'><strong>et</strong></span> <span class='ocrx_word' id='word_1_949' title='bbox 2166 5373 2292 5422; x_wconf 90' lang='lat' dir='ltr'><strong>editi</strong></span> <span class='ocrx_word' id='word_1_950' title='bbox 2319 5409 2332 5432; x_wconf 93' lang='lat'><strong>,</strong></span> <span class='ocrx_word' id='word_1_951' title='bbox 2369 5371 2710 5436; x_wconf 85' lang='lat' dir='ltr'><strong>loquentium,</strong></span> <span class='ocrx_word' id='word_1_952' title='bbox 2741 5375 3090 5425; x_wconf 84' lang='lat' dir='ltr'><strong>canteriatam</strong></span> <span class='ocrx_word' id='word_1_953' title='bbox 3123 5375 3372 5426; x_wconf 83' lang='lat' dir='ltr'><strong>habentes</strong></span> 
     </span>
    </p>
   </div>
   <div class='ocr_carea' id='block_1_123' title="bbox 1803 5440 3372 5511">
    <p class='ocr_par' dir='ltr' id='par_1_123' title="bbox 1803 5440 3372 5511">
     <span class='ocr_line' id='line_1_124' title="bbox 1803 5440 3372 5511; baseline 0.003 -19"><span class='ocrx_word' id='word_1_954' title='bbox 1803 5440 2105 5511; x_wconf 79' lang='lat' dir='ltr'><strong>(Rabanus,</strong></span> <span class='ocrx_word' id='word_1_955' title='bbox 2151 5441 2478 5511; x_wconf 84' lang='lat' dir='ltr'><strong>habentium)</strong></span> <span class='ocrx_word' id='word_1_956' title='bbox 2509 5475 2523 5490; x_wconf 94' lang='lat'><strong>.</strong></span> <span class='ocrx_word' id='word_1_957' title='bbox 2558 5476 2572 5490; x_wconf 95' lang='lat'><strong>.</strong></span> <span class='ocrx_word' id='word_1_958' title='bbox 2611 5481 2623 5492; x_wconf 96' lang='lat'><strong>.</strong></span> <span class='ocrx_word' id='word_1_959' title='bbox 2658 5442 3044 5508; x_wconf 84' lang='lat' dir='ltr'><strong>prohibentium</strong></span> <span class='ocrx_word' id='word_1_960' title='bbox 3076 5444 3288 5509; x_wconf 88' lang='lat' dir='ltr'><strong>nubere,</strong></span> <span class='ocrx_word' id='word_1_961' title='bbox 3317 5450 3372 5496; x_wconf 71' lang='lat' dir='ltr'><strong>et</strong></span> 
     </span>
    </p>
   </div>
   <div class='ocr_carea' id='block_1_124' title="bbox 1810 5510 2666 5578">
    <p class='ocr_par' dir='ltr' id='par_1_124' title="bbox 1810 5510 2666 5578">
     <span class='ocr_line' id='line_1_125' title="bbox 1810 5510 2666 5578; baseline -0.004 -15"><span class='ocrx_word' id='word_1_962' title='bbox 1810 5510 2068 5563; x_wconf 87' lang='lat' dir='ltr'><strong>abstinere</strong></span> <span class='ocrx_word' id='word_1_963' title='bbox 2106 5526 2137 5560; x_wconf 88' lang='lat' dir='ltr'><strong>a</strong></span> <span class='ocrx_word' id='word_1_964' title='bbox 2183 5510 2336 5572; x_wconf 83' lang='lat' dir='ltr'><strong>cibis,</strong></span> <span class='ocrx_word' id='word_1_965' title='bbox 2371 5525 2520 5578; x_wconf 88' lang='lat' dir='ltr'><strong>quos,</strong></span> <span class='ocrx_word' id='word_1_966' title='bbox 2561 5518 2666 5562; x_wconf 80' lang='lat' dir='ltr'><strong>etc.</strong></span> 
     </span>
    </p>
   </div>
   <div class='ocr_carea' id='block_1_125' title="bbox 1877 5578 3372 5650">
    <p class='ocr_par' dir='ltr' id='par_1_125' title="bbox 1877 5578 3372 5650">
     <span class='ocr_line' id='line_1_126' title="bbox 1877 5578 3372 5650; baseline 0.002 -17"><span class='ocrx_word' id='word_1_967' title='bbox 1877 5579 1987 5650; x_wconf 89' lang='lat'><strong>(97)</strong></span> <span class='ocrx_word' id='word_1_968' title='bbox 2030 5578 2128 5634; x_wconf 82' lang='lat' dir='ltr'><strong>Ms.</strong></span> <span class='ocrx_word' id='word_1_969' title='bbox 2168 5579 2369 5647; x_wconf 86' lang='lat' dir='ltr'><strong>Regius</strong></span> <span class='ocrx_word' id='word_1_970' title='bbox 2423 5594 2571 5633; x_wconf 90' lang='lat' dir='ltr'><strong>num.</strong></span> <span class='ocrx_word' id='word_1_971' title='bbox 2624 5580 2791 5648; x_wconf 81' lang='grc'><strong>1659,</strong></span> <span class='ocrx_word' id='word_1_972' title='bbox 2841 5583 3059 5636; x_wconf 87' lang='lat' dir='ltr'><strong>minoris</strong></span> <span class='ocrx_word' id='word_1_973' title='bbox 3090 5582 3225 5647; x_wconf 88' lang='lat' dir='ltr'><strong>Dei;</strong></span> <span class='ocrx_word' id='word_1_974' title='bbox 3270 5582 3372 5636; x_wconf 75' lang='lat' dir='ltr'><strong>sed</strong></span> 
     </span>
    </p>
   </div>
   <div class='ocr_carea' id='block_1_126' title="bbox 1803 5650 3374 5720">
    <p class='ocr_par' dir='ltr' id='par_1_126' title="bbox 1803 5650 3374 5720">
     <span class='ocr_line' id='line_1_127' title="bbox 1803 5650 3374 5720; baseline -0.001 -13"><span class='ocrx_word' id='word_1_975' title='bbox 1803 5667 1989 5707; x_wconf 86' lang='lat' dir='ltr'><strong>omnes</strong></span> <span class='ocrx_word' id='word_1_976' title='bbox 2031 5651 2118 5705; x_wconf 90' lang='lat' dir='ltr'><strong>alii</strong></span> <span class='ocrx_word' id='word_1_977' title='bbox 2164 5665 2324 5720; x_wconf 84' lang='lat' dir='ltr'><strong>mss.,</strong></span> <span class='ocrx_word' id='word_1_978' title='bbox 2362 5650 2618 5706; x_wconf 84' lang='lat' dir='ltr'><strong>Rabanus</strong></span> <span class='ocrx_word' id='word_1_979' title='bbox 2672 5662 2728 5707; x_wconf 88' lang='lat' dir='ltr'><strong>et</strong></span> <span class='ocrx_word' id='word_1_980' title='bbox 2781 5653 2909 5708; x_wconf 85' lang='lat' dir='ltr'><strong>editi</strong></span> <span class='ocrx_word' id='word_1_981' title='bbox 2943 5654 3143 5709; x_wconf 90' lang='lat' dir='ltr'><strong>rectius</strong></span> <span class='ocrx_word' id='word_1_982' title='bbox 3199 5661 3257 5707; x_wconf 90' lang='lat' dir='ltr'><strong>ut</strong></span> <span class='ocrx_word' id='word_1_983' title='bbox 3308 5651 3374 5707; x_wconf 83' lang='lat' dir='ltr'><strong>in</strong></span> 
     </span>
    </p>
   </div>
   <div class='ocr_carea' id='block_1_127' title="bbox 1803 5732 1973 5778">
    <p class='ocr_par' dir='ltr' id='par_1_127' title="bbox 1803 5732 1973 5778">
     <span class='ocr_line' id='line_1_128' title="bbox 1803 5732 1973 5778; baseline -0.012 0"><span class='ocrx_word' id='word_1_984' title='bbox 1803 5733 1887 5778; x_wconf 78' lang='lat' dir='ltr'><strong>tes</strong></span> <span class='ocrx_word' id='word_1_985' title='bbox 1898 5732 1973 5778; x_wconf 91' lang='lat' dir='ltr'><strong>tu.</strong></span> 
     </span>
    </p>
   </div>
  </div>
