3796 6562
447 363 578 456 nit

1892 401 2218 458 ORIGENIS

3554 397 3676 451 ιιη

445 510 688 582 Apostoli
719 513 862 568 dicta
903 513 1189 579 lucerent,
1221 514 1266 570 si
1299 514 1628 569 haberemus
1661 523 1716 569 et
1744 530 1844 570 nos
1881 517 2018 569 scri-
2049 523 2095 578 Α
2127 517 2290 570 latur.
2344 514 2410 569 Et
2459 514 2534 568 ita
2583 512 2829 568 invenias
2882 524 3329 582 unumquemque
3375 513 3676 584 propensius

445 615 600 675 ptum
633 605 929 660 secundum
957 605 1130 662 Graeci
1174 608 1444 661 sermonis
1473 608 1732 660 virtutem
1754 647 1770 672 ,
1803 612 1890 662 sed
1925 625 2020 662 sa-

443 711 566 764 pere
595 696 666 750 ad
712 699 1119 765 temperantiam
1149 710 1169 750 :
1202 699 1304 753 hoc
1333 708 1417 753 est
1439 736 1455 764 ,
1486 708 1548 752 ut
1578 699 1630 752 in
1655 700 1908 754 omnibus
1935 699 2019 753 vel

447 802 570 855 qua:
599 787 844 858 agimus,
878 789 961 842 vel
995 804 1116 858 quae
1145 788 1440 858 loquimur,
1471 781 1556 842 vel
1583 803 1704 858 qua:
1732 793 2016 856 sentimus,

448 880 862 948 temperantiam
915 888 1220 934 teneamus.
1276 881 1330 934 In
1381 881 1465 935 his
1503 882 1646 934 enim
1686 895 1808 949 qua:
1855 896 2018 950 supra

446 970 885 1025 enumeravimus
908 987 1078 1042 neque
1104 971 1338 1040 amplius
1363 987 1536 1040 neque
1561 972 1739 1026 minus
1769 972 1884 1026 ﬁeri
1922 972 2019 1027 de-

446 1061 612 1124 bere,
650 1063 866 1115 modum
907 1077 1128 1116 servare
1162 1065 1310 1117 novit
1337 1063 1451 1117 sola
1479 1064 1860 1131 temperantia.
1894 1062 2020 1115 Post

450 1149 566 1206 hac
583 1152 659 1203 ait
685 1167 698 1204 :
724 1150 1015 1220 Unicuique
1037 1155 1168 1205 sicut
1189 1153 1362 1206 divisit
1381 1153 1521 1206 Deus
1539 1168 1836 1206 ntensuram
1856 1152 1980 1221 ﬁdei
1997 1166 2017 1204 :

449 1239 556 1296 hoc
587 1252 690 1307 est,
726 1250 784 1295 ιιι
819 1243 954 1296 sciat
991 1243 1357 1312 unusquisque
1388 1253 1443 1298 et
1486 1243 1748 1312 intelligat
1791 1258 1912 1312 quae
1958 1244 2010 1297 in

448 1343 516 1383 eo
541 1330 614 1383 sit
646 1345 900 1382 mensura
947 1333 1132 1399 gratia:
1165 1333 1288 1397 Dei,
1323 1347 1485 1402 quam
1512 1332 1769 1402 consequi
1822 1334 2020 1387 meruit

448 1431 547 1487 per
591 1418 773 1470 ﬁdem.
836 1417 1107 1472 Interdum
1149 1419 1292 1472 enim
1339 1420 1536 1488 accipit
1577 1421 1702 1488 quis
1735 1436 1762 1473 a
1810 1421 1918 1475 Deo
1961 1432 2019 1474 ut

448 1511 626 1578 sapiat
656 1512 708 1564 in
741 1525 905 1580 opere
935 1510 1049 1581 (98)
1080 1510 1367 1564 charitatis
1391 1550 1406 1575 ,
1436 1520 1528 1563 aut
1557 1519 1616 1563 ut
1645 1512 1818 1579 sapiat
1852 1510 1904 1564 in
1937 1509 2018 1564 of-

448 1602 575 1657 ﬁcio
614 1602 869 1657 visitandi
895 1642 910 1668 ,
949 1613 1041 1654 aut
1074 1615 1201 1668 erga
1247 1601 1654 1654 misericordias
1697 1615 2015 1670 pauperum,

447 1693 712 1748 autcirca
755 1692 1008 1747 debilium
1047 1706 1271 1756 curam,
1321 1699 1414 1744 aut
1444 1706 1574 1761 erga
1617 1691 1900 1745 viduarum
1955 1700 2012 1745 et

446 1783 770 1852 pupillorum
786 1782 1284 1847 defensionem,aut
1305 1796 1430 1852 erga
1461 1781 1842 1852 hospitalitatis
1867 1783 2016 1837 solli—

2122 619 2248 672 crga
2287 617 2452 657 unum
2491 602 2711 671 aliquod
2741 598 3000 668 ollicium,
3047 611 3104 655 et
3144 601 3437 670 specialius
3474 616 3674 670 operam

2121 695 2288 760 dare;
2329 704 2533 750 caetera
2575 708 2705 750 vero
2743 693 3026 764 sequentia
3073 694 3292 748 habere.
3331 691 3515 762 Neque
3545 693 3674 748 enim

2121 783 2224 838 hoc
2254 783 2492 838 dicimus
2532 784 2674 852 quod
2717 799 2881 837 unum
2925 783 3170 838 suilicere
3210 783 3441 848 debeat,
3471 783 3560 838 sed
3597 799 3676 838 se-

2120 876 2358 930 cundum
2420 874 2649 929 formam
2716 873 2978 945 propositi
3022 875 3275 943 exempli.
3324 874 3501 940 Sicut,
3541 875 3674 929 verbi

2120 967 2319 1036 gratia,
2368 969 2558 1021 oculus
2602 967 2838 1034 speciale
2883 965 3116 1021 ollicium
3174 968 3342 1022 habet
3388 978 3447 1021 ut
3493 969 3673 1032 videat,

2120 1071 2284 1110 unum
2341 1065 2517 1109 tamen
2568 1056 2644 1127 (4)
2685 1068 2771 1111 est
2819 1073 2888 1110 ex
2934 1059 3190 1114 omnibus
3237 1068 3294 1113 et
3342 1059 3398 1113 in
3444 1061 3674 1116 omnibus

2120 1148 2397 1205 membris.
2444 1157 2500 1202 et
2531 1164 2654 1202 cum
2681 1148 2911 1217 singulis
2945 1150 3056 1218 agit
3082 1149 3287 1211 omnia,
3320 1161 3377 1205 et
3415 1167 3537 1206 cum
3573 1153 3675 1220 ipso

2119 1237 2328 1306 singula
2353 1254 2579 1308 quaeque
2604 1249 2776 1309 agunt
2796 1241 2974 1294 omnia
3001 1259 3016 1306 ;
3041 1241 3114 1295 ita
3143 1251 3195 1296 et
3224 1244 3316 1311 qui
3345 1257 3444 1312 per
3463 1245 3673 1312 gratiam

2122 1328 2244 1382 ﬁdei
2299 1345 2464 1383 unum
2513 1331 2736 1400 aliquod
2786 1333 2984 1385 donum
3019 1333 3254 1402 speciale
3295 1336 3552 1389 meruerit
3587 1334 3673 1405 (5),

2120 1420 2253 1474 illud
2285 1421 2503 1488 quidem
2536 1421 2915 1492 principaliter
2941 1425 3328 1491 administrat;
3366 1428 3420 1480 in
3445 1429 3675 1484 omnibus

2119 1525 2248 1568 vero
2275 1513 2490 1566 actibus
2531 1513 2715 1568 socius
2747 1529 2869 1568 cum
2899 1516 3116 1570 caeteris
3149 1515 3386 1570 habetur
3429 1529 3480 1572 et
3520 1521 3674 1588 parti-

2119 1616 2267 1671 ceps.
2313 1602 2596 1669 Quomodo
2623 1612 2806 1657 autem
2839 1617 3035 1673 c0rpus
3071 1605 3213 1660 istud
3263 1607 3314 1660 in
3347 1607 3563 1662 Christo
3595 1611 3672 1673 sit,

2121 1692 2173 1746 id
2205 1702 2291 1748 est
2325 1694 2377 1746 in
2403 1695 2662 1757 veritate,
2686 1703 2738 1748 et
2763 1696 3048 1762 sapientia,
3075 1705 3129 1751 et
3154 1697 3393 1766 justitia,
3417 1708 3470 1754 et
3495 1701 3677 1754 sancti-

2121 1781 2376 1836 ﬁcatione
2397 1823 2413 1846 ,
2442 1799 2561 1850 quae
2596 1785 2781 1837 omnia
2813 1783 3060 1838 Christus
3088 1796 3171 1840 est
3191 1828 3206 1850 ,
3247 1801 3392 1856 saepe
3418 1788 3527 1858 jam
3558 1790 3677 1845 dixi-

447 1876 769 1928 citudinetu.
801 1873 926 1929 Hmc
954 1889 1086 1942 ergo
1115 1873 1322 1944 singttla
1351 1874 1534 1928 divisit
1561 1874 1854 1943 unicuique
1876 1875 2016 1930 Deus
2048 1863 2094 1923 Β
2124 1887 2262 1926 mus.
2305 1871 2423 1927 iam
2453 1871 2620 1944 65.8
2650 1888 2783 1926 vero
2809 1875 2853 1927 si
2891 1874 2941 1926 iu
2975 1875 3077 1928 hoc
3106 1890 3361 1944 corpore.
3396 1877 3542 1929 verbi
3567 1892 3676 1946 gra-

445 1968 743 2022 secundttm
787 1981 1095 2021 mensuram
1147 1965 1294 2020 ﬁdei.
1335 1966 1441 2021 Sed
1488 1966 1534 2020 si
1582 1967 1627 2020 is
1665 1967 1758 2036 qui
1806 1969 2020 2035 accepit

445 2059 674 2125 gratiam
704 2067 760 2111 ut
784 2058 848 2112 de
874 2072 981 2112 uno
1007 2057 1188 2126 aliquo
1219 2057 1410 2110 horum
1443 2067 1678 2126 saperet,
1720 2073 1826 2112 non
1859 2058 2021 2112 intel-

445 2147 578 2217 ligat
610 2164 918 2203 mensuram
948 2149 1062 2218 (99)
1089 2148 1280 2218 gratia:
1307 2147 1410 2201 sibi
1449 2148 1610 2210 datae,
1642 2148 1734 2200 sed
1768 2147 1899 2201 velit
1927 2163 2018 2200 sa-

445 2255 578 2310 pere
608 2239 675 2294 de
707 2241 977 2308 sapientia
1014 2240 1139 2303 Dei,
1179 2241 1243 2294 de
1268 2239 1435 2298 verbo
1471 2238 1735 2292 doctrinas
1760 2277 1776 2301 .
1803 2240 1869 2293 de
1893 2253 2019 2307 pro-

445 2331 714 2386 luudioris
749 2331 992 2386 scientia:
1034 2331 1279 2396 ratione,
1313 2329 1365 2382 in
1395 2346 1506 2398 quo
1531 2332 1758 2400 gratiant
1795 2346 1898 2386 non
1929 2346 2018 2384 ac-

453 2423 635 2491 cepit,
669 2432 720 2476 et
761 2439 866 2476 non
903 2434 1010 2475 tam
1049 2423 1259 2476 discere
1297 2420 1458 2485 velit,
1485 2437 1645 2491 quant
1678 2424 1874 2476 docere
1899 2437 2018 2492 qua:

446 2514 654 2578 nescit;
698 2514 802 2566 iste
847 2529 970 2568 cum
1016 2513 1195 2567 minus
1235 2514 1448 2582 sapiat,
1498 2513 1621 2581 plus
1670 2513 1783 2565 vult
1827 2527 2018 2581 sapere

445 2619 610 2672 quam
639 2615 875 2674 oportet.
910 2604 1025 2658 Non
1054 2605 1198 2657 enim
1231 2606 1374 2673 sapit
1404 2603 1468 2656 ad
1504 2603 1926 2669 temperantiam
1959 2613 2018 2656 ut

447 2698 716 2751 custodiat
740 2699 1016 2768 unicuique
1036 2699 1172 2752 sicut
1195 2699 1375 2752 diuisit
1396 2697 1532 2749 Deus
1555 2713 1849 2750 mensuram
1871 2697 2013 2764 ﬁdei.

448 2788 645 2844 Verum
672 2801 728 2844 ttt
755 2791 1061 2844 evidentius
1089 2791 1268 2844 adhuc
1295 2791 1362 2844 de
1395 2791 1482 2843 his
1510 2787 1588 2858 (l)
1611 2788 1900 2858 Apostolus
1923 2790 2018 2844 de-

447 2879 710 2949 signaret,
741 2880 1038 2934 introducit
1063 2879 1393 2949 exemplum,
1420 2886 1474 2931 et
1499 2878 1628 2932 dicit
1657 2894 1671 2930 :
1703 2878 1852 2932 Sicut
1879 2881 2016 2932 enim

446 2971 500 3023 in
550 2987 654 3024 uno
695 2987 909 3038 corpore
958 2969 1126 3022 multa
1177 2970 1410 3022 membra
1460 2969 1742 3031 habemus,
1785 2971 2015 3022 membra

445 3073 622 3114 autem
653 3063 828 3114 omnia
871 3079 974 3114 non
1005 3061 1245 3113 eumdem
1275 3070 1451 3112 actum
1481 3059 1669 3112 habent
1697 3073 1715 3110 :
1749 3060 1822 3112 ita
1862 3060 2015 3113 multi

445 3169 609 3206 unum
635 3169 820 3221 corpus
852 3169 1034 3206 sumus
1077 3153 1130 3204 iu
1168 3150 1418 3215 Christo,
1449 3151 1646 3218 singuli
1677 3159 1852 3204 autem
1881 3152 2016 3205 alter

445 3245 666 3299 alterius
717 3246 946 3298 membra
989 3259 1009 3298 :
1053 3244 1456 3298 ordinatissime
1498 3258 1595 3312 per
1640 3243 1752 3298 haec
1795 3259 2015 3314 compo-

446 3350 580 3389 nens
611 3351 769 3389 omne
798 3351 994 3403 corpus
1023 3333 1279 3388 Ecclesiae
1305 3349 1320 3396 ;
1355 3345 1412 3386 ut
1441 3335 1582 3388 sicut
1615 3335 1856 3387 membra
1891 3351 2016 3389 cor-

445 3429 594 3496 poris
641 3427 849 3496 singula
901 3442 1128 3496 qumque
1178 3427 1429 3497 proprios
1476 3427 1678 3479 habent
1725 3437 1906 3493 actus,
1961 3437 2014 3482 et

444 3516 638 3570 oﬂiciis
661 3520 772 3571 suis
801 3518 1221 3587 unumquodque
1250 3520 1508 3584 deservit,
1547 3536 1645 3575 nec
1680 3531 1862 3575 tamen
1896 3534 2016 3588 posv

445 3608 603 3663 sibile
640 3619 724 3662 est
763 3619 820 3662 ttt
847 3625 949 3664 non
988 3624 1256 3665 consensu
1301 3622 1485 3666 tuuttto
1515 3613 1616 3667 sibi
1653 3613 1884 3668 invicem
1922 3628 2014 3668 ce-

445 3697 578 3751 dant
609 3715 622 3750 :
658 3698 763 3762 ita,
810 3697 1012 3767 inquit,
1055 3707 1108 3752 et
1153 3699 1204 3752 in
1253 3699 1494 3753 Ecclesia
1537 3715 1656 3768 qua:
1691 3710 1776 3754 est
1819 3715 2016 3770 corpus

446 3786 675 3851 Christi,
703 3789 946 3843 diversos
974 3789 1174 3858 singuli
1210 3791 1469 3845 habemus
1489 3802 1665 3845 actus.
1695 3790 1853 3846 Verbi
1886 3807 2014 3860 gra-

447 3878 568 3932 tia:
617 3878 757 3934 alius
797 3879 1034 3933 studium
1079 3897 1240 3935 omne
1290 3896 1418 3950 erga
1462 3883 1784 3952 sapientiam
1830 3883 1924 3936 Dei
1960 3891 2016 3936 et

445 3969 747 4022 doctrinam
792 3971 940 4026 verbi
983 3971 1243 4036 adhibet,
1289 3984 1344 4028 et
1389 3973 1441 4026 in
1481 3973 1833 4028 meditatione
1883 3973 2016 4044 legis

445 4061 638 4115 divina:
678 4062 766 4116 die
796 4077 858 4116 ac
887 4072 1046 4117 nocte
1093 4065 1369 4133 persistit;
1417 4074 1472 4118 et
1515 4076 1600 4118 est
1632 4066 1809 4136 magni
1857 4065 2015 4134 hujus

442 4153 686 4221 corporis
716 4154 926 4207 oculus.
958 4154 1136 4218 Alius,
1171 4165 1230 4208 ut
1265 4171 1433 4224 supra
1465 4155 1726 4219 diximus,
1759 4170 1884 4225 erga
1917 4155 2017 4209 mi-

441 4243 726 4298 nisterium
763 4243 1012 4308 fratrum,
1043 4255 1101 4299 et
1134 4247 1492 4316 indigentium
1521 4255 1678 4301 curat
1701 4246 1814 4316 (2);
1854 4255 1911 4301 et
1933 4255 2016 4300 est

443 4335 621 4389 sancti
653 4333 815 4403 hujus
845 4337 1088 4404 corporis
1119 4353 1336 4394 manus.
1374 4339 1527 4393 Alius
1556 4339 1832 4393 studiosus
1861 4337 2016 4394 audi-

443 4433 531 4480 tor
571 4435 659 4480 est
694 4429 840 4482 verbi
877 4429 967 4483 Dei
997 4447 1011 4496 ;
1057 4438 1110 4484 et
1149 4431 1299 4485 auris
1330 4441 1414 4485 est
1444 4432 1713 4501 corporis.
1757 4431 1916 4484 Alius
1945 4429 2012 4485 ad

2124 1961 2220 2024 tia,
2249 1971 2307 2013 ut
2339 1961 2408 2014 sit
2436 1961 2512 2032 (6)
2552 1962 2748 2030 aliquis
2791 1963 3018 2026 oculus,
3062 1964 3204 2030 quod
3243 1973 3330 2017 est
3373 1964 3426 2017 itt
3469 1979 3676 2033 corpore

2126 2061 2236 2106 ιοιο
2264 2052 2537 2116 nobilius;
2569 2052 2652 2106 vel
2686 2068 2877 2108 manus
2899 2093 2915 2118 ,
2964 2055 3119 2122 quod.
3147 2055 3398 2122 sequenti
3445 2055 3559 2110 loco
3594 2055 3678 2108 ha-

2118 2144 2236 2200 beri
2271 2155 2452 2214 potest
2479 2163 2493 2211 ;
2525 2155 2617 2198 aut
2646 2147 2818 2211 auris,
2848 2157 2941 2200 aut
2966 2147 3168 2216 lingua.
3203 2156 3298 2201 aut
3319 2157 3515 2202 caetera
3542 2163 3675 2217 quat-

2118 2251 2224 2305 que
2256 2251 2378 2304 qua:
2409 2237 2661 2292 videntur
2689 2238 3003 2292 honestiora
3029 2255 3148 2294 esse
3179 2259 3192 2294 :
3227 2250 3283 2294 et
3315 2257 3507 2297 rursus
3538 2252 3592 2296 ut
3616 2243 3678 2297 sit

2118 2325 2336 2395 aliquod
2378 2326 2527 2382 aliud
2575 2327 2876 2382 membrum
2915 2345 2985 2384 ex
3033 2330 3120 2384 his
3152 2346 3275 2399 qua:
3310 2332 3563 2386 videntur
3600 2334 3674 2386 in-

2123 2418 2433 2472 honestiora
2465 2434 2585 2474 esse
2611 2437 2628 2482 ;
2662 2422 2776 2491 ipse
2803 2421 3004 2492 aliquid
3038 2439 3217 2478 causa:
3248 2427 3562 2493 praestiterit
3587 2429 3674 2497 ('l),

2119 2524 2187 2562 an
2232 2509 2325 2564 Dei
2377 2511 2655 2567 voluntate
2695 2515 2903 2580 absque
2947 2517 3073 2573 ullis
3111 2519 3341 2571 omnino
3382 2521 3563 2574 causis
3597 2521 3677 2576 ille

2119 2598 2247 2652 illud
2278 2639 2292 2664 ,
2330 2600 2412 2653 vel
2446 2601 2534 2654 ille
2563 2602 2641 2671 (8)
2697 2604 2827 2658 illud
2862 2608 3190 2664 constitutus
3241 2611 3316 2664 sit
3367 2613 3675 2677 membrum,

2118 2707 2284 2761 supra
2331 2703 2568 2748 nostram
2606 2710 2726 2750 esse
2754 2697 3167 2769 intelligentiam
3199 2712 3351 2770 puto.
3398 2703 3588 2757 Verum
3617 2716 3680 2758 ne

2120 2783 2172 2837 hi
2209 2785 2300 2854 qui
2341 2795 2565 2840 naturas
2599 2787 2846 2842 diversas
2885 2799 3137 2844 asserunt
3177 2793 3519 2858 animarum,
3560 2805 3612 2848 et
3648 2807 3676 2846 a

2119 2874 2356 2938 diversis,
2377 2875 2749 2932 conditoribus
2781 2877 3058 2934 institutas
3080 2919 3095 2944 ,
3121 2880 3300 2934 locum
3334 2881 3677 2936 conﬁrmandi

2119 2968 2390 3036 dogmatis
2433 2967 2518 3022 sui
2562 2968 2807 3025 invenire
2850 2972 3166 3046 videantur,
3205 2989 3269 3028 ea
3301 2989 3426 3043 qua
3454 2977 3675 3032 nobisin

2117 3059 2490 3127 superioribus
2540 3061 2606 3114 de
2641 3061 2786 3116 vasis
2837 3062 3067 3117 honoris
3111 3075 3165 3118 et
3213 3066 3370 3120 vasis
3417 3078 3675 3122 contume-

2118 3150 2204 3204 liae
2231 3150 2275 3182 ³³
2303 3151 2536 3206 disserta
2567 3160 2713 3214 sunt,
2745 3152 2908 3206 etiam
2941 3153 2993 3206 iu
3022 3153 3099 3223 (9)
3132 3158 3391 3222 praesenti
3425 3155 3679 3212 sulliciant

2118 3241 2254 3300 loco.
2281 3241 2564 3313 Nunquam
2591 3241 2734 3298 enini
2765 3247 3169 3302 concedendum
3207 3259 3293 3304 est
3317 3289 3339 3315 ,
3385 3261 3444 3305 ut
3482 3253 3591 3307 sive
3630 3252 3678 3306 in

2118 3334 2391 3401 praesenti,
2442 3335 2554 3388 sive
2589 3333 2641 3388 iu
2674 3335 2980 3403 praeteritis,
3025 3337 3141 3392 sive
3185 3339 3352 3393 etiam
3405 3341 3460 3394 in
3503 3341 3678 3396 futuris

2117 3426 2350 3491 sacculis,
2382 3442 2488 3482 non
2514 3428 2589 3482 ita
2614 3444 3050 3501 unumquemque
3075 3431 3352 3498 dispenset
3374 3432 3489 3502 (10)
3514 3433 3678 3487 divina

2116 3515 2482 3584 Providentia,
2503 3529 2558 3572 ut
2585 3519 3004 3590 uniuscujusque
3027 3511 3281 3576 meritum
3299 3523 3515 3578 arbitrii
3539 3525 3679 3578 liber-

2117 3614 2226 3660 tate
2251 3608 2535 3662 collectum
2566 3611 2849 3664 materiam
2881 3609 3171 3680 praebuerit
3198 3611 3561 3682 dispensauti.
3597 3611 3679 3666 Ju-

2117 3704 2232 3749 stus
2253 3705 2336 3750 est
2366 3697 2508 3750 enim
2533 3697 2692 3764 Detts,
2715 3709 2769 3752 ct
2791 3698 3052 3768 injustitia
3077 3717 3183 3756 uon
3205 3712 3292 3757 est
3309 3704 3454 3772 apud
3481 3719 3601 3757 eum
3622 3701 3675 3756 ³⁸.

2187 3786 2242 3840 5.
2299 3786 2563 3842 Habentes
2605 3791 2743 3842 enim
2792 3790 2902 3858 (ll)
2950 3791 3088 3845 dona
3122 3798 3418 3846 sectmdum
3469 3795 3677 3864 gratiam

2117 3893 2233 3946 qua:
2267 3877 2393 3931 data
2430 3889 2503 3932 est
2544 3881 2711 3960 nobis,
2748 3882 3076 3950 diﬂ'erentia,
3121 3885 3226 3937 sive
3251 3885 3582 3954 prophetiam
3609 3902 3678 3940 st-

2116 3969 2346 4022 cundum
2396 3973 2651 4024 rationem
2693 3972 2859 4040 ﬁdei,
2898 3977 3004 4029 sive
3049 3976 3406 4030 ministerium
3448 3980 3500 4031 in
3540 3977 3679 4030 minio

2115 4062 2367 4122 strando,
2413 4060 2521 4113 sive
2556 4062 2648 4128 qui
2683 4063 2829 4116 docet
2869 4064 2925 4116 in
2968 4065 3234 4129 doctrina,
3265 4067 3358 4132 qui
3388 4068 3679 4121 exhortatur

2115 4149 2171 4202 in
2207 4151 2553 4217 exhortando,
2583 4155 2674 4219 qui
2709 4156 2891 4208 tribuit
2922 4157 2975 4208 in
3001 4157 3368 4225 simplicitate,
3389 4161 3482 4228 qui
3507 4167 3674 4228 premi

2115 4241 2172 4294 in
2203 4243 2581 4310 sollicitudine,
2623 4245 2715 4314 qui
2748 4245 3023 4300 miseretur
3060 4249 3114 4300 in
3144 4248 3422 4304 hilaritate
3449 4251 3516 4305 ³⁸.
3557 4250 3676 4305 Cum

2115 4332 2341 4387 dixisset
2380 4335 2622 4402 singulos
2651 4352 2896 4407 quosque
2927 4339 3270 4395 credentium
3300 4343 3545 4397 membra
3573 4355 3680 4396 esse

2116 4422 2275 4479 unius
2333 4428 2578 4495 corporis
2628 4427 2870 4496 Christi;
2936 4445 3080 4485 nunc
3140 4432 3300 4501 quasi
3355 4433 3675 4488 diversorum

443 4518 702 4573 visendos
736 4520 1143 4586 decumbentes,
1174 4533 1229 4576 et
1265 4523 1621 4592 requirendos
1661 4522 2007 4587 tribulantes,
2042 4530 2086 4586 ι)
2117 4514 2481 4572 membrorum
2506 4517 2881 4574 diversitatem
2904 4522 3086 4590 operis
3107 4534 3439 4591 enumerat;
3465 4535 3522 4580 et
3542 4523 3678 4578 verbi

440 4621 498 4664 et
533 4612 736 4678 positos
783 4613 836 4665 in
873 4615 1288 4670 necessitatibus
1324 4615 1593 4670 eruendos
1628 4623 1713 4670 est
1754 4615 2012 4682 impiger;

440 4704 533 4772 qui
569 4717 662 4770 pes
688 4703 805 4758 sine
833 4703 998 4759 dubio
1029 4706 1105 4776 (5)
1143 4705 1503 4761 ecclesiastici
1543 4705 1786 4773 corporis
1830 4703 2014 4772 appel-

547 4799 591 4830 ³³
621 4800 778 4854 Rom.
811 4815 887 4864 Ix,
913 4799 1005 4855 2|.
1072 4801 1118 4832 “
1141 4799 1300 4854 Joan.
1336 4816 1430 4863 vtt,
1463 4801 1551 4855 l8.
1623 4798 1666 4830 ³⁸
1698 4798 1856 4852 Rom.
1890 4796 2092 4859 xn,6-8

535 4893 622 4959 98)
646 4893 808 4955 Editi,
825 4897 1036 4952 accidit.
1058 4905 1112 4948 ul
1129 4899 1242 4964 quis
1261 4913 1292 4947 a
1315 4908 1420 4946 beo
1439 4894 1607 4959 sapiat
1629 4895 1684 4946 in
1705 4909 1874 4962 opere,
1899 4904 2004 4950 etc.

534 4965 622 5034 99)
650 4965 812 5028 Editi,
837 4982 938 5017 non
963 4968 1206 5034 intelligit
1229 4981 1553 5024 mensuram,
1579 4976 1687 5018 etc.

536 5035 584 5101 l)
607 5032 690 5087 De
720 5035 820 5088 his.
861 5036 1018 5088 Deest
1049 5037 1101 5087 in
1136 5032 1326 5088 editis.
1371 5034 1569 5086 Deinde
1609 5050 1736 5087 mss.
1768 5032 2014 5101 plerique

440 5113 498 5158 et
539 5104 786 5158 [labantis
824 5121 918 5172 pro
963 5106 1256 5168 designaret
1300 5105 1495 5156 habent
1539 5104 1852 5172 assignaret.
1900 5103 2005 5157 Sed

443 5188 546 5226 tus.
580 5174 779 5240 Regius
815 5191 960 5229 nunt.
1000 5174 1128 5228 1659
1161 5185 1212 5226 et
1243 5174 1373 5228 etliti
1415 5181 1472 5225 ut
1511 5173 1561 5224 iu
1595 5183 1762 5226 textu.

518 5244 591 5309 (2)
627 5243 716 5295 Sic
747 5260 845 5295 ins.
875 5243 1075 5311 Regius
1112 5261 1260 5297 num.
1288 5242 1444 5298 1659.
1480 5242 1676 5295 Caneri
1722 5257 1849 5294 vero
1879 5257 2006 5296 mss.

446 5321 500 5365 et
528 5314 678 5376 editi,
707 5325 749 5363 et
776 5315 1123 5379 indigentium
1155 5330 1358 5368 curam.
1390 5314 1666 5378 Rabattus,
1699 5324 1744 5366 et
1774 5314 2010 5380 indigeno

450 5381 574 5433 tium
603 5398 782 5433 curam
815 5384 988 5435 habet.

518 5451 592 5520 (5)
633 5453 792 5514 Edili,
839 5464 885 5503 et
924 5470 1010 5515 pes
1051 5453 1162 5506 sine
1197 5451 1391 5514 dubio,
1443 5460 1548 5505 etc.
1588 5451 1810 5514 Deinde,
1848 5462 1894 5503 et
1935 5451 2008 5502 ita

448 5519 672 5591 inuenies
703 5538 1114 5590 unumquemque
1143 5539 1233 5586 pro
1264 5539 1414 5588 posse
1439 5539 1562 5591 erga
1596 5538 1756 5574 unum
1795 5521 2008 5590 aliquod

449 5589 671 5658 ofﬁcium
700 5593 937 5651 spiritale
964 5608 1174 5658 Operam
1205 5593 1354 5643 dare.

519 5657 592 5728 (4)
623 5659 787 5721 Editi,
814 5662 1051 5728 spiritale
1071 5663 1292 5729 ofﬁcium
1323 5661 1472 5714 habet
1500 5670 1553 5713 ut
1586 5660 1780 5725 videat,
1805 5676 2008 5714 verum-

450 5737 642 5787 tamen,
681 5739 788 5782 etc.
1049 5766 1063 5785 ι

522 5796 596 5867 (5)
624 5797 788 5862 Editi,
817 5814 980 5852 unum
1009 5797 1222 5867 aliquod
1250 5798 1438 5853 bonum
1471 5799 1710 5868 spiritale
1742 5801 1954 5855 nteruit.

2122 4621 2282 4662 causa
2305 4648 2322 4675 ,
2354 4609 2497 4664 velut
2524 4613 2682 4666 oculo
2712 4614 2919 4676 visum,
2951 4615 3022 4667 ita
3055 4616 3257 4679 menti,
3285 4631 3412 4685 quae
3439 4625 3521 4672 est
3550 4617 3679 4670 inte-

2122 4702 2235 4757 rior
2279 4703 2500 4771 oculus,
2552 4707 2850 4774 prophetia:
2891 4708 3130 4779 assignat
3175 4709 3458 4776 oﬂiciutn;
3501 4719 3556 4763 et
3595 4705 3679 4761 alii

2187 4889 2262 4959 (6)
2294 4887 2393 4942 Ms.
2420 4885 2620 4955 Regius
2654 4905 2802 4944 num.
2838 4887 2972 4942 1659
3015 4900 3070 4943 et
3096 4889 3227 4942 editi
3250 4929 3264 4951 ,
3298 4901 3478 4954 recte,
3511 4898 3567 4942 ut
3594 4888 3674 4959 sit,

2117 4970 2166 5014 et
2200 4958 2362 5029 paulo
2395 4970 2533 5026 post,
2562 4969 2610 5011 et
2657 4976 2838 5012 rursus
2868 4970 2921 5011 ut
2947 4959 3017 5012 sit
3042 4962 3261 5029 aliquod
3291 4961 3468 5014 aliud.
3497 4958 3674 5014 (lateri

2119 5047 2252 5085 mss.
2284 5030 2573 5099 utrobique
2603 5031 2863 5082 omittunt
2895 5039 2973 5084 ut.

2191 5100 2268 5161 (7)
2298 5098 2387 5152 Sic
2423 5097 2522 5152 ms.
2558 5098 2758 5168 Regius
2789 5116 2935 5152 num.
2970 5099 3125 5158 1659,
3157 5098 3258 5152 Ms.
3293 5101 3468 5154 codex
3497 5097 3677 5152 Vallis-

2112 5169 2285 5224 Clara:
2300 5173 2456 5238 addit
2486 5186 2555 5221 an
2585 5179 2705 5238 post
2737 5170 2864 5236 ipse.
2889 5169 3081 5224 Cmteri
3115 5185 3247 5223 vero
3275 5187 3409 5224 tuss.
3435 5181 3489 5223 et
3518 5169 3675 5223 editi:

2118 5243 2228 5305 ipse
2257 5237 2458 5306 aliquid
2485 5237 2660 5292 causa:
2688 5241 2955 5307 pra-stitit.

2190 5307 2268 5380 (8)
2298 5309 2455 5380 Deest
2487 5309 2575 5362 ille
2607 5311 2657 5362 in
2687 5309 2872 5380 editis.

2191 5377 2266 5448 (9)
2298 5379 2434 5448 Editi
2464 5387 2518 5448 et
2546 5395 2648 5431 ms.
2682 5377 2884 5446 Regius
2919 5393 3069 5431 num.
3102 5377 3241 5433 1659
3274 5381 3533 5433 omittunt
3559 5377 3630 5430 in.

2188 5446 2300 5519 (I0)
2334 5446 2664 5522 bisaliegitts
2701 5464 2847 5501 num.
2883 5449 3038 5511 1659,
3071 5451 3122 5501 in
3154 5451 3501 5522 pra’sentibus
3529 5482 3552 5522 ί.
3577 5480 3632 5522 ._.
3658 5481 3673 5496 .

2117 5530 2208 5571 aut
2237 5518 2339 5573 nan
2365 5518 2777 5586 uniuscujusque
2805 5557 2818 5570 .
2848 5560 2862 5574 .
2890 5559 2905 5574 .
2931 5559 2944 5572 .
2975 5521 3251 5570 materiam
3281 5521 3556 5583 pra'buerit
3578 5518 3678 5566 dis-

2117 5589 2396 5653 pensandi.
2427 5588 2616 5640 Caeteri
2654 5603 2782 5640 vero
2831 5605 2962 5642 mss.
3011 5600 3069 5640 ut
3114 5590 3167 5640 in
3205 5597 3377 5642 textu.
3418 5590 3494 5644 lta
3521 5586 3677 5643 etiam

2115 5659 2271 5721 editi,
2303 5668 2498 5725 praeter
2532 5659 2756 5725 pra’beat
2791 5673 2886 5726 pro
2919 5659 3224 5724 prwbuerit.

2189 5724 2312 5799 (ll)
2350 5724 2538 5779 Enim.
2578 5729 2736 5784 Deest
2778 5724 2830 5783 in
2878 5727 3047 5784 libris
3077 5740 3239 5783 antea
3283 5729 3469 5786 editis.
3515 5724 3678 5788 Ali“.

2116 5809 2290 5856 autem
2319 5812 2418 5868 pro
2447 5800 2607 5852 enim.
