3796 6590
165 421 288 478 1215

1112 418 1462 476 COMMENT.
1498 418 1564 472 ΙΝ
1604 419 1819 474 EPIST.
1858 419 1949 474 AD
1980 418 2148 477 ROM.
2188 420 2318 475 LIB.
2356 418 2440 474 IX.

3248 420 3383 476 1211

161 551 411 610 tanquam
446 538 625 594 manui
662 537 1026 594 ministerium
1062 538 1362 603 adscribit;
1389 547 1446 594 et
1475 538 1566 594 alii
1599 548 1718 593 tan-
1747 550 1791 602 Α
1825 553 1892 592 ne
1933 538 2182 592 videatur
2232 540 2298 594 de
2353 535 2572 592 homine
2614 533 2824 592 arbitrii
2871 544 3110 606 potestas
3157 537 3380 595 auferri.

157 648 304 701 quam
355 631 560 700 lingua:
609 631 911 686 doctrinam
955 630 1149 684 tribuit
1198 649 1211 684 :
1263 631 1512 685 similiter
1553 633 1717 684 etiam

155 737 365 780 cetera.
421 719 556 777 illud
601 737 814 792 quoque
860 723 999 791 quod
1048 723 1206 778 nobis
1256 723 1308 776 in
1351 724 1716 792 superioribus

154 815 460 884 ambiguum
513 813 834 876 videbatur,
884 811 1147 875 absolvit,
1195 814 1284 868 tibi
1341 814 1716 883 quterebamus

154 916 320 957 utrum
348 903 774 972 unumquodque
803 906 1101 958 membrum
1129 905 1194 958 ad
1224 906 1472 968 honesta,
1501 905 1583 959 vel
1617 905 1717 960 mi—

153 1009 240 1046 nus
289 993 521 1046 honesta
564 993 810 1061 corporis
855 990 1029 1047 oﬁicia
1078 994 1276 1063 aliquid
1326 1008 1389 1047 ex
1433 1010 1492 1049 se
1533 1010 1714 1050 causa:

151 1083 438 1153 praebendo
485 1084 697 1136 vent-rit
732 1101 745 1136 :
778 1099 844 1137 an
886 1085 1049 1138 nullis
1087 1100 1152 1140 ex
1197 1086 1414 1148 causis.
1457 1087 1550 1141 sed
1599 1087 1713 1142 sola

150 1166 230 1226 Dei
259 1173 548 1227 voluntate
592 1174 877 1226 honestum
898 1217 914 1238 ,
949 1175 1034 1229 vel
1068 1175 1246 1229 minus
1275 1174 1560 1230 honestum
1591 1191 1713 1232 esse

151 1264 449 1318 membrqu
485 1265 776 1333 unicuique
806 1265 1110 1334 delegatum
1145 1266 1214 1319 sit
1241 1266 1374 1337 (12).
1408 1265 1559 1332 Quod
1582 1282 1710 1338 ergo

148 1354 212 1409 ibi
240 1355 400 1409 nobis
440 1355 618 1409 minus
650 1358 859 1411 clarum
895 1357 1014 1421 luit,
1049 1357 1135 1411 hic
1160 1357 1454 1425 Aposmlus
1482 1359 1709 1413 eviden-

149 1457 220 1501 ter
241 1450 463 1516 aperuit
496 1450 704 1512 dicens,
743 1450 849 1503 sive
873 1450 1196 1518 prophetiam
1229 1450 1360 1522 (15),
1403 1453 1508 1505 sive
1548 1454 1707 1506 mini-

145 1539 373 1602 sterium,
409 1541 529 1593 sive
563 1541 767 1609 reliqua
796 1542 933 1596 dona
969 1543 1267 1611 gratiarum
1301 1545 1582 1596 secundum
1619 1560 1709 1597 ra-

143 1619 326 1683 tionem
369 1631 503 1696 ﬁdei
538 1630 654 1684 dari
705 1648 720 1685 :
769 1633 1017 1701 quamvis
1062 1648 1238 1688 sermo
1273 1635 1408 1698 iste,
1457 1637 1557 1690 hoc
1599 1645 1706 1699 est,

141 1717 420 1772 secundum
450 1717 562 1788 (14)
595 1721 848 1774 rationem
886 1721 1052 1789 ﬁdei,
1097 1723 1236 1790 apud
1275 1722 1499 1778 Latinos
1531 1725 1707 1778 minus

139 1810 350 1879 proprie
427 1811 718 1866 translatus
773 1813 1037 1867 videatur.
1106 1813 1390 1884 ⁹Δναλογίςι
1452 1816 1595 1870 enim
1649 1815 1703 1870 in

1827 626 2200 680 Verumtamen
2231 641 2298 681 ex
2342 626 2445 680 hoc
2487 624 2631 694 quod
2674 623 2751 676 ait
2793 624 2906 678 dari
2949 628 3179 696 gratiam
3209 628 3278 680 ad
3323 627 3379 681 id

1818 717 1956 786 quod
1983 717 2226 785 expedit,
2263 727 2443 786 potest
2473 716 2588 769 ﬁeri
2623 725 2679 768 ut
2712 717 2812 770 etsi
2851 716 2921 769 sit
2949 716 3059 787 (~18)
3105 717 3155 771 in
3197 718 3374 788 alique

1819 822 2064 862 mensura
2093 806 2213 861 ﬁdei
2252 817 2395 862 tanta
2417 847 2433 872 ,
2461 809 2593 874 quae
2618 804 2969 859 excelsiorem
3011 808 3236 875 gratiam
3269 824 3382 863 me-

1817 909 2002 952 reatur
2030 899 2295 967 accipere,
2335 898 2379 952 si
2408 905 2632 951 sanctus
2674 895 2907 965 Spiritus
2947 897 3132 951 futura
3163 902 3379 968 prospi-

1813 988 1964 1042 ciens
1999 989 2253 1057 expedire
2292 987 2577 1056 accipienti
2623 1002 2730 1040 non
2776 986 3012 1056 judicet,
3070 988 3379 1041 necessario

1813 1079 2015 1133 dividat
2060 1079 2350 1146 unicuique
2396 1088 2558 1148 prout
2600 1079 2711 1132 vult
2757 1087 2812 1133 et
2854 1079 3090 1147 expedit.
3138 1078 3380 1147 Denique

1813 1168 2097 1224 nonnullos
2164 1170 2405 1223 videmus
2477 1161 2752 1240 accepisse
2811 1167 3046 1237 gratiam
3112 1168 3377 1224 doctrina:

1809 1261 1895 1314 vel
1930 1261 2323 1315 exhortationis
2364 1260 2431 1315 ad
2475 1261 2724 1330 plebem,
2767 1271 2822 1314 et
2864 1275 2928 1315 ex
2973 1261 3074 1316 hoc
3114 1263 3232 1330 ipso
3268 1261 3380 1316 ela-

1811 1360 1894 1406 tos
1928 1361 2089 1421 atque
2138 1353 2189 1405 in
2235 1353 2540 1421 superbiam
2590 1367 2778 1407 versos
2828 1353 2880 1405 in
2927 1352 3188 1422 judicium
3239 1353 3378 1408 inci-

1809 1444 1952 1497 disse
1977 1443 2174 1496 diaboli
2209 1460 2221 1496 :
2255 1443 2391 1499 alios
2421 1443 2694 1513 accepisse
2725 1442 2942 1512 quidem
2972 1444 3236 1511 gratiam,
3278 1449 3374 1499 sed

1811 1533 1976 1604 66,9
2005 1535 2324 1605 negligentia
2353 1537 2516 1588 animi
2545 1547 2600 1591 et
2630 1537 2750 1590 vitae
2785 1537 2988 1591 desidia
3015 1537 3321 1607 corrupisse
3354 1552 3371 1590 :

1808 1629 1947 1680 unde
1976 1637 2096 1680 erat
2127 1638 2180 1682 et
2220 1627 2308 1682 ille
2354 1628 2445 1696 qui
2481 1639 2766 1697 acceptum
2798 1627 3080 1682 denarium
3118 1627 3169 1680 in
3211 1625 3372 1678 suda-

1809 1717 1888 1769 rio
1921 1718 2228 1788 colligavit,
2275 1734 2374 1773 nec
2409 1720 2622 1788 operari
2653 1733 2718 1772 ex
2753 1733 2817 1773 eo
2859 1719 3062 1786 aliquid
3104 1716 3275 1771 voluit
3301 1717 3370 1773 ³⁸.

1809 1809 2095 1878 Propterea
2136 1813 2367 1880 denique
2394 1823 2448 1865 et
2485 1811 2781 1880 Apostolus
2818 1812 3008 1865 scribit
3053 1809 3120 1863 ad
3163 1811 3368 1864 charis-

139 1899 338 1965 Grazco,
394 1917 503 1955 non
541 1912 647 1956 tam
693 1903 830 1957 ratio
877 1919 1038 1972 quam
1087 1920 1344 1960 mensura
1394 1916 1703 1975 competens
1736 1891 1777 1946 Β
1805 1903 2002 1957 simum
2060 1901 2166 1956 sibi
2215 1901 2384 1957 ﬁlium
2419 1902 2646 1959 dicens:
2677 1903 2804 1958 Noli
2837 1903 3090 1973 negligere
3139 1903 3366 1970 gratiam

138 1990 232 2044 dici
259 2001 466 2060 potest,
502 2002 562 2045 ut
591 1993 713 2062 quia
745 2007 850 2048 uno
885 2009 989 2047 non
1019 2004 1216 2064 potest,
1257 1995 1465 2051 duobus
1495 2012 1703 2054 sermo-

137 2082 284 2136 nibus
328 2083 658 2154 explicetur.
712 2085 1012 2140 Secundum
1060 2087 1172 2156 (15)
1224 2103 1520 2142 mensuram
1573 2105 1702 2160 ergo

137 2173 248 2240 ﬁdei
275 2173 710 2245 uniuscujusque
741 2178 1083 2232 diversitates
1106 2179 1223 2232 dari
1251 2180 1560 2248 pronuntiat
1584 2196 1702 2247 gra-

135 2264 348 2329 tiarum,
385 2278 469 2328 ut,
503 2267 650 2322 verbi
677 2283 869 2334 causa,
911 2278 1132 2337 accepta
1175 2269 1296 2337 quis
1330 2271 1527 2338 gratia,
1570 2269 1699 2325 illud

132 2353 205 2406 vel
248 2354 381 2409 illud
413 2358 715 2410 membrum
747 2359 800 2411 in
834 2359 1035 2414 Christi
1065 2373 1292 2427 corpore
1341 2359 1455 2414 ﬁat.
1500 2360 1566 2414 Et
1610 2361 1699 2414 hic

129 2445 340 2513 quidem
368 2463 670 2502 mensuram
693 2449 819 2516 ﬁdei
843 2465 1062 2504 causam
1098 2451 1484 2518 capiendarum
1517 2452 1698 2520 posuit

129 2535 471 2603 gratiarum;
517 2538 580 2590 ad
623 2538 932 2592 Corinthios
960 2554 1090 2594 vero
1122 2541 1368 2595 scribens
1402 2542 1476 2594 ait
1506 2552 1524 2595 :
1561 2539 1697 2594 Uni-

127 2629 305 2694 cuique
337 2638 515 2681 autent
537 2631 695 2681 datur
720 2630 1076 2699 manifestatio
1102 2631 1336 2700 Spiritus
1378 2632 1446 2685 ad
1479 2633 1533 2684 id
1556 2634 1696 2701 quod

127 2719 323 2786 expedit
351 2719 431 2786 ης
461 2728 516 2773 et
545 2729 663 2788 post
698 2735 866 2788 pauca
904 2721 1053 2775 addit
1083 2738 1098 2776 :
1134 2721 1325 2775 Omnia
1363 2731 1535 2776 autem
1574 2739 1696 2791 ope-

127 2820 268 2861 ratur
295 2826 439 2863 unus
472 2820 628 2884 atque
665 2813 800 2866 idem
836 2811 1091 2880 Spiritus,
1131 2813 1368 2867 dividens
1412 2814 1695 2882 unicuique

126 2897 226 2971 (16)
251 2911 412 2968 prout
442 2901 551 2954 vult
580 2901 645 2953 ³⁷.
685 2900 838 2958 Unde
876 2901 1006 2956 mihi
1034 2903 1284 2967 videtur,
1332 2911 1437 2956 tam
1471 2905 1537 2958 ad
1578 2903 1688 2958 Ro-

124 3004 308 3044 manos
343 3005 508 3057 quam
540 2988 605 3042 ad
631 2988 943 3044 Corinthios
973 2992 1243 3057 scribens,
1281 3001 1389 3047 tres
1417 2992 1692 3064 capienda:

122 3079 306 3145 gratia:
359 3078 551 3134 modos
597 3079 821 3146 docere,
865 3090 922 3133 ut
955 3096 1022 3134 ex
1064 3083 1223 3136 nobis
1262 3081 1314 3136 in
1350 3097 1414 3136 eo
1454 3082 1538 3152 agi
1591 3082 1691 3137 ali-

122 3169 240 3235 quid
273 3169 570 3233 ostendat,
607 3169 899 3238 plurimum
953 3179 1130 3224 tamen
1177 3170 1230 3224 in
1273 3172 1366 3226 Dei
1403 3171 1688 3242 largitione

119 3260 436 3314 consistere.
471 3259 630 3313 Ponit
657 3276 788 3331 ergo
821 3271 875 3315 et
903 3277 1201 3316 mensuram
1237 3262 1362 3331 ﬁdei
1395 3279 1517 3318 esse
1539 3304 1556 3331 ,
1591 3279 1687 3329 per

118 3364 268 3418 quam
302 3351 430 3418 quis
459 3351 690 3420 gratiam
724 3351 862 3421 capit
893 3368 907 3417 ;
953 3353 1104 3422 ponit
1148 3361 1206 3408 et
1233 3354 1302 3406 ad
1339 3354 1394 3406 id
1424 3355 1563 3423 quod
1595 3370 1686 3409 ea:-

116 3442 241 3507 pedit
270 3443 392 3496 dari
419 3459 436 3508 ;
467 3451 523 3496 et
549 3441 808 3509 Spiritum
843 3443 1084 3498 dividere
1113 3456 1270 3515 prout
1296 3443 1428 3499 vult.
1463 3445 1531 3498 Ut
1555 3460 1684 3516 ergo

117 3539 254 3586 tanta
296 3533 354 3586 in
403 3533 562 3586 nobis
594 3533 726 3586 lides
761 3533 1086 3599 inveniatur,
1117 3545 1320 3605 quanta
1355 3535 1528 3605 possit
1559 3535 1680 3590 sub-

115 3619 386 3676 limiorem
448 3624 676 3693 gratiam
716 3625 1034 3692 promereri,
1067 3626 1238 3680 nostri
1264 3627 1442 3696 operis
1473 3627 1684 3680 videtur

112 3723 158 3768 et
194 3715 366 3768 studii
407 3732 422 3768 :
459 3724 518 3768 ut
560 3725 739 3768 autem
769 3715 832 3768 ad
873 3715 924 3770 id
965 3716 1124 3770 detur
1152 3719 1295 3787 quod
1328 3719 1582 3786 expedit,
1628 3727 1681 3774 et

113 3802 232 3856 utile
253 3803 333 3856 sit
357 3803 671 3872 accipienti,
708 3803 801 3858 Dei
826 3803 1087 3871 judicium
1111 3816 1231 3872 est;
1266 3807 1348 3860 vel
1379 3807 1600 3860 omnino
1632 3807 1678 3861 si

113 3892 216 3945 dari
243 3892 401 3956 velit,
436 3893 488 3946 in
523 3893 640 3961 ipso
665 3902 768 3948 est.
802 3893 922 3948 Ideo
951 3904 1004 3950 et
1034 3895 1087 3949 in
1126 3896 1246 3950 aliis
1283 3896 1424 3951 idem
1450 3899 1680 3965 Aposto-

112 3984 182 4039 lus
231 3985 370 4040 dicit
425 4003 442 4039 :
501 3984 664 4040 Nunc
712 3999 883 4042 autem
933 3988 1074 4044 Deus
1132 3991 1304 4057 posuit
1358 3991 1413 4043 in
1464 4006 1679 4058 corpore

109 4077 514 4148 unumquodque
535 4079 819 4132 membrum
843 4090 998 4150 prout
1021 4081 1180 4136 voluit
1203 4081 1266 4136 ³⁸.
1294 4079 1477 4136 Voluit
1497 4093 1676 4136 autem

109 4166 240 4222 Deus
269 4170 572 4222 secundum
617 4170 874 4224 rationem
922 4171 1004 4227 vel
1044 4189 1347 4227 mensuram
1393 4174 1518 4242 ﬁdei
1558 4190 1677 4244 quae

109 4258 264 4311 estin
318 4259 479 4313 nobis
521 4258 675 4328 (17);
719 4260 799 4314 vel
840 4261 1010 4316 voluit
1047 4265 1117 4316 ad
1163 4265 1219 4316 id
1258 4265 1399 4334 quod
1443 4266 1672 4335 expedit.

108 4344 204 4401 Nisi
239 4347 388 4402 forte
424 4350 497 4402 ita
532 4349 734 4419 aliquis
773 4361 831 4405 et
872 4353 976 4407 hoc
1006 4354 1134 4408 velit
1163 4355 1500 4427 intelligere,
1534 4357 1674 4412 Deus

107 4441 259 4504 posuit
295 4441 354 4493 in
392 4457 617 4509 corpore
644 4444 1048 4514 unumquodque
1077 4446 1364 4500 membrum
1392 4460 1546 4518 prout
1582 4466 1671 4503 vo-

1802 2007 1918 2061 qua:
1947 1991 2001 2044 in
2031 2000 2078 2044 te
2106 2000 2180 2043 est
2209 1990 2286 2054 ‘°;
2325 1998 2578 2060 tanquam
2614 1992 2792 2046 sciens
2824 2006 2982 2060 posse
3012 1992 3240 2057 gratiam
3273 2003 3366 2058 per

1803 2080 2178 2151 negligentiam
2206 2081 2468 2150 deperire.
2494 2081 2643 2148 Quod
2665 2091 2841 2136 autem
2873 2083 3037 2136 dixit:
3067 2080 3364 2134 Secundum

1802 2173 2059 2224 rationem
2087 2171 2169 2224 vel
2208 2187 2502 2225 mensuram
2535 2172 2658 2240 ﬁdei
2685 2173 2752 2239 δ’,
2801 2183 2930 2242 puto
2955 2171 3067 2239 jam
3115 2171 3270 2238 plene
3310 2172 3362 2223 in

1800 2263 2171 2331 superioribus
2197 2265 2500 2332 expositum
2551 2278 2670 2333 quae
2711 2265 2782 2317 sit
2829 2264 2960 2319 ﬁdes
3003 2278 3120 2333 quae
3147 2279 3176 2318 a
3208 2261 3360 2318 nobis

1799 2356 2132 2424 requiratur,
2167 2363 2221 2410 et
2249 2372 2369 2424 quae
2398 2359 2468 2410 sit
2493 2373 2614 2426 qua:
2642 2373 2671 2410 a
2718 2357 2825 2412 Deo
2858 2373 2954 2427 per
2991 2356 3222 2427 gratiam
3265 2357 3359 2411 da-

1802 2453 1887 2497 tur
1917 2445 2214 2498 secundum
2250 2446 2354 2498 hoc
2385 2445 2526 2515 quod
2554 2447 2692 2501 idem
2723 2447 3011 2515 Apostolus
3043 2447 3175 2500 dicit
3203 2465 3215 2500 :
3259 2447 3359 2499 Alit

1795 2535 1925 2604 ﬁdes
1955 2538 2006 2589 in
2045 2538 2220 2590 eodem
2253 2535 2453 2605 Spiritu
2485 2537 2529 2568 “
2568 2553 2584 2590 :
2614 2549 2669 2593 et
2695 2538 2822 2592 item
2871 2540 2959 2592 ubi
2993 2538 3105 2608 (l9)
3135 2538 3362 2608 apostoli

1795 2627 1861 2681 ad
1899 2627 2183 2681 Dominum
2232 2629 2460 2681 dicunt:
2498 2630 2646 2699 Auge
2687 2630 2834 2683 nobis
2879 2629 3034 2698 ﬁdem
3077 2628 3123 2660 "
3167 2642 3184 2680 :
3219 2629 3359 2698 quod

1796 2717 1930 2772 ﬁdes
1960 2716 2174 2786 quidem
2203 2733 2321 2787 quae
2350 2728 2531 2786 speret
2560 2730 2612 2773 et
2660 2720 2865 2785 credat,
2912 2729 2968 2774 et
3005 2721 3208 2788 absque
3253 2719 3359 2772 ulla

1794 2808 2134 2864 dubitatione
2173 2809 2429 2876 conﬁdat,
2458 2810 2508 2862 in
2545 2810 2700 2864 nobis
2721 2817 2839 2864 est:
2891 2811 3028 2864 ratio
3073 2825 3199 2864 vero
3232 2809 3356 2864 ﬁdei

1793 2901 1979 2969 ipsius,
2020 2910 2074 2953 et
2103 2901 2365 2965 scientia,
2404 2911 2458 2954 et
2486 2901 2756 2969 perfectus
2794 2916 2979 2955 eorum
3014 2917 3132 2970 qua:
3173 2902 3356 2956 credi-

1793 3005 1913 3045 mus
1936 2990 2262 3055 intellectus,
2294 2993 2572 3044 donatura
2604 2990 2735 3045 Deo.
2767 2990 2870 3046 Sed
2904 3002 2959 3046 et
2989 2991 3118 3046 illud
3151 2992 3202 3046 in
3234 2991 3356 3046 loco

1791 3096 1895 3135 non
1924 3081 2232 3135 omittamus
2257 3085 2399 3150 quod
2429 3083 2644 3136 videtur
2671 3083 2981 3137 secretioris
3007 3098 3126 3136 esse
3156 3094 3357 3153 myste-

1792 3172 1876 3225 rii.
1909 3171 1966 3226 Si
1997 3172 2137 3225 enim
2176 3173 2227 3225 in
2262 3174 2510 3242 praesenti
2541 3173 2737 3228 saeculo
2767 3174 2860 3227 dat
2889 3173 3026 3228 Deus
3063 3174 3353 3242 unicuique

1787 3261 2018 3330 gratiam
2058 3262 2342 3314 secundum
2373 3278 2670 3316 mensuram
2698 3263 2844 3331 ﬁdei,
2875 3263 2992 3318 sine
3026 3263 3191 3318 dubio
3218 3263 3350 3318 etin

1786 3355 1969 3407 l'utnro
1999 3353 2142 3406 dabit
2170 3355 2460 3422 unicuique
2494 3357 2720 3425 gratiam
2755 3371 2851 3425 pro
2900 3370 3152 3410 mensura
3192 3359 3352 3409 meri-

1787 3453 2000 3508 torum;
2031 3443 2158 3498 etsi
2208 3444 2261 3497 in
2311 3446 2560 3513 praesenti
2601 3446 2804 3500 sarculo
2836 3445 2954 3500 talis
2991 3455 3072 3500 est
3102 3446 3196 3500 Dei
3238 3447 3352 3500 dis-

1783 3534 2051 3603 pensatio,
2083 3542 2141 3587 et
2192 3533 2310 3587 talis
2358 3534 2459 3587 erit
2502 3537 2667 3590 etiam
2715 3534 2768 3589 in
2810 3535 3026 3600 luturo;
3083 3535 3354 3604 quomodo

1784 3641 1890 3679 non
1920 3635 1975 3678 et
2001 3626 2052 3678 in
2081 3626 2368 3694 praeteritis
2397 3627 2613 3681 saeculis
2647 3627 2787 3698 (‘20),
2823 3645 2944 3698 qua:
2977 3628 3196 3683 fuerunt
3227 3638 3354 3684 ante

1783 3733 1902 3782 nos,
1929 3717 2118 3772 similis
2149 3718 2242 3773 Dei
2273 3719 2606 3788 dispensatio
2633 3736 2760 3791 erga
2793 3737 3007 3777 omnem
3042 3723 3341 3779 rationabi-

1779 3809 1882 3864 lem
1906 3820 2212 3865 creaturam
2244 3811 2413 3867 luisse
2459 3813 2750 3869 credetur?
2799 3812 2901 3868 Sed
2924 3813 3036 3882 jam
3068 3815 3348 3894 videamus

1779 3917 1898 3970 qum
1940 3903 2046 3956 sint
2090 3902 2201 3974 (21)
2233 3903 2372 3958 dona
2402 3919 2521 3972 quae
2565 3913 2848 3958 enumerat
2886 3905 3182 3958 secundum
3216 3921 3346 3975 gra-

1779 3993 1908 4046 tiam
1942 3994 2091 4050 data.
2151 3994 2464 4063 Prophetia,
2513 3997 2710 4065 inquit,
2745 4005 2800 4050 et
2851 3995 3236 4062 ministerium,
3291 4005 3347 4050 et

1777 4086 2041 4152 doctrina,
2075 4097 2130 4141 et
2155 4087 2486 4154 exhortatio,
2519 4099 2572 4143 et
2598 4089 2841 4152 tributio,
2875 4089 2977 4141 hoc
3000 4096 3084 4141 est
3115 4097 3344 4156 praesta-

1777 4178 1874 4243 tio,
1905 4187 1960 4231 et
1982 4192 2234 4248 praeesse,
2267 4190 2321 4232 et
2367 4178 2635 4233 misereri.
2670 4177 2764 4234 His
2788 4178 2965 4248 jungit
3021 4189 3076 4232 et
3103 4180 3346 4232 charita-

1777 4277 1906 4332 tem,
1946 4279 2000 4323 et
2027 4277 2244 4323 caetera.
2281 4269 2355 4322 De
2383 4271 2579 4338 quibus
2615 4268 2762 4323 dicat
2812 4269 3042 4322 fortasse
3089 4268 3291 4336 aliquis
3326 4284 3342 4322 :

1776 4361 1831 4415 Si
1860 4360 1974 4414 haec
2003 4361 2184 4415 omnia
2215 4374 2313 4429 per
2343 4361 2576 4430 gratiam
2611 4362 2807 4414 dantur
2838 4360 2972 4430 (Ξῖ),
3008 4375 3112 4413 non
3156 4360 3259 4413 erit
3287 4358 3342 4412 iu

1774 4451 1928 4519 culpa
1959 4451 2000 4504 si
2036 4451 2157 4519 quis
2189 4466 2293 4504 non
2315 4453 2622 4520 prophetet,
2670 4460 2762 4504 aut
2792 4468 2896 4506 non
2925 4452 3213 4516 ministret,
3249 4459 3342 4504 aut

107 4529 225 4593 luit,
274 4542 337 4586 ut
371 4533 540 4585 voluit
570 4533 636 4586 ad
675 4535 955 4587 membrum
998 4537 1171 4606 magis
1219 4538 1521 4603 referatur,
1571 4541 1672 4593 hoc
1701 4554 1748 4613 ι)
1779 4557 1884 4595 non
1917 4545 2126 4609 doceat,
2169 4553 2261 4596 aut
2292 4558 2397 4596 non
2451 4545 2794 4606 exhortetur,
2841 4553 2933 4596 aut
2980 4560 3082 4596 non
3119 4543 3340 4606 tribuat,

105 4628 193 4684 est,
220 4633 381 4689 prout
417 4621 615 4688 soluit,
648 4632 808 4692 prout
829 4624 1013 4694 elegit,
1045 4635 1205 4695 prout
1231 4643 1448 4698 operam
1477 4632 1619 4685 dedit
1646 4649 1661 4699 ;

161 4755 243 4811 ³⁸1
272 4759 405 4816 Cor.
435 4776 539 4822 XII,
577 4762 628 4815 7.
686 4761 729 4792 ³⁷
757 4762 886 4816 ibid.
922 4765 1008 4819 11.
1058 4765 1103 4797 ³⁸
1128 4766 1259 4821 ibid.
1289 4769 1375 4824 18.

103 4822 211 4882 Cor.
242 4830 404 4894 xu,9.
486 4831 533 4861 "'
565 4830 696 4886 Luc.
721 4847 848 4895 xvn,
871 4835 924 4889 5.

127 5012 137 5022 ι
161 4940 269 5022 (12)
294 4943 399 5022 bis.
423 4944 637 5014 Regius
661 4962 806 5001 num.
829 4948 986 5022 1659,
1009 4951 1366 5022 unusquisque
1388 4952 1666 5010 derelictus

101 5016 172 5063 sit.
203 5016 308 5067 Sed
346 5029 535 5068 caeteri
565 5032 695 5068 mss.
726 5027 778 5070 et
806 5021 936 5071 editi
971 5029 1028 5073 ut
1059 5021 1108 5072 in
1147 5016 1312 5074 textu.

296 5083 450 5157 Editi
489 5101 796 5157 perperam,
826 5089 934 5142 sive
961 5092 1253 5157 prophetia.

160 5154 262 5220 (14)
303 5154 642 5208 Secundum.
670 5154 938 5211 Omittunt
961 5154 1022 5212 in
1055 5154 1234 5214 editis.

156 5222 262 5297 (15)
295 5223 506 5297 Editi,_
535 5229 821 5278 secundum
871 5244 992 5297 ergo
1031 5229 1154 5296 ﬁdei
1195 5246 1493 5287 mensuram
1538 5236 1658 5289 uni—

98 5293 265 5359 cuique
300 5294 647 5348 diversitates
673 5297 815 5357 dari,
849 5293 953 5352 etc'.

156 5361 258 5439 _(1_6)
288 5365 472 5439 Alias,
504 5364 750 5432 singulis,
785 5367 879 5420 sed
911 5383 1009 5421 ms.
1035 5367 1238 5439 Regius
1264 5386 1413 5425 num.
1441 5374 1576 5429 1659
1603 5385 1657 5430 et

97 5429 575 5501 editi,unicr¢ique.

154 5501 260 5617 (Ξῖ)
294 5503 441 5556 Editi
467 5539 484 5566 ,
537 5503 821 5556 secundum
851 5505 977 5573 ﬁdei
1007 5525 1299 5564 mensuram
1331 5529 1448 5580 qua:
1480 5525 1553 5567 est
1603 5517 1656 5569 in

98 5583 244 5622 noass.

153 5640 252 5709 (l8)
289 5641 404 5714 Ms.
421 5641 656 5714 plures,
690 5651 743 5694 ut
774 5644 818 5695 si
846 5646 952 5711 sit,
984 5658 1089 5702 etc.
1124 5649 1324 5704 Deinde
1355 5651 1503 5714 editi,
1535 5662 1654 5707 tan-

96 5712 952 5790 toquenexcellentioremngratiam
973 5756 1005 5790 ,γ
1031 5731 1135 5772 etc.
1167 5718 1335 5773 Paulo
1369 5712 1499 5790 post
1523 5739 1654 5778 vero

94 5790 182 5861 ιιιςέ
214 5779 418 5861 [legitis
459 5795 617 5860 trum.
657 5782 797 5835 1659
837 5787 1036 5861 omittit
1086 5779 1382 5861 necessario
1429 5793 1650 5861 dividat,

95 5857 137 5895 et
171 5848 353 5916 habet,
406 5849 700 5918 unicuique
731 5864 884 5918 prout
923 5858 1030 5910 vult
1071 5860 1331 5928 expediat.

1456 4770 1499 4803 ³³
1529 4771 1659 4826 Luc.
1692 4785 1803 4835 xix,
1847 4765 1940 4830 20,
1980 4765 2072 4821 21.

1776 4642 1870 4686 aut
1898 4647 2000 4686 non
2032 4635 2238 4702 praesit,
2271 4644 2364 4688 aut
2403 4650 2507 4689 non
2558 4636 2901 4698 misereatur,
2950 4643 3042 4686 aut
3083 4649 3184 4687 non
3217 4633 3341 4686 dili-

2169 4766 2528 4833 ‘°lTim.tv,
2581 4768 2667 4822 14.
2768 4765 3169 4831 “Rom.xn,5.
3247 4761 3338 4815 “l

1839 4954 1950 5025 (19)
1989 4952 2091 5008 Ms.
2124 4951 2326 5022 Regius
2365 4969 2514 5009 num.
2569 4953 2728 5017 1659,
2780 4953 2927 5008 alibi.
2969 4951 3168 5006 Deinde
3194 4949 3335 5021 Apo-

1766 5026 1889 5078 stoli
1918 5027 2260 5078 desideratur
2293 5026 2346 5078 in
2374 5036 2531 5078 antea
2557 5026 2734 5078 editis.

1842 5095 1957 5164 (20)
1988 5095 2148 5156 Editi,
2179 5095 2427 5164 talisient
2453 5097 2675 5149 etiam...
2703 5092 2958 5162 quomodo
2983 5106 3085 5142 non
3113 5102 3334 5156 prwter-

1763 5163 1857 5218 itis,
1901 5164 2141 5224 strculis,
2169 5173 2274 5217 etc.
2302 5163 2426 5216 Mss.
2475 5165 2714 5231 plerique
2749 5166 3001 5215 omittunt
3045 5164 3334 5230 utrobique

1760 5247 1848 5300 et;
1877 5237 1968 5288 sed
2005 5249 2105 5288 ms.
2135 5232 2334 5300 Regius
2371 5250 2514 5286 nutu.
2549 5232 2685 5285 1659
2717 5233 2844 5283 utin
2871 5241 3043 5283 textu.

1832 5305 1944 5376 (21)
2001 5303 2160 5376 Editi,
2210 5305 2526 5376 crederetur.
2557 5301 2697 5376 Ased
2731 5302 2848 5376 jam
2896 5300 3166 5376 videamus
3199 5318 3327 5376 quae

1761 5387 1902 5436 sunt,
1927 5371 2028 5428 etc.
2065 5371 2287 5434 Deinde,
2319 5371 2622 5442 Propltelia,
2644 5372 2834 5440 inquit,
2856 5371 3322 5442 estquiittisterium,

1762 5456 1869 5497 etc.
1903 5445 1964 5497 Et
1999 5442 2156 5510 paulo
2183 5451 2302 5509 pust
2331 5458 2430 5494 lllS.
2464 5441 2660 5508 Regius
2689 5457 2834 5492 Itlllll.
2872 5440 3045 5510 ’1659)
3083 5441 3172 5493 sed
3220 5442 3321 5492 tri-

1761 5515 1936 5575 buere,
1969 5507 2064 5562 hoc
2087 5507 2481 5576 est,7pra’stare,
2504 5507 2820 5577 et’prwesse,
2852 5521 2959 5564 etc.
3009 5507 3111 5564 Sed
3141 5511 3323 5564 caeteri

1760 5599 1887 5636 tnss.
1921 5594 1976 5635 ut
2006 5583 2056 5632 in
2089 5590 2270 5632 nostro
2305 5591 2472 5632 textu.

1829 5653 1942 5722 (Ξὲ)
1988 5650 2154 5722 Editi,
2191 5651 2280 5700 dat
2324 5665 2419 5722 pro
2462 5653 2676 5722 dantur.
2710 5649 2918 5722 Deinde
2963 5663 3065 5705 mS.
3115 5649 3320 5722 Regius

1759 5719 1900 5775 nutu.
1939 5719 2096 5781 1659,
2126 5735 2226 5771 non
2266 5721 2362 5770 erit
2402 5721 2454 5771 in
2488 5719 2638 5783 culpa
2675 5720 2720 5772 si
2745 5722 2949 5788 quidem
2975 5736 3075 5773 non
3095 5720 3318 5788 propino

1757 5801 1892 5848 tet...
1922 5793 2012 5861 qui
2057 5789 2513 5861 horumomnium
2551 5786 2777 5861 gratiam
2828 5805 2928 5841 non
2965 5786 3167 5854 accipit.
3203 5786 3319 5844 Sed

1756 5856 1944 5916 exteri
1974 5873 2128 5928 mss.,
2169 5856 2420 5913 [tabanus
2446 5869 2498 5917 et
2524 5860 2652 5915 editi
2685 5869 2743 5915 ut
2776 5861 2829 5916 in
2858 5871 3040 5916 nostro
3067 5868 3234 5915 textu.
