3812 6600
432 430 570 486 1215

1865 434 2023 491 0Βίιί
2032 435 2185 491 ENIS

3544 439 3677 493 1216

431 562 557 625 gat;
595 552 720 622 quia
756 554 947 609 horum
976 555 1214 610 omnium
1242 555 1470 628 gratiam
1494 572 1599 612 non
1636 557 1861 625 ac’ccpit.
1888 555 1994 612 Sed
2024 567 2069 619 Α
2101 558 2269 626 gentia
2297 567 2380 612 est
2399 558 2514 613 bam
2537 574 2696 627 quam
2723 559 2882 615 docet
2907 559 3217 629 Apostolus,
3245 576 3355 614 non
3387 558 3537 613 illam
3558 574 3680 612 esse

430 649 496 699 ad
528 645 644 700 haec
690 647 932 701 dicemus
966 664 980 701 :
1027 646 1179 702 Sicut
1210 658 1293 703 est
1323 650 1455 704 tides
1497 664 1659 717 quam
1709 644 1998 704 docuimus

431 749 555 792 esse
586 736 636 790 in
670 738 843 802 nobis,
873 748 928 793 et
966 753 1153 794 rursus
1192 749 1276 793 est
1313 741 1445 794 ﬁdes
1471 755 1590 810 qua:
1621 756 1716 810 per
1765 742 1996 810 gratiam

435 827 610 888 datur,
642 828 784 883 sicut
810 844 967 895 supra
991 828 1226 886 diximus
1254 832 1510 900 scriptum
1550 848 1671 887 esse
1695 852 1707 886 :
1734 832 1838 885 Alii
1868 832 2000 900 ﬁdes

435 919 494 974 in
517 920 697 973 eodem
725 918 923 987 Spiritu
944 919 1030 977 “:
1066 923 1140 975 ita
1172 922 1331 975 etiam
1366 922 1417 975 in
1454 938 1778 992 unoquoque
1809 923 1999 976 horum

435 1027 558 1082 qua‘
589 1028 747 1081 supra
780 1013 1218 1068 enumeravimus
1248 1030 1277 1069 a
1314 1016 1421 1069 Deo
1472 1032 1567 1085 per
1593 1015 1824 1086 gratiam
1860 1014 2001 1078 dari,

438 1115 525 1158 est
557 1104 669 1174 (25)
703 1115 758 1160 et
792 1106 841 1159 in
876 1106 1031 1160 nobis
1069 1106 1293 1176 aliquid,
1345 1109 1409 1163 ad
1444 1109 1600 1177 cujus
1631 1108 2004 1176 unusquisque

438 1213 747 1252 mensuram
791 1198 872 1252 vel
908 1200 1169 1255 rationem
1211 1202 1441 1271 gratiam
1494 1211 1859 1271 promeretur.
1895 1199 2003 1255 Ne—

440 1305 546 1359 que
573 1291 715 1343 enitn
749 1290 817 1344 de
850 1289 964 1345 sola
1008 1293 1267 1359 sapientia
1301 1293 1670 1361 accipiendmn
1705 1293 1831 1346 illud
1862 1294 2004 1361 quod

438 1382 700 1452 scriptum
733 1391 837 1445 est,
875 1383 1000 1449 quia
1032 1384 1129 1436 etsi
1175 1386 1239 1436 sit
1271 1383 1384 1455 (9.4)
1421 1385 1612 1454 aliquis
1656 1384 1916 1452 perfectus
1949 1385 2006 1437 in

435 1472 565 1541 ﬁliis
593 1474 882 1539 hominum,
910 1476 957 1529 si
1009 1476 1138 1527 desit
1165 1476 1213 1528 ei
1260 1475 1515 1544 sapientia
1554 1493 1672 1547 qum
1707 1492 1771 1529 ea:
1810 1487 1858 1529 te
1909 1485 2004 1540 est,

439 1560 510 1613 ad
552 1563 776 1616 nihilum
839 1564 1163 1632 reputabitur
1204 1564 1271 1619 ⁸⁸.
1331 1564 1526 1618 Eodem
1575 1581 1806 1635 namque
1850 1567 2008 1620 modo

439 1666 727 1720 possumus
777 1656 959 1709 dit-ere
993 1673 1007 1708 :
1038 1655 1260 1711 Etiamsi
1301 1657 1372 1711 sit
1420 1657 1615 1725 aliquis
1655 1657 1922 1728 perlectus
1953 1660 2006 1713 in

441 1748 550 1800 ﬁde
578 1748 690 1819 (25)
723 1749 774 1802 in
807 1750 930 1803 ﬁliis
968 1751 1269 1815 hominum,
1302 1752 1345 1807 si
1376 1753 1517 1807 desit
1549 1754 1597 1808 ei
1632 1754 1766 1807 ﬁdes
1798 1768 1917 1822 quae
1941 1768 2009 1807 ex

443 1846 531 1892 tua
581 1840 754 1909 gratia
827 1850 932 1905 est,
996 1843 1048 1896 iu
1105 1845 1332 1898 nihilum
1385 1844 1739 1913 reputabitur.
1788 1844 1860 1897 Ita
1908 1845 2008 1897 etsi

2105 663 2199 716 per
2237 662 2397 715 quam
2447 648 2643 702 dicitur
2679 664 2693 701 :
2745 649 2874 703 Haec
2916 651 3041 704 dicit
3081 651 3384 715 Dominus;
3414 650 3505 703 illa
3534 656 3677 702 enim

2105 754 2279 806 usque
2309 739 2374 791 ad
2402 737 2667 792 Joannem
2692 741 2863 801 stetit,
2893 744 3189 795 secumlmn
3225 743 3377 810 quod
3428 740 3483 793 in
3512 740 3683 793 Evan-

2106 831 2246 900 gelio
2299 833 2558 898 scriptum
2613 833 2760 886 est"
2795 849 2808 883 :
2848 829 2957 886 Lex
3006 844 3054 886 et
3097 831 3390 901 Propheta:
3421 848 3581 901 usque
3617 833 3683 884 ad

2106 920 2366 974 Joannem
2397 920 2510 991 (50)
2538 936 2553 971 :
2592 922 2686 975 sed
2730 922 2877 975 illam
2907 920 3018 991 (5t)
3048 923 3114 975 de
3142 938 3247 990 qua
3282 922 3434 975 idem
3462 922 3685 988 Aposto-

2108 1012 2190 1065 lus
2218 1013 2290 1066 ait
2314 1012 2361 1045 ⁸⁸
2387 1032 2398 1066 :
2434 1012 2537 1077 Qui
2562 1015 2853 1082 prophetat,
2881 1016 3178 1070 hominibus
3207 1015 3461 1082 loquitur
3484 1013 3592 1082 (52)
3619 1015 3686 1064 ad

2109 1103 2534 1172 aediﬁcationem,
2567 1118 2614 1159 et
2660 1108 3099 1169 exhortationem,
3138 1117 3187 1160 et
3240 1103 3684 1159 consolationem.

2109 1195 2395 1265 Prophetia
2429 1212 2558 1266 ergo
2604 1197 2803 1251 dicitur
2829 1198 2966 1266 apud
3020 1197 3249 1250 Paulum
3288 1212 3423 1251 cum
3468 1197 3584 1264 quis
3610 1196 3688 1249 lo-

2111 1290 2296 1357 quitur
2342 1288 2652 1342 hominibus
2682 1291 2748 1342 ad
2777 1289 3216 1350 aediﬁcationem,
3255 1300 3313 1342 ct
3359 1304 3495 1342 cum
3526 1287 3691 1355 loqui-

2111 1392 2199 1435 tur
2251 1381 2318 1433 ad
2359 1379 2794 1435 exhortationem
2839 1392 2887 1434 et
2931 1380 3405 1438 consolationem;
3474 1389 3528 1431 et
3572 1379 3689 1432 ideo

2113 1473 2371 1527 adhibere
2410 1472 2648 1527 studium
2689 1473 2755 1527 ad
2806 1472 3180 1542 hujuscemodi
3229 1472 3411 1542 650
3466 1474 3690 1540 prophe-

2117 1567 2242 1621 tiam
2272 1565 2527 1634 possibile
2555 1566 2713 1620 nobis
2745 1576 2849 1630 est,
2879 1575 2935 1620 et
2967 1575 3053 1620 est
3092 1567 3144 1618 in
3196 1576 3388 1619 nostra
3426 1575 3692 1635 potestate
3774 1565 3775 1635 ἦ

2115 1668 2173 1711 ιιι
2208 1658 2362 1712 nobis
2397 1658 2447 1711 in
2479 1659 2593 1712 haec
2617 1673 2833 1727 operam
2879 1658 3150 1721 dantibus,
3180 1657 3225 1710 si
3270 1659 3577 1711 secundum
3611 1674 3691 1709 ra-

2118 1751 2317 1803 tionem
2345 1751 2427 1805 vel
2456 1766 2764 1805 mensuram
2795 1750 2915 1805 ﬁdei
2949 1752 3061 1804 haec
3087 1749 3339 1814 lat-imus,
3368 1746 3610 1802 addatur
3642 1758 3694 1801 ct

2116 1844 2203 1899 illa
2233 1860 2352 1913 quae
2382 1860 2446 1898 ex
2482 1844 2589 1899 Deo
2629 1854 2713 1898 cst
2744 1843 3023 1912 prophetia
3068 1840 3206 1914 (35).
3250 1842 3346 1895 Est
3384 1852 3572 1894 autent
3604 1856 3690 1893 se-

441 1928 714 1999 perl'ertus
751 1930 820 1984 sit
851 1932 971 2000 quis
1013 1933 1064 1986 in
1112 1935 1437 1997 ministerio,
1486 1935 1529 1987 si
1565 1935 1702 1989 desit
1749 1935 1798 1986 ei
1829 1950 1858 1985 a
1907 1934 2013 1987 Deo
2044 1919 2086 1974 Β
2114 1938 2345 1990 cundum
2386 1934 2699 2003 Apostolum
2748 1936 2912 1988 etiam
2961 1933 3064 1985 alia
3108 1934 3323 1999 species
3363 1933 3691 2000 prophetia,
3774 1919 3775 1993 ξ

446 2022 729 2076 ministerii
781 2024 976 2092 gratia,
1010 2024 1063 2079 in
1112 2025 1339 2079 nihilum
1384 2026 1722 2095 reputabitur
1753 2025 1886 2097 (26).
1935 2025 2011 2079 lta

442 2114 542 2167 etsi
574 2113 845 2184 perlectus
886 2117 957 2169 sit
989 2116 1042 2169 in
1093 2116 1340 2170 doctrina
1392 2117 1537 2187 quis,
1588 2127 1642 2170 et
1672 2116 1812 2170 desit
1845 2117 1894 2170 ei
1919 2116 2017 2171 do-

443 2207 632 2261 etrina:
658 2209 829 2276 gratia
867 2209 978 2279 (27)
1021 2223 1142 2278 qua:
1173 2224 1238 2263 ex
1268 2208 1377 2263 Deo
1422 2218 1524 2276 est,
1563 2209 1615 2262 in
1656 2209 1887 2262 nihilum
1927 2224 2013 2262 re-

446 2299 742 2368 putabitur.
788 2300 854 2354 Et
890 2300 963 2354 ita
1001 2301 1053 2354 in
1101 2301 1357 2355 omnibus
1406 2301 1492 2356 his
1538 2316 1659 2370 qure
1697 2309 2016 2353 enumerata

446 2398 595 2451 sunt,
644 2400 726 2444 est
759 2392 1005 2459 quaedam
1054 2391 1313 2461 perfectio
1360 2397 1500 2447 inter
1554 2392 1693 2446 ﬁlios
1736 2392 2016 2446 hominum

449 2494 612 2546 quam
648 2479 834 2535 labore
864 2490 916 2536 et
954 2482 1147 2537 studiis
1193 2483 1429 2553 propriis
1462 2493 1851 2553 assequuntur,
1905 2483 2020 2538 sive

452 2567 505 2621 in
534 2569 823 2638 sapientia,
849 2571 963 2625 sive
992 2571 1046 2625 in
1081 2572 1356 2638 doctrina,
1403 2572 1518 2627 sive
1544 2572 1598 2626 in
1633 2572 1755 2627 aliis
1783 2570 1972 2628 otIiciis
2002 2591 2016 2627 :

452 2674 572 2728 quae
605 2671 782 2716 tamen
814 2662 858 2716 si
907 2676 1012 2715 non
1044 2661 1278 2717 habeant
1316 2678 1346 2716 a
1396 2662 1510 2718 Deo
1557 2662 1787 2733 gratiam
1815 2664 2018 2729 datam,

452 2751 586 2805 nihil
642 2761 804 2806 erunt
833 2771 846 2807 :
875 2753 1000 2823 quia
1052 2754 1096 2807 si
1135 2754 1276 2808 desit
1320 2755 1399 2809 eis
1433 2754 1605 2822 gratia
1636 2754 1891 2824 Spiritus.
1922 2770 2023 2810 nec

452 2847 698 2899 membra
726 2860 846 2902 esse
886 2846 1091 2901 ChriSIi
1121 2847 1366 2917 corporis
1413 2846 1801 2918 possunt._Sed
1844 2848 1896 2901 in
1937 2848 2024 2902 his

454 2938 718 3005 quarritur
740 2939 783 2992 si
819 2948 996 3007 potest
1017 2954 1139 2996 esse
1184 2940 1361 3009 aliqua
1392 2939 1445 2992 in
1475 2940 1633 2995 nobis
1663 2939 1745 2993 vel
1778 2954 1843 2994 ex
1869 2940 2026 2994 nobis

452 3029 752 3099 prophetia:
779 3032 1006 3101 species,
1041 3047 1161 3100 quae
1193 3048 1298 3086 non
1342 3043 1510 3086 totum
1542 3033 1737 3086 habeat
1773 3047 1839 3088 ex
1892 3031 2022 3093 Deo,

456 3122 551 3176 sed
605 3121 1000 3191 aliquantulum
1050 3123 1210 3179 etiam
1260 3121 1373 3193 (28)
1416 3138 1483 3177 ex
1535 3122 1789 3176 humanis
1834 3121 2027 3177 studiis

456 3213 661 3281 capiat.
714 3212 828 3268 Hoc
875 3215 1093 3284 quidem
1143 3214 1282 3284 apud
1326 3223 1554 3270 caateros
1582 3213 1738 3267 valde
1772 3212 2027 3281 impossi-

455 3303 566 3359 bile
589 3305 893 3373 videbitur;
937 3308 1078 3377 apud
1117 3307 1338 3360 Paulum
1385 3315 1563 3360 tamen
1596 3306 1875 3361 evidenter
1899 3319 2025 3372 pro-

455 3392 618 3449 batur
650 3398 917 3452 dicentem
953 3397 1352 3452 :xEmulamini
1395 3406 1569 3450 autem
1609 3396 1748 3449 dona
1792 3394 2019 3463 majora,

458 3485 629 3554 ntagis
656 3490 831 3541 autem
863 3496 916 3539 ut
961 3488 1271 3555 prophetetis
1301 3487 1366 3540 “.
1391 3486 1449 3541 In
1492 3502 1598 3556 quo
1623 3487 1767 3542 sicut
1799 3486 2024 3541 aemula-

461 3583 551 3628 tur
578 3577 700 3647 quis
750 3579 1108 3634 ministerium
1138 3578 1271 3650 (29),
1304 3588 1358 3635 et
1388 3578 1711 3645 doctrinam,
1743 3588 1797 3633 et
1824 3579 2021 3632 exhor-

463 3666 743 3735 tationem,
762 3678 816 3723 et
841 3681 1060 3733 caetera,
1087 3684 1182 3739 per
1211 3672 1310 3724 hoc
1335 3671 1478 3737 quod
1503 3668 1725 3724 adhibet
1756 3684 1882 3738 erga
1914 3668 2027 3722 haec

464 3759 702 3812 studium
749 3775 813 3815 ac
853 3759 1121 3824 laborem,
1154 3762 1230 3816 ita
1259 3772 1314 3816 et
1353 3777 1480 3832 erga
1533 3763 1875 3831 prophetiam
1913 3744 2026 3814 ﬁeri

465 3849 662 3906 debere
701 3852 1279 3924 ostenditApostolus.
1330 3852 1481 3910 Unde
1510 3853 1790 3923 prophetia
1834 3851 2034 3907 intellio

537 3961 583 3994 ⁸⁵
604 3961 619 4017 Ι
644 3963 768 4035 Cor.
793 3979 892 4029 xu,
927 3964 983 4019 9.
1060 3965 1105 3999 "
1139 3965 1267 4035 Sap.
1292 3981 1367 4029 ιι,
1396 3964 1450 4019 6.
1526 3966 1570 3997 ⁸⁸
1600 3966 1617 4020 1
1642 3964 1768 4021 Cor.
1800 3980 1896 4025 xu,
1920 3966 2023 4035 5|;

2140 3981 2170 4033 π,
2203 3966 2254 4021 1.

467 4047 501 4088 :1
527 4048 579 4094 ν.
637 4032 725 4098 24,
759 4035 850 4088 25.
959 4035 1007 4067 ⁵⁰
1037 4034 1053 4089 1
1088 4032 1303 4100 ϐοιζιι,
1341 4035 1428 4090 10.
1504 4036 1547 4079 ⁸1
1578 4036 1738 4089 Hebr.
1770 4050 1843 4101 tv,
1878 4034 1965 4088 12.

541 4124 651 4192 (‘25)
687 4125 776 4178 Sic
799 4141 900 4180 ms.
940 4125 1138 4194 Regius
1165 4143 1312 4179 num.
1357 4126 1513 4181 1659.
1552 4126 1803 4180 Rabaaus
1833 4136 1888 4179 et
1913 4125 2029 4179 edi-

472 4194 535 4254 ti,
562 4195 650 4265 qui
695 4195 824 4249 editi
870 4195 1207 4249 solummodo
1239 4212 1520 4265 perperam
1563 4198 1762 4250 habent
1807 4196 1904 4248 erit
1935 4208 2033 4261 pro

471 4272 568 4315 est.
601 4262 725 4318 Mss.
762 4279 892 4318 vero
913 4266 1017 4317 duo
1045 4265 1193 4332 Regii
1225 4262 1446 4324 habent.
1477 4277 1550 4319 est
1580 4276 1628 4320 et
1665 4267 1718 4317 in
1752 4266 1896 4317 nobis
1927 4266 2031 4317 ali-

472 4332 597 4405 quid
643 4335 711 4385 ad
745 4334 895 4402 cujus
937 4337 1180 4405 meritum
1224 4337 1576 4405 unusquisque
1611 4350 1909 4388 mensuram
1952 4334 2032 4389 vel

475 4403 729 4474 rationem
755 4405 939 4474 gratia:
965 4403 1079 4471 (aL,
1108 4406 1356 4474 gratiam)
1384 4403 1723 4469 promeretur.

549 4471 658 4539 (24)
690 4469 854 4533 Edili,
884 4469 1005 4540 quia
1033 4476 1076 4527 si
1103 4469 1191 4531 sit.
1221 4469 1556 4531 etc.'Deinde
1591 4474 1750 4530 iidem
1794 4472 1948 4537 editi,
1981 4481 2036 4528 et

478 4557 614 4612 mss.
643 4541 762 4612 duo_
782 4540 880 4612 bis,
907 4559 1024 4609 quae
1053 4559 1117 4597 ex
1145 4543 1249 4596 Deo
1270 4557 1368 4598 est.
1399 4546 1503 4599 Sed
1537 4562 1637 4599 ms.
1669 4543 1863 4612 Regius
1885 4559 2033 4596 num.

480 4608 621 4664 1659
651 4619 705 4664 et
734 4608 1003 4690 Rabanus,
1032 4630 1148 4683 quae
1175 4630 1241 4668 ea:
1276 4625 1324 4667 te
1359 4624 1456 4679 est,
1485 4616 1624 4669 sicut
1644 4623 1699 4668 et
1730 4608 1891 4678 inira,
1925 4630 2041 4683 qua:

480 4696 547 4735 ex
578 4693 669 4731 tua
700 4688 873 4736 aratia
899 4692 994 4736 est.

552 4750 664 4823 (25)
691 4749 904 4823 ln_ﬁde.
946 4752 1068 4807 litec
1100 4752 1205 4823 duo
1248 4754 1410 4807 verba
1441 4755 1820 4823 desiderantur
1858 4751 1909 4823 in
1938 4751 2047 4804 edi-

478 4818 570 4875 tis:
609 4820 704 4873 Ms.
739 4818 938 4890 Regius
962 4838 1112 4877 num.
1150 4822 1305 4882 1659.
1333 4824 1389 4875 in
1416 4823 1518 4889 (ide
1545 4834 1592 4876 et
1645 4825 1702 4877 in
1728 4822 1853 4890 ﬁliis
1881 4822 2048 4874 homi-

481 4907 642 4951 num;
672 4892 763 4943 sed
796 4893 977 4945 caeteri
1016 4908 1144 4947 mss.
1175 4905 1229 4945 et
1260 4893 1518 4946 Rabanus
1549 4904 1605 4946 ut
1640 4895 1691 4948 iu
1736 4901 1904 4945 textu.

552 4959 859 5032 (26)Jta‘et
896 4963 940 5014 si
985 4962 1244 5031 perfectus
1291 4963 1356 5015 sit
1403 4962 1516 5032 quis
1567 4963 1620 5015 in
1658 4959 2049 5032 ministerio,si

482 5032 610 5082 desit
629 5032 681 5100 ei
713 5047 745 5083 a
773 5029 881 5084 Deo
914 5028 1187 5084 ministerii
1212 5028 1491 5100 gratia,'in
1520 5032 1738 5084 nihilum
1780 5028 2050 5098 reputabi-

482 5110 587 5151 tur.
627 5099 748 5154 llzec
779 5115 879 5155 nec
911 5101 962 5155 in
994 5102 1173 5167 editis,
1216 5099 1330 5156 inec
1359 5103 1497 5173 apud
1528 5102 1808 5157 R..bauum
1836 5113 2054 5170 compa-

485 5179 624 5221 I‘Clll.

556 5232 671 5311 (⁸17)
706 5238 868 5311 Ιξάίιί,
906 5240 1145 5311 doctrina
1172 5241 1377 5311 gratim.
1417 5241 1574 5295 male.

561 5309 672 5375 (28)
708 5308 908 5362 Etiam.
943 5308 1385 5364 Praetertnittitur
1418 5312 1469 5364 in
1497 5313 1674 5365 editis.

564 5378 674 5447 (‘29)
721 5378 903 5442 Edili,
966 5379 1019 5433 in
1059 5397 1160 5450 quo
1227 5383 1343 5451 quis
1388 5382 1671 5435 wmulatur
1708 5381 1762 5433 in
1814 5380 2054 5434 ministe-

492 5448 652 5512 rium,
677 5457 783 5502 etc.

566 5519 680 5590 (50)
713 5516 884 5590 Stetit,
912 5520 1196 5573 secundum
1225 5521 1362 5587 quod
1391 5522 1443 5573 in
1478 5520 1759 5590 Evangelia
1803 5521 2056 5588 scriptum

493 5586 581 5645 est
599 5604 618 5658 ξ
639 5586 746 5639 Lex
770 5600 815 5639 et
844 5586 1117 5653 Propheta:
1140 5586 1299 5658 usque
1325 5595 1392 5643 ad
1415 5586 1693 5646 Joannem.
1723 5590 1847 5644 Hau:
1871 5586 1921 5646 in
1946 5592 2059 5644 edi-

496 5661 567 5711 tis
599 5656 797 5711 l‘rustra
843 5658 1108 5726 requiras,
1150 5656 1242 5714 sed
1289 5663 1648 5715 restituuntur
1692 5676 1759 5715 ex
1806 5661 2058 5717 omnibus

496 5742 628 5783 mss.
662 5738 716 5780 et
741 5726 981 5781 Rabano.

571 5797 682 5869 (5|)
718 5796 887 5869 Editi,
921 5798 1011 5869 sed
1051 5796 1219 5867 illam,
1257 5808 1366 5858 etc.
1414 5800 1617 5859 Omnes
1670 5815 1800 5859 vero
1845 5814 1979 5858 mss.
2005 5807 2058 5857 et

420 5927 449 5947 Δ
499 5868 775 5930 Rabanus.
798 5868 888 5921 sed
910 5868 1024 5937 illa,
1056 5877 1162 5926 etc.

2114 2026 2180 2079 de
2210 2040 2313 2094 qua
2350 2024 2482 2078 dicit
2507 2024 2551 2056 δ’
2586 2041 2599 2076 :
2635 2025 2696 2079 Si
2747 2040 2867 2078 vero
2922 2023 3256 2091 prophetetis,
3324 2023 3493 2074 intret
3524 2035 3693 2075 autem

2111 2114 2228 2184 quis
2261 2112 2510 2180 inﬁdelis,
2536 2112 2610 2165 vel
2639 2113 2827 2175 idiota,
2857 2112 3108 2181 arguitur
3134 2112 3198 2162 ab
3246 2111 3694 2178 omnibus,jadi-
3774 2111 3775 2157 ξ

2114 2216 2266 2258 catur
2298 2206 2361 2258 ab
2385 2207 2644 2268 omnibus,
2669 2205 2872 2258 occulta
2913 2219 3113 2272 quoque
3144 2204 3320 2256 cordis
3361 2202 3487 2272 ejus
3528 2204 3695 2255 maui-

2115 2298 2252 2367 festa
2281 2298 2414 2368 ﬁunt
2451 2298 2585 2369 (54),
2611 2311 2659 2351 et
2687 2310 2811 2352 tunc
2838 2300 3027 2353 cadens
3064 2302 3117 2352 ir:
3158 2299 3349 2365 facient
3380 2297 3698 2366 pronuntio-

2117 2392 2188 2445 bit
2232 2393 2357 2460 quia
2398 2407 2511 2445 vere
2552 2388 2692 2444 Deus
2740 2391 2792 2443 in
2843 2390 2985 2445 vobis
3032 2399 3107 2444 est
3155 2388 3293 2460 (55).
3346 2388 3511 2444 Sicut
3556 2389 3694 2442 enim

2118 2480 2350 2548 Spiritus
2380 2482 2472 2534 Dei
2518 2481 2694 2535 omnia
2738 2490 3006 2535 scrutatur
3026 2480 3097 2545 '°,
3127 2480 3199 2533 ita
3247 2489 3304 2534 et
3348 2476 3697 2533 verbumDei

2117 2573 2300 2627 omnia
2349 2573 2511 2625 etiam
2568 2587 2688 2641 quae
2720 2572 2771 2624 in
2819 2570 3030 2626 occulto
3084 2579 3211 2625 sunt
3266 2577 3697 2639 perscrutatur:

2120 2665 2353 2718 maxime
2382 2680 2503 2718 cum
2540 2664 2750 2717 verbum
2788 2664 2965 2717 vivens
2992 2663 3084 2728 sit,
3118 2672 3165 2716 et
3200 2662 3410 2731 efﬁcax,
3461 2671 3513 2713 et
3547 2673 3697 2723 pene-

2120 2754 2359 2808 trabilius
2380 2753 2521 2807 omni
2543 2752 2720 2823 gladio
2748 2754 2991 2823 utrinque
3016 2764 3194 2814 acuto,
3220 2762 3515 2821 penetrans
3541 2764 3699 2817 usqu

2121 2847 2188 2899 ad
2221 2846 2528 2899 diuisionem
2561 2846 2756 2898 animo:
2789 2856 2835 2898 et
2871 2845 3108 2914 spiritus,
3149 2858 3469 2911 compogum
3499 2856 3700 2909 quoque

2123 2955 2184 2992 ac
2214 2936 2565 2991 medullarum
2596 2935 2668 2989 ⁸³.
2697 2935 2908 2990 Etenim
2946 2950 3069 2990 cum
3102 2933 3326 2988 moralis
3352 2933 3407 2985 in
3461 2931 3701 2986 Ecclesia

2124 3044 2302 3084 sermo
2327 3038 2589 3083 tractatur
2620 3027 2754 3099 (56),
2787 3039 2912 3081 tunc
2951 3025 3381 3094 uniuscujusque
3433 3024 3587 3078 intra
3625 3038 3703 3077 εε-
3774 3024 3775 3085 1

2126 3123 2413 3189 metipsum
2468 3118 2802 3175 conscientia
2866 3117 3193 3180 stimulatur,
3251 3113 3701 3185 recognoscentis

2127 3229 2191 3268 ex
2234 3214 2317 3269 bis
2352 3229 2470 3283 quae
2513 3214 2767 3269 dicuntur
2809 3213 3024 3281 propria
3052 3220 3294 3278 peccata,
3325 3218 3381 3262 et
3408 3208 3701 3263 recordan-

2132 3308 2200 3362 tis
2228 3308 2274 3361 si
2329 3322 2433 3377 qua
2480 3306 2620 3361 forte
2661 3309 2712 3359 in
2768 3304 2981 3359 occulto
3012 3303 3373 3359 commiserit.
3426 3302 3701 3356 Interdum

2130 3406 2309 3453 autem
2345 3407 2399 3452 et
2441 3398 2726 3453 mstimatio
2755 3399 2867 3467 ipsa
2898 3395 3265 3465 prudentium,
3304 3393 3392 3449 vel
3431 3410 3508 3447 ex
3540 3392 3700 3454 vultu,
3774 3392 3775 3467 ξ

2132 3487 2213 3542 vel
2262 3503 2328 3543 ex
2362 3488 2621 3553 moribus,
2672 3487 2754 3542 vel
2807 3502 2873 3542 ex
2912 3493 3059 3540 metu
3104 3482 3549 3555 uniuscujusque
3581 3498 3702 3539 eoo-

2132 3580 2415 3633 scieutiam
2451 3577 2562 3650 (57)
2592 3577 2959 3648 colligentium
2979 3616 2995 3643 ,
3030 3575 3328 3646 prophetia:
3357 3576 3608 3645 speciem
3636 3586 3704 3629 te-
3774 3580 3775 3645 (

2135 3680 2244 3726 net.
2276 3670 2401 3725 Haec
2432 3671 2585 3727 nobis
2613 3671 2680 3724 de
2705 3670 3000 3740 prophetize
3031 3667 3203 3739 gratia
3237 3667 3383 3722 dicta
3413 3669 3557 3722 sint.
3592 3667 3702 3723 Post
3774 3658 3775 3665 “

2136 3762 2250 3816 haec
2299 3764 2597 3831 sequitur:
2644 3761 2762 3816 Sive
2818 3760 3162 3814 ministerium
3225 3760 3281 3813 in
3326 3760 3701 3813 ministrando.
3774 3820 3775 3823 η

2139 3850 2434 3907 Possumus
2473 3853 2587 3907 haec
2629 3852 2813 3906 omnia
2847 3852 2913 3906 ad
2968 3852 3111 3906 illam
3154 3850 3401 3921 regulam
3448 3861 3707 3905 revocare

2360 3965 2403 3997 ‘7
2432 3965 2566 4021 Luc.
2594 3980 2707 4029 ιιι,
2744 3963 2832 4020 16.
2905 3963 3142 4020 δειροτ.
3172 3979 3285 4031 xiv,
3335 3964 3393 4019 5.
3472 3961 3702 4019 “lCor.
3774 3964 3775 3997 7

2212 4122 2325 4194 (Ὦ)
2364 4122 2528 4188 Edili,
2571 4121 2809 4194 omnibus
2844 4122 3093 4194 l_0quitur,
3142 4131 3248 4175 etc.
3286 4121 3502 4194 Deinde
3537 4137 3555 4173 :

2137 4191 2312 4262 phetia
2332 4205 2529 4256 autem,
2559 4203 2665 4245 etc.
2708 4191 2806 4245 Ms.
2851 4191 3048 4260 Regius
3093 4207 3250 4262 num.
3283 4192 3449 4254 1659.
3480 4192 3704 4262 homini-

2139 4259 2233 4316 bus
2266 4264 2502 4331 loquitur
2534 4259 2963 4331 aediﬁcationem,
2996 4272 3042 4313 et
3074 4260 3519 4331 consolationem.
3582 4259 3697 4331 Pro.

2135 4330 2480 4402 phetiaergo,
2511 4342 2617 4387 etc.
2644 4330 2770 4387 Sed
2816 4333 2997 4388 caeteri
3030 4346 3159 4385 mss.
3189 4342 3242 4385 et
3275 4330 3544 4385 Rabauus
3577 4339 3634 4383 ιιι
3656 4330 3703 4383 in
3774 4388 3775 4393 η

2138 4412 2307 4456 textu.

2208 4471 2325 4542 (55)
2355 4470 2447 4526 Sic
2479 4487 2582 4527 ms.
2616 4469 2819 4539 Regius
2853 4485 2999 4525 num.
3029 4467 3165 4524 1659
3196 4469 3573 4542 etRahanus.
3595 4467 3706 4522 Edi-

2069 4568 2115 4628 υ
2143 4542 2181 4595 ti
2217 4538 2448 4628 vero...“
2488 4544 2541 4594 in
2569 4538 2747 4628 nostra
2781 4550 3053 4628 potestate,
3092 4549 3147 4628 ut
3180 4541 3330 4593 nobis
3355 4541 3412 4592 in
3444 4538 3705 4628 θέρευς

2144 4613 2458 4665 sudantibus
2483 4613 2767 4665 secundum
2784 4610 3048 4663 rationem
3080 4618 3129 4661 et
3160 4625 3465 4663 mensuram
3493 4610 3639 4678 ﬁdei.
3662 4610 3702 4658 si

2145 4684 2258 4733 lta'c
2281 4682 2525 4749 facimus,
2557 4679 2717 4733 addat
2748 4691 2796 4733 et
2830 4681 2976 4732 illam
2999 4696 3115 4747 quia
3147 4694 3212 4730 ea:
3239 4678 3351 4731 Deo
3380 4690 3467 4749 est
3500 4678 3707 4745 propiu-

2147 4751 2296 4803 tiam.
2332 4753 2444 4803 Duo
2474 4767 2604 4805 mss.
2639 4751 2792 4818 Regii
2820 4750 3026 4813 itidem,
3057 4757 3112 4800 ut
3147 4751 3296 4802 nobis
3344 4751 3402 4802 in
3441 4748 3540 4801 Dei
3574 4760 3706 4814 apere

2146 4822 2494 4885 sudantibus;
2525 4822 2618 4875 sed
2651 4830 2843 4873 caetera
2885 4828 2943 4871 ut
2972 4819 3024 4871 in
3057 4829 3233 4870 textu.

2220 4890 2331 4959 (5t)
2367 4884 2621 4946 Sietnss.
2668 4892 2910 4958 plerique
2939 4902 2993 4959 et
3027 4891 3176 4941 editi.
3233 4888 3393 4959 Mss.‘
3422 4884 3706 4959 vero_qui-

2151 4956 2540 5082 dtrltmfocculta
2590 4956 2805 5031 quisque
2846 4958 3018 5010 cordis
3059 4958 3173 5024 ejus
3217 4956 3509 5026 manifesta
3546 4957 3707 5027 ﬁunt;

2151 5044 2180 5082 e
2222 5040 2300 5082 ιιι.
2330 5041 2470 5082 sunt.

2149 5040 2300 5090 etilli.
2330 5041 2470 5083 sunt.

2224 5099 2335 5169 (55)
2368 5100 2528 5164 Edili,
2559 5101 2614 5153 in
2645 5098 2792 5152 nobis
2814 5111 2910 5155 est.
3332 5167 3342 5169 _
3372 5166 3460 5169 μ,
3542 5162 3572 5169 _
3694 5158 3705 5169 .

2225 5162 2336 5240 (56)
2388 5170 2478 5223 Sic
2515 5162 2684 5241 recte
2733 5185 2833 5241 tus.
2874 5172 3071 5241 Regius
3122 5185 3273 5224 num.
3328 5166 3490 5241 1659.
3532 5162 3707 5241 caeteri

2154 5234 2282 5292 vero
2309 5234 2440 5295 mss.
2470 5247 2524 5294 et
2553 5239 2680 5293 editi
2710 5255 2724 5290 :
2759 5234 2979 5296 Etenim'
2994 5258 3108 5294 cum
3143 5254 3358 5292 oramus
3385 5239 3442 5289 in
3484 5234 3709 5291 ecclesia,

2154 5318 2206 5362 et
2250 5326 2419 5363 sermo
2459 5317 2742 5365 tractatur.
2789 5310 2986 5364 Deinde
3028 5312 3188 5373 editi,
3235 5321 3549 5376 perperam,
3600 5314 3711 5354 ιιησ

2156 5381 2579 5449 unusquisque...
2611 5382 2935 5447 stimulatur,
2971 5374 3369 5447 recognoscente
3409 5392 3479 5430 ea:
3504 5374 3585 5428 tm
3608 5385 3709 5449 in:

2156 5438 2404 5502 dicuiitur
2425 5438 2639 5519 propria
2665 5460 2898 5517 peccata,
2920 5438 3235 5504 'recordante
3262 5450 3306 5501 si
3336 5463 3468 5519 qua,
3494 5438 3709 5519 etc.

2156 5534 2340 5571 oinnes
2378 5514 2598 5572 mss.'ut
2638 5514 2689 5573 in
2737 5514 2919 5575 nostro
2965 5530 3146 5581 testu.
3188 5520 3288 5573 nisi
3324 5514 3469 5586 quod
3507 5514 3595 5586 alii
3626 5516 3710 5562 lia-

2158 5588 2342 5650 heant,
2383 5590 2428 5641 si
2458 5604 2610 5661 quin;
2648 5591 2816 5659 (alius,
2851 5591 2897 5644 si
2923 5592 3073 5661 quid,
3100 5599 3153 5643 et
3188 5584 3434 5658 plerique
3469 5584 3710 5639 emittant

2158 5670 2204 5710 et
2234 5670 2359 5711 ante
2384 5660 2729 5714 recordantis.

2228 5729 2343 5797 (57)
2378 5729 2784 5785 Conscientiam.
2821 5730 2980 5785 Deest
3012 5731 3066 5783 in
3091 5728 3249 5783 editis
3279 5735 3333 5781 et
3366 5726 3423 5779 in
3446 5723 3709 5797 plerisque

2161 5792 2431 5865 mss.,'sed
2459 5801 2759 5856 restituitur
2787 5817 2852 5857 ex
2883 5819 2983 5857 ms.
3022 5802 3188 5869 Regio
3217 5814 3366 5853 num.
3394 5792 3551 5851 I659.
