3796 6540
117 403 230 455 (ΞΠ

1037 404 1394 460 COMMENT.
1434 403 1498 458 IN
1536 401 1752 460 EPIST.
1794 404 1884 458 AD
1924 404 2090 461 ROM.
2131 405 2260 459 LIB.
2305 405 2393 462 l.\'.

3198 413 3335 468 19.18

113 535 212 588 quae
240 519 493 588 superius
528 520 670 574 dicta
721 529 842 584 est;
896 521 997 574 hoc
1026 533 1108 575 est
1142 538 1155 574 :
1191 520 1314 575 Non
1344 519 1461 588 plus
1488 539 1666 590 sapere
1697 525 1740 582 Α
1772 521 1997 577 fortasse
2019 537 2154 591 opus
2184 536 2325 586 esse,
2353 538 2455 576 non
2493 531 2669 576 tanien
2703 536 2755 577 ei
2780 527 2958 592 operis
2995 529 3163 598 ipsius
3194 549 3332 590 tinus

113 626 244 679 quam
269 620 477 676 oportet
507 625 729 674 sapere:
764 619 840 670 ut,
867 611 1015 664 verbi
1050 627 1232 672 causa,
1269 611 1510 664 dicamus
1557 627 1660 666 non

113 705 283 757 debere
312 719 440 756 eum
467 705 560 772 qui
611 705 912 768 ministrat,
949 705 1000 756 in
1033 704 1389 758 ministrando
1425 703 1542 769 plus
1575 719 1666 757 sa-

111 810 219 862 pere
243 809 405 862 quam
436 805 651 863 Oportet
679 811 868 864 sapere
896 813 908 848 :
934 807 986 848 et
1015 795 1104 862 qui
1132 795 1310 853 docet,
1340 795 1390 846 iii
1419 794 1662 846 doctrina

112 905 196 940 non
228 887 346 954 plus
377 903 576 955 sapere
617 903 780 956 quam
830 893 1044 953 oportet
1089 900 1283 953 sapere
1311 903 1324 937 :
1371 897 1421 936 et
1450 887 1536 951 qui
1565 901 1662 938 ex-

111 981 360 1039 hortatur,
388 979 442 1031 in
477 978 860 1032 exhortatione
889 993 990 1030 non
1023 977 1141 1041 plus
1163 990 1350 1044 sapere
1374 974 1483 1044 (58)
1503 991 1661 1044 quam

110 1080 300 1138 oportet
326 1085 543 1138 sapere.
583 1069 730 1123 Multi
769 1070 910 1124 enim
943 1079 1164 1136 accepto
1202 1069 1540 1132 ministerio,
1581 1067 1662 1120 vel

110 1171 307 1231 accepta
339 1163 591 1216 doctrina
629 1162 746 1229 plus
793 1172 1089 1227 sapueriint
1123 1175 1282 1229 quam
1313 1161 1548 1228 Oportiiit
1574 1176 1662 1214 sa-

108 1269 220 1324 pere
251 1254 366 1324 (59)
397 1272 412 1307 :
443 1264 499 1307 et
541 1255 668 1308 elati
717 1255 769 1308 in
803 1253 1189 1323 arrogantiam,
1223 1253 1305 1305 vel
1342 1253 1395 1305 in
1441 1252 1662 1306 delicias

107 1346 332 1409 resoluti,
381 1346 694 1415 praecipites
740 1355 1086 1399 corruerunt.
1126 1344 1228 1409 Qui
1272 1346 1578 1399 exhortatur
1608 1346 1663 1398 in

107 1439 435 1491 exhortando.
466 1437 782 1490 Exhortatio
813 1436 923 1506 (40)
975 1439 1183 1504 species
1211 1446 1295 1490 est
1323 1437 1576 1491 doctrinae
1607 1446 1662 1491 et

105 1529 253 1591 verbi,
284 1545 398 1598 quo
428 1529 643 1583 alllictie
665 1531 858 1582 anima:
898 1529 1298 1598 Scripturarum
1357 1530 1658 1583 divinarum

106 1625 381 1690 prudenter
407 1621 606 1690 aptatis
639 1631 693 1674 et
732 1623 784 1674 in
819 1638 982 1675 unum
1037 1621 1277 1676 collectis
1317 1621 1661 1674 sermonibus

107 1713 420 1766 relevantur.
468 1713 683 1767 Accidit
729 1712 873 1766 enim
925 1727 1064 1779 saepe
1108 1711 1302 1765 animai
1357 1711 1660 1766 tribulatio-

106 1820 213 1856 num
244 1803 532 1856 nimietate
556 1803 894 1870 desperatio;
949 1816 1045 1854 nec
1082 1800 1234 1854 facile
1268 1801 1546 1868 reparari,.
1568 1812 1660 1854 aut

105 1894 230 1947 reﬁci
261 1894 687 1962 qtiibuscunaue
720 1894 900 1946 verbis
951 1902 1146 1960 potest,
1195 1894 1444 1959 quamvis
1493 1894 1657 1960 polita
1693 1859 1734 1914 Β

103 1986 174 2037 illa
197 1987 303 2039 sint
330 1997 387 2038 et
424 1986 752 2052 plausibilia.
786 1983 842 2038 Si
878 2000 1004 2038 vero
1035 1999 1216 2038 sermo
1246 1984 1452 2037 habens
1489 1985 1660 2037 virtu-

102 2088 188 2130 tem
219 2077 410 2147 g-ratiie
437 2077 529 2130 Dei
564 2077 724 2129 fuerit
746 2078 1040 2137 adhibitus,
1073 2085 1200 2130 tunc
1232 2089 1330 2129 cor
1355 2075 1474 2144 ejus
1500 2093 1660 2144 pene-

104 2180 210 2229 trat.
255 2182 313 2223 et
359 2171 789 2224 consolationem
837 2169 1061 2237 praebet,
1116 2183 1179 2221 ac
1228 2183 1376 2234 spem
1443 2178 1659 2222 revocat

100 2260 461 2328 desperatione
505 2259 778 2321 submota,
843 2259 1138 2311 secundum
1185 2257 1315 2310 illud
1367 2258 1508 2324 quod
1563 2274 1659 2326 per

100 2352 398 2420 prophetam
425 2351 632 2404 dictum
669 2359 751 2404 est
797 2365 825 2402 a
879 2349 1105 2403 Domino
1131 2349 1242 2420 (41)
1278 2368 1290 2402 :
1325 2347 1656 2415 Sacerdotes,

99 2438 364 2507 loquimini
390 2441 446 2492 in
478 2441 635 2492 corde
671 2438 971 2492 Jerusalem
1007 2438 1073 2492 ⁸¹.

157 2529 188 2580 3
235 2530 341 2593 Qui
373 2528 557 2580 tribuit
583 2531 636 2580 iii
666 2529 1020 2590 simplicitate,
1054 2528 1142 2597 qui
1162 2541 1347 2595 prwest
1376 2530 1429 2581 in
1457 2530 1656 2582 sollici-

98 2623 281 2682 tudine,
308 2623 401 2691 qui
427 2622 702 2674 miseretur
735 2622 787 2673 in
835 2621 1103 2674 hilaritate
1138 2621 1198 2672 ⁸³.
1237 2622 1335 2686 Qui
1368 2621 1554 2674 tribuit
1605 2630 1658 2674 et

97 2721 301 2778 praestat
334 2712 728 2781 indigentibus,
766 2721 1000 2779 oportet,
1039 2713 1231 2782 inquit,
1269 2721 1326 2764 iit
1363 2713 1416 2764 in
1446 2712 1654 2780 simpli-

99 2808 248 2860 citate
283 2807 473 2861 cordis
502 2806 604 2859 hoc
649 2804 814 2858 faciat
857 2805 1000 2872 (42);
1036 2807 1137 2859 hoc
1167 2815 1271 2869 est,
1302 2820 1370 2858 ne
1414 2805 1658 2858 videatur

96 2899 298 2965 quidem
335 2898 656 2952 benefacere
688 2897 1067 2964 indigentibus,
1099 2897 1261 2950 corde
1293 2912 1422 2950 vero
1446 2896 1655 2949 Iaudem

97 2999 285 3055 quierat
319 2989 388 3041 ab
418 2989 748 3042 hominibus.
777 2985 889 3040 Non
913 2998 995 3040 est
1023 3002 1152 3055 ergo
1191 2986 1511 3052 simplicitas
1537 2987 1652 3056 (45)

102 3080 298 3132 sialiud
330 3079 419 3145 agi
449 3079 695 3131 videatur
729 3080 780 3132 in
813 3079 1082 3140 manibus,
1111 3088 1164 3130 et
1205 3078 1348 3129 aliud
1383 3087 1656 3144 quaeratur

1765 612 2010 668 allectus.
2038 613 2194 665 Aliud
2217 622 2298 665 est
2333 613 2475 665 enim
2509 614 2639 666 dare
2667 615 2945 686 indigenti,
2976 630 3029 672 et
3076 622 3216 676 aliud
3249 634 3335 678 est

1763 702 1954 758 affectu
1993 705 2379 760 misericordiae
2406 722 2525 760 cum
2555 707 2831 776 indigente
2865 713 3052 778 partiri
3085 732 3098 766 ς
3133 723 3183 768 et
3215 717 3334 770 ideo

1764 810 1870 848 non
1924 795 2037 848 vult
2088 797 2139 848 in
2192 797 2280 851 tali
2315 813 2478 867 opere
2525 814 2644 853 esse
2687 801 2978 855 tristitiam.
3041 804 3142 871 Qui
3190 808 3334 861 enini

1765 895 2036 952 prierogat
2069 884 2180 955 (47)
2215 888 2496 954 pecuniam
2551 903 2727 952 suam,
2774 891 2817 944 si
2865 893 3096 946 infidelis
3137 895 3229 961 sit,
3283 907 3339 950 et

1766 985 2106 1041 recepturqu
2152 991 2211 1028 se
2253 977 2536 1043 desperet,
2579 980 2892 1033 necessario
2945 991 3196 1049 tanquam
3245 987 3338 1053 qui

1763 1078 1880 1116 eam
1915 1066 2210 1134 perdiderit
2254 1069 2627 1121 contristatur.
2680 1071 2779 1136 Qui
2821 1087 2950 1125 vero
2995 1089 3114 1126 cuin
3148 1074 3250 1128 lidc
3284 1087 3339 1130 et

1762 1173 1856 1226 spe
1885 1157 1985 1212 hoc
2006 1159 2138 1227 agit,
2170 1159 2220 1210 in
2253 1159 2522 1213 hilaritate
2554 1172 2608 1214 et
2633 1161 2818 1216 Imtitia
2851 1165 2962 1233 agit
2992 1165 3124 1235 (48),
3158 1177 3338 1222 certus

1763 1250 1903 1316 quod
1940 1265 2104 1317 parva
2161 1251 2272 1302 hinc
2320 1266 2438 1319 qua:
2485 1268 2584 1319 pro
2631 1255 2884 1308 mandato
2925 1257 3014 1310 Dei
3057 1259 3334 1324 expendit,

1764 1342 2010 1412 ingentes
2059 1342 2158 1395 sibi
2199 1357 2328 1410 Opes
2376 1345 2680 1398 caelestium
2722 1347 3056 1414 divitiarum,
3111 1351 3336 1419 insuper

1763 1443 1938 1486 autem
1973 1445 2026 1486 et
2050 1444 2306 1487 aeternam
2338 1436 2623 1491 conferant
2652 1439 2838 1493 vitain.

1836 1524 1884 1576 4.
1933 1524 2180 1577 Charitas
2221 1526 2331 1578 sine
2373 1528 2708 1582 simulatione
2750 1529 2816 1581 ⁸⁸.
2874 1529 2980 1595 Ego
3024 1539 3150 1600 puto
3192 1533 3335 1600 quod

1759 1620 1938 1670 oinnis
1961 1619 2200 1672 charitas
2221 1637 2338 1686 qme
2358 1637 2461 1674 non
2481 1632 2562 1675 est
2583 1624 2878 1676 secundum
2905 1624 3090 1687 Deum,
3110 1626 3338 1680 simula-

1762 1718 1812 1760 ta
1837 1708 1927 1770 sit,
1956 1719 2010 1763 et
2032 1726 2158 1763 vera
2195 1728 2299 1764 non
2334 1713 2424 1766 sit.
2459 1712 2666 1765 Etenim
2704 1725 2920 1769 creator
2960 1717 3154 1770 anima:
3194 1719 3337 1772 Deus

1763 1799 1963 1855 idcirco
1983 1804 2030 1856 ei
2054 1819 2176 1857 cum
2204 1807 2414 1859 caeteris
2437 1806 2731 1860 virtutibus
2750 1807 2910 1859 etiam
2931 1806 3182 1862 affectum
3205 1811 3334 1862 cha-

1765 1892 1926 1963 651
1978 1895 2154 1948 ritatis
2199 1897 2448 1962 inseruit,
2501 1908 2557 1951 ut
2582 1898 2766 1970 diligat
2801 1899 2964 1953 Deum
2987 1941 3004 1966 ,
3035 1911 3088 1954 ct
3120 1916 3182 1954 ea
3216 1917 3337 1969 qua:

1765 1985 1879 2036 vult
1927 1984 2085 2038 Deus.
2121 1987 2253 2041 Cum
2293 2003 2418 2056 ergo
2454 2006 2587 2057 Opus
2620 1992 2721 2044 hoc
2757 1991 2808 2043 in
2840 1993 3077 2045 animam
3121 1993 3338 2048 dederit

1765 2075 2090 2140 charitatis,
2125 2078 2435 2148 quicunque
2480 2081 2627 2136 aliud
2679 2083 2877 2150 aliquid
2923 2083 3031 2152 (49)
3083 2083 3338 2138 dilexerit

1764 2177 1924 2230 quam
1967 2167 2153 2228 Dcuni,
2181 2177 2234 2220 et
2263 2185 2381 2237 quae
2409 2170 2516 2223 Deo
2551 2171 2764 2239 placent
2789 2208 2804 2232 .
2839 2172 3078 2227 charitas
3107 2173 3157 2227 in
3183 2189 3248 2228 eo
3273 2176 3336 2226 li-

1765 2264 1848 2305 cta
1873 2265 1928 2307 ct
1953 2257 2204 2310 simulata
2228 2259 2448 2312 dicenda
2475 2271 2576 2314 est.
2606 2260 2708 2314 Sed
2737 2272 2792 2316 et
2819 2263 2863 2316 si
2887 2265 3006 2331 quis
3028 2265 3334 2332 proximum

1765 2360 1920 2397 suum
1953 2346 2156 2415 diligat,
2188 2359 2240 2401 et
2267 2366 2387 2402 cuin
2406 2364 2678 2404 errantem
2701 2369 2823 2406 eum
2842 2355 3162 2408 videritnon
3188 2370 3336 2410 com-

1765 2445 2001 2500 moneat,
2023 2452 2129 2491 non
2155 2439 2414 2508 corrigat,
2442 2442 2690 2495 simulata
2716 2443 2954 2498 Charitas
2980 2445 3078 2499 ista
3108 2445 3337 2500 dicenda

1763 2534 1865 2578 est.
1905 2525 1971 2580 Et
2006 2525 2127 2579 ideo
2159 2529 2290 2582 nihil
2351 2530 2550 2586 habere
2589 2535 2972 2601 adulatorium,
3025 2538 3158 2592 nihil
3185 2537 3338 2593 fuca-

1766 2622 1874 2667 tuiii
1909 2616 2149 2671 charitas
2191 2619 2370 2684 debet,
2404 2620 2545 2673 sicut
2587 2629 2640 2676 et
2685 2623 2811 2677 alibi
2859 2625 2996 2678 idi-m
3044 2626 3337 2696 Apostolus

1763 2705 1887 2757 dicit
1919 2723 1932 2758 :
1958 2705 2201 2760 Charitas
2226 2711 2288 2761 de
2311 2713 2466 2764 corde
2499 2727 2653 2778 puro,
2680 2724 2728 2766 et
2755 2718 3073 2770 conscientia
3109 2719 3266 2782 bona,
3284 2729 3336 2773 et

1761 2797 1866 2864 ﬁde
1889 2815 1990 2852 non
2017 2800 2142 2867 [icta
2175 2801 2264 2854 "2

1832 2890 1883 2943 5.
1916 2889 2162 2946 0dientes
2207 2892 2404 2948 ntalum
2430 2934 2446 2958 ,
2492 2896 2818 2952 adhazrentes
2856 2898 2989 2952 bona
3031 2900 3100 2954 “.
3135 2899 3333 2957 Mirum

1761 2979 1989 3036 fortasse
2021 2982 2111 3046 sit,
2145 2983 2286 3051 quod
2323 2984 2462 3036 inter
2487 2995 2680 3038 caetera
2716 2988 2855 3041 bona
2889 2988 3143 3042 virtutum
3171 3005 3329 3044 assu-

1762 3073 1928 3124 mitur
1974 3073 2136 3126 etiam
2181 3073 2397 3138 odium,
2444 3084 2498 3128 et
2545 3084 2801 3146 tanquam
2851 3079 3220 3134 necessarium
3263 3082 3335 3138 ab

95 3169 140 3220 in
163 3173 352 3224 corde.
391 3169 492 3236 Qui
526 3185 652 3223 vero
689 3178 877 3236 przeesl
906 3167 1189 3232 fratribus,
1221 3169 1303 3222 vel
1337 3170 1426 3236 qui
1462 3178 1655 3236 przeest
1684 3208 1726 3266 ο
1761 3163 2018 3232 Apostolo
2050 3163 2160 3234 (50)
2189 3167 2424 3231 ponitur.
2462 3166 2611 3220 Unde
2641 3179 2846 3221 certum
2874 3179 2957 3223 est
2997 3171 3177 3226 inesse
3210 3173 3332 3225 ani-

92 3261 355 3327 Icclesia’,
396 3264 448 3315 in
490 3261 850 3316 sollicitudine
881 3274 1000 3312 esse
1048 3259 1208 3313 debet
1239 3275 1342 3312 non
1395 3259 1657 3312 humana-

97 3369 198 3406 rum
227 3369 548 3417 causarum,
589 3367 685 3404 iiec
715 3351 1056 3404 sieoulariuin
1084 3365 1265 3403 rerum
1321 3351 1458 3421 (hiec
1511 3353 1654 3405 enim

91 3447 391 3500 sollicitudo
437 3445 613 3499 aliena
649 3447 809 3498 debet
858 3461 979 3500 esse
1014 3446 1082 3499 ab
1131 3445 1216 3498 his
1257 3445 1348 3513 qui
1403 3445 1657 3500 Ecclesiae

91 3539 338 3605 praisunt)
361 3552 376 3587 :
397 3535 492 3590 sed
528 3535 688 3587 talem
717 3533 1069 3602 recipiat(M)
1087 3533 1499 3585 sollicitudinem
1531 3547 1660 3600 qua-

90 3629 179 3682 lem
210 3627 512 3696 Apostolus
541 3628 673 3680 dicit
703 3643 714 3677 :
750 3625 1048 3679 Concursus
1091 3627 1142 3676 in
1173 3640 1253 3676 me
1293 3625 1653 3692 quotidianus,

89 3722 384 3773 sollicitudo
417 3720 650 3772 omnium
677 3719 1058 3771 Ecclesiarum.
1093 3715 1222 3780 Quis
1247 3716 1570 3782 infirmatur,
1606 3726 1654 3768 et

85 3829 166 3880 ego
197 3831 303 3867 non
353 3811 641 3877 inﬁrmor.’
692 3809 822 3874 Quis
866 3809 1287 3867 scandalizatur,
1329 3816 1376 3859 et
1429 3823 1520 3874 ego
1549 3823 1653 3860 non

85 3920 197 3954 uror
227 3905 274 3934 "
299 3904 324 3956 2
361 3902 470 3968 Qui
504 3916 634 3970 ergo
674 3911 871 3970 pricest
906 3899 1161 3953 Ecclesiis
1197 3898 1355 3952 talem
1389 3898 1652 3952 sollicitu—

84 3994 248 4046 dinciii
283 3994 497 4047 habere
527 3992 707 4052 debet,
741 4002 794 4045 et
825 3991 969 4044 illam
1006 3991 1165 4042 aliam
1195 3988 1510 4043 Stecularcm
1550 3988 1650 4041 ha-

84 4085 196 4140 bere
227 4087 462 4139 omnino
493 4100 600 4136 non
631 4084 808 4139 debet.
839 4082 943 4148 Qui
976 4083 1250 4135 miseretur
1276 4082 1331 4134 in
1363 4080 1651 4132 hilaritate.

85 4175 334 4233 Videatur
361 4176 482 4247 (45)
513 4175 758 4229 fortassis
788 4190 953 4227 unum
995 4183 1156 4242 atque
1198 4173 1337 4227 idem
1367 4186 1485 4225 esse
1513 4170 1655 4239 quod

82 4285 228 4338 Supra
262 4269 413 4323 dixit
441 4284 453 4318 :
484 4266 589 4331 Qui
621 4264 804 4318 tribuit
837 4265 889 4316 in
919 4263 1278 4330 simplicitate,
1306 4269 1358 4314 et
1389 4261 1526 4313 hoc:
1554 4259 1656 4324 Qui

82 4367 354 4420 miseretur.
378 4362 499 4431 (46)
536 4363 591 4414 in
613 4361 904 4412 hilaritate.
934 4358 1038 4412 Sed
1083 4357 1212 4409 mihi
1252 4355 1462 4408 videtur
1491 4367 1655 4406 unum

139 4479 181 4511 ⁸¹
213 4479 324 4534 lsa.
375 4477 528 4539 “,2.
603 4475 648 4506 ⁸⁸
675 4473 828 4529 Rom.
867 4489 962 4534 xii,
995 4471 1049 4526 8.

276 4572 461 4644 Alias,
483 4572 540 4622 in
566 4567 888 4622 exhortando
921 4583 1024 4620 non
1051 4566 1166 4634 plus
1191 4581 1393 4632 sapere,
1419 4577 1527 4617 etc.

135 4632 245 4711 (39)
288 4632 469 4705 Editi,
521 4653 840 4704 perperam,
877 4632 1272 4705 qiians’oportet
1312 4651 1513 4704 sapere.
1548 4632 1648 4686 Ms.

78 4728 221 4773 unus,
255 4727 433 4786 quam
471 4717 731 4786 oporteret
763 4723 964 4785 sapere.
995 4774 1025 4786 ﬂ
1057 4774 1070 4786 .

134 4785 244 4850 (40)
269 4775 631 4834 Exhortatio.
665 4777 822 4830 Deest
859 4775 1120 4850 iii-editis.

135 4841 245 4920 (41)
274 4852 382 4904 Ms.
420 4851 624 4920 Regius
659 4863 808 4900 num.
854 4845 1011 4920 {659,
1043 4845 1170 4920 dicit
1216 4842 1490 4896 Dominus.
1544 4841 1650 4896 Sed

78 4913 240 4974 ueteri
274 4939 445 4979 mss.,
483 4913 740 4970 Rabaiiiis
759 4926 812 4969 et
833 4917 960 4968 editi
995 4924 1051 4965 iit
1083 4915 1134 4964 iii
1164 4924 1334 4964 textu.

136 4995 245 5064 (42)
291 4991 472 5052 Editi,
510 4991 730 5053 oportet.
767 4985 953 5052 inquit,
988 4985 1044 5036 in
1085 4985 1418 5050 simplicitate
1474 4983 1649 5034 cordis

76 5059 167 5114 haec
191 5059 401 5114 facere.

448 5129 580 5203 duo,
612 5125 730 5203 Non
762 5133 836 5176 est
867 5139 986 5190 ergo
1009 5125 1143 5203 bona
1167 5121 1507 5203 simplicitas,
1535 5129 1644 5172 etc.

75 5199 166 5255 Sed
197 5190 342 5256 bona
374 5199 656 5253 amittitur
691 5196 743 5247 in
776 5205 930 5246 antea
973 5194 1152 5254 editis,
1199 5203 1249 5243 et
1281 5193 1330 5242 iii
1380 5190 1649 5257 plerisque

75 5287 189 5324 mss.
227 5283 284 5326 et
316 5270 470 5338 apud
515 5263 1080 5338 Rzibaniiiii.__Deinde_
1119 5277 1217 5315 ins.
1254 5261 1454 5330 Regius
1495 5275 1644 5311 nunt.

74 5339 194 5395 1659
222 5330 448 5394 omiitit
476 5344 663 5402 praeest
698 5333 969 5400 fratribus,
1007 5330 1100 5402 vel.

131 5411 238 5480 (44)
270 5411 455 5465 Recte
476 5397 584 5459 itis.
618 5397 1006 5480 Regius-limit.
1048 5401 1212 5480 4659,
1255 5399 1493 5467 recipiat;
1530 5397 1648 5450 Ca3-

74 5471 157 5532 teri
186 5471 350 5543 niss.,
389 5480 656 5530 “:lbﬂlllls
684 5485 737 5525 ct
765 5473 915 5534 editi,
954 5471 1229 5543 recipiant.

132 5551 240 5619 (45)
272 5537 382 5619 sit;
409 5564 517 5599 ins.
550 5543 748 5619 Regius
773 5540 1112 5619 i_ium:_i_l539.
1141 5537 1334 5592 Cietcri
1358 5551 1488 5590 vero
1517 5552 1645 5590 mss.

72 5632 114 5670 et
138 5611 292 5677 editi.
339 5618 595 5671 Videtur.
633 5611 830 5664 Deinde
855 5611 1009 5671 editi,
1037 5612 1266 5662 dixerat.

133 5691 238 5759 (46)
281 5691 391 5744 Ms.
429 5685 651 5759 (Regius
680 5697 826 5759 num.
866 5681 1106 5759 1659..“
1141 5679 1252 5759 hic,
1291 5677 1391 5743 Qui
1435 5677 1651 5759 misere:

72 5745 160 5821 lur‘.
190 5745 298 5816 eic.
335 5745 593 5818 Editifet
617 5753 735 5810 hoc,
765 5751 816 5800 id
842 5761 939 5817 est,
960 5750 1050 5820 qui
1081 5751 1374 5817 miseretur,
1406 5757 1508 5803 etc.
1539 5745 1645 5802 Sed

72 5833 233 5886 ueteri
263 5845 410 5886 mss.
450 5836 510 5879 ut
537 5825 594 5878 in
628 5829 796 5877 textu.

1125 4471 1172 4502 δι
1199 4469 1238 4523 ll
1263 4471 1388 4524 Cor.
1427 4486 1501 4533 XI,
1524 4469 1616 4531 28,
1645 4468 1733 4523 29.

1762 3269 1862 3308 inte
1890 3255 1998 3308 odii
2031 3253 2283 3308 all'ectum
2312 3273 2324 3308 :
2367 3265 2448 3310 est
2478 3259 2620 3310 enini
2664 3258 2934 3314 laudabile
2974 3261 3153 3314 odisse
3179 3262 3330 3324 vitia,

1759 3347 1944 3400 odisse
1979 3356 2220 3416 peccata.
2257 3343 2368 3400 Nisi
2412 3349 2557 3402 enim
2602 3350 2721 3418 quis
2767 3353 2894 3404 odio
2937 3351 3132 3405 habeat
3182 3353 3331 3416 vitia,

1760 3455 1868 3493 non
1907 3451 2084 3508 potest
2129 3457 2346 3506 amare,
2380 3457 2482 3496 nec
2511 3457 2842 3498 conservare
2886 3445 3140 3498 virtutes.
3171 3445 3334 3499 Verbi

1759 3533 1955 3600 gratia,
1984 3533 2026 3585 si
2063 3535 2184 3601 quis
2225 3534 2544 3602 pudicitiam
2577 3537 2848 3588 custodire
2878 3547 3178 3604 proponat,
3224 3553 3330 3590 non

1763 3631 1933 3691 potest
1967 3639 2085 3678 eam
2141 3634 2255 3678 tuto
2297 3641 2540 3687 servare,
2575 3625 2680 3678 nisi
2726 3627 2910 3680 odium
2958 3630 3234 3696 quoddam
3275 3637 3332 3682 et

1760 3716 2184 3768 exsecrationem
2234 3721 2524 3769 adversum
2551 3718 2942 3784 impudicitiam
2984 3729 3186 3773 sumat.
3219 3719 3329 3772 Dif-

1762 3804 1918 3858 ﬁcilis
1950 3806 2124 3868 enim,
2154 3817 2207 3860 et
2237 3807 2390 3860 valde
2438 3805 2668 3862 difﬁcilis
2711 3818 2793 3861 est
2835 3809 2924 3861 illa
2971 3811 3329 3876 continentia,

1761 3896 1847 3947 tibi
1877 3896 2214 3950 desideratur
2250 3897 2376 3950 illud
2406 3913 2434 3950 a
2463 3913 2570 3966 quo
2601 3898 2900 3952 abstinetur
2925 3939 2939 3964 ,
2970 3910 3023 3953 et
3059 3902 3331 3968 cupiditas

1759 3986 1923 4038 animi
1943 3988 2059 4040 solo
2088 3997 2229 4040 metu
2259 3988 2422 4041 futuri
2444 3988 2635 4057 judicii
2666 3989 2996 4044 refrenatur.
3021 3990 3331 4049 Periculosa

1763 4075 1905 4139 haec,
1942 4091 1997 4132 et
2032 4079 2188 4132 valde
2219 4080 2514 4147 periculosa
2547 4091 2709 4146 sunt,
2744 4083 2845 4136 nisi
2877 4084 3172 4136 secundum
3203 4099 3332 4137 cou-

1762 4169 1938 4222 silium
1964 4172 2204 4238 Apostoli
2239 4173 2482 4226 odientes
2508 4173 2669 4238 mala,
2691 4185 2744 4228 et
2777 4176 3040 4243 impacata
3066 4177 3331 4247 quodam-

1764 4262 1924 4314 inodo
1955 4262 2067 4334 (5!)
2099 4263 2381 4317 adversum
2415 4280 2478 4319 ea
2512 4267 2754 4319 odiorum
2803 4267 2941 4320 bella
2990 4279 3329 4340 peragentes,

1765 4353 1844 4407 sic
1887 4355 2258 4408 adharreainits
2303 4357 2461 4410 bono.
2518 4357 2925 4412 Observandum
2992 4361 3153 4414 etiam
3202 4361 3328 4425 hoc,

1809 4470 1857 4501 ⁸⁸
1889 4470 2151 4532 Roiiuii,
2183 4473 2232 4525 9.
2328 4472 2395 4503 ⁸⁵¹
2427 4472 2442 4525 1
2473 4473 2612 4526 Titii.
2651 4490 2689 4537 i,
2716 4489 2770 4528 ν.
2877 4474 2923 4505 ⁸⁸
2957 4474 3110 4529 Rom.
3148 4492 3242 4538 xii,
3275 4476 3329 4531 9.

1828 4566 1940 4635 (47)
1984 4569 2074 4620 Sic
2123 4585 2310 4623 omnes
2365 4585 2493 4622 iizss.
2556 4571 2750 4623 nostri.
2798 4568 3054 4625 Rabaiius
3105 4587 3232 4624 vero
3272 4581 3329 4627 et

1755 4637 1908 4697 editi,
1944 4649 2142 4703 erogat.

1829 4706 1940 4769 (48)
1978 4707 2100 4762 Mss.
2143 4709 2270 4768 duo,
2303 4710 2399 4761 hoc
2421 4710 2564 4775 agit;
2602 4718 2655 4762 et
2689 4718 2869 4776 postea
2893 4708 3046 4764 editi.
3078 4719 3245 4760 certus
3274 4720 3325 4763 et

1756 4777 1916 4844 quod,
1945 4787 2050 4828 etc.
2081 4778 2278 4830 Deinde
2319 4780 2475 4831 iidem
2521 4780 2648 4832 editi
2680 4791 2732 4831 et
2772 4794 2896 4830 inss.
2928 4779 3190 4846 plerique,
3235 4795 3329 4831 e1-

1754 4847 2340 4917 peudilindigettlibus,
2383 4850 2480 4900 sibi
2520 4866 2662 4916 opes.
2711 4859 2816 4901 etc.
2847 4849 2953 4900 Sed
2986 4864 3084 4900 ins.
3125 4846 3328 4917 Regius

1757 4931 1905 4967 num.
1941 4916 2078 4970 I659
2104 4927 2156 4969 et
2188 4918 2439 4971 Rahaiius
2465 4930 2522 4971 ut
2554 4921 2604 4971 in
2639 4929 2819 4968 nostro
2852 4925 3019 4970 testu.
3096 4964 3105 4973 .

1829 4984 1941 5052 (49)
1969 4987 2057 5040 Sic
2089 5001 2190 5040 ius.
2215 4987 2414 5055 Regius
2444 5004 2590 5039 iiuin.
2625 4987 2780 5040 1659.
2813 4987 3006 5040 Cie-teri
3031 5001 3162 5040 vero
3188 5002 3324 5042 mss.

1757 5064 1812 5107 ct
1845 5057 1996 5117 editi,
2033 5059 2126 5109 hoc
2155 5073 2280 5122 Opus
2317 5059 2492 5108 anima
2521 5059 2718 5109 dederit
2750 5057 2922 5122 (editi,
2950 5056 3114 5121 dedit)
3145 5057 3328 5110 chari-

1757 5127 1875 5183 tati,
1901 5130 2192 5194 quicunque
2223 5127 2370 5178 aliud
2393 5125 2612 5194 aliquid,
2630 5136 2730 5178 etc.
2760 5123 3038 5186 Rabauus,
3071 5127 3168 5179 hoc
3194 5143 3325 5194 opus

1756 5195 1810 5246 in
1857 5197 2035 5248 anima
2086 5197 2284 5248 dederit
2312 5236 2326 5257 ,
2371 5197 2629 5248 charitate
2658 5196 2954 5264 quicunque
2983 5196 3158 5258 aliud,
3191 5205 3327 5261 etc.,

1753 5267 1958 5387 paggso
1987 5267 2204 5334 aliquid,
2236 5266 2379 5334 quod
2408 5266 2566 5318 etiam
2589 5266 2793 5318 omittit
2817 5280 2916 5318 ms.
2945 5264 3148 5335 Regius
3171 5281 3324 5321 num.

1824 5404 1936 5473 (50)
1962 5404 2124 5466 Editi,
2147 5403 2340 5456 Mirum
2370 5403 2592 5472 fortasse
2613 5403 2876 5473 siquidem
2898 5404 3038 5458 inter
3065 5418 3326 5462 caetera...

1752 5475 2046 5527 necessario
2075 5476 2137 5524 ab
2169 5474 2444 5535 Apostolo,
2467 5483 2576 5526 etc.

1823 5544 1935 5618 (51)
1967 5543 2389 5618 Editi,_odientes
2420 5542 2636 5618 malum,
2661 5551 2710 5595 et
2734 5553 2971 5610 peccata,
2997 5554 3045 5598 et
3077 5551 3332 5618 quodam-

1753 5615 1906 5684 modo
1932 5651 1947 5676 ,
1981 5621 2086 5666 etc.
2120 5613 2398 5684 ‘Rabaiius
2425 5651 2439 5673 ,
2493 5614 2550 5684 in
2579 5626 2808 5684 peccata
2833 5653 2849 5674 .
2897 5630 2996 5684 pro
3039 5613 3326 5684 impacata.

1757 5683 1954 5735 Deinde
1987 5697 2088 5738 nis.
2119 5681 2317 5751 Regius
2351 5697 2504 5738 num.
2533 5682 2672 5738 1659
2703 5684 2853 5740 addit
2882 5681 2958 5740 sic
2997 5681 3122 5743 ante
3148 5689 3333 5740 adita:-

1757 5769 1842 5806 rea
1849 5768 1981 5806 ηιιη.
