3812 6556
475 437 616 494 1219

1924 437 2241 494 οιιιίῖεκιε

3587 443 3612 495 1
3623 442 3718 496 229

470 554 613 622 quod
637 554 776 609 sicut
807 553 859 607 in
888 550 1008 606 aliis
1033 552 1161 606 dicit
1188 571 1200 606 :
1225 550 1326 618 Qui
1363 551 1596 606 adliceret
1631 551 1876 616 Domino,
1910 568 2045 604 unus
2078 562 2122 614 Α
2155 557 2259 602 tur.
2288 547 2414 605 Seio
2441 557 2622 604 autem
2655 549 2707 604 in
2749 551 3020 607 nonnullis
3046 551 3366 608 Latinorum
3396 555 3717 624 exemplari-

469 646 687 708 spiritus
730 657 802 699 est
839 646 885 678 "
906 689 922 711 ,
953 646 1026 698 ita
1055 655 1106 698 et
1143 644 1231 699 hic
1257 644 1387 697 dicit
1423 663 1436 698 :
1464 645 1847 698 Adhmreamns
1879 645 2037 707 bono,

469 736 591 792 sine
646 737 808 792 dubio
860 748 917 790 ut
973 737 1250 806 conlingat
1308 735 1463 792 nobis
1519 751 1682 790 unum
1739 749 1859 789 esse
1915 748 2038 788 cum

470 828 636 884 bono.

543 919 597 974 6.
647 918 966 974 Charitatem
1006 916 1362 986 fraternitatis
1406 917 1618 970 invicem
1663 917 1938 984 diligentes
1968 916 2036 968 ⁸³.

471 1009 585 1065 Hoc
618 1011 946 1069 mandatmn,
977 1018 1034 1060 ut
1058 1008 1342 1076 diligamus
1373 1009 1624 1069 invicem,
1650 1009 1790 1062 sicut
1817 1018 1869 1060 et
1900 1008 2038 1062 Dens

471 1098 661 1154 dilexit
688 1115 784 1152 nos
808 1100 872 1162 ",
898 1115 1017 1152 cum
1043 1099 1114 1151 sit
1139 1101 1368 1167 primum
1392 1107 1508 1166 post
1529 1098 1756 1165 primmn
1784 1099 2036 1166 (primum

473 1205 708 1258 namque
738 1200 822 1243 est
843 1189 1064 1259 diligere
1091 1190 1255 1242 Deum
1280 1206 1295 1255 ;
1323 1199 1374 1242 et
1398 1189 1538 1242 inter
1561 1188 1806 1244 homines
1840 1188 2034 1243 iterum

471 1280 574 1337 hoc
597 1282 826 1351 primum
851 1290 956 1342 est,
986 1291 1043 1335 ut
1071 1281 1300 1334 invicem
1332 1281 1663 1352 diligamus),
1689 1283 1871 1336 nescio
1903 1297 2039 1352 quo-

470 1374 632 1428 modo
677 1373 828 1442 quasi
870 1373 1118 1426 ultimum
1167 1382 1219 1427 et
1266 1373 1444 1430 minus
1493 1376 1858 1428 necessarium
1895 1375 2039 1428 inter

465 1464 715 1520 homines
761 1463 1036 1534 spernitur
1061 1505 1076 1526 ,
1108 1473 1160 1518 et
1197 1464 1378 1517 odium
1412 1465 1554 1532 quod
1609 1466 1764 1518 nobis
1815 1465 2034 1520 insitum

464 1569 585 1612 esse
613 1555 847 1609 diximus
891 1558 956 1610 ad
986 1557 1086 1610 hoc
1121 1565 1177 1608 ut
1211 1556 1348 1610 mala
1392 1557 1516 1610 odio
1547 1557 1867 1622 habeamus,
1898 1575 2034 1627 pra:—

464 1655 680 1714 postero
723 1644 913 1700 ordine
956 1659 1274 1699 exercemus
1317 1645 1370 1698 in
1422 1645 1576 1699 bouis
1610 1646 1764 1715 (52),
1811 1656 1864 1701 et
1910 1647 2035 1701 vitia

464 1735 646 1788 carnis
673 1750 737 1789 ac
779 1746 998 1802 peccata
1033 1735 1315 1802 diligentes
1348 1734 1544 1790 fratres
1587 1737 1714 1792 odio
1748 1738 2031 1795 habemus.

463 1823 574 1881 Nec
605 1827 764 1882 aliter
788 1828 982 1882 accidit
1007 1830 1184 1884 odisse
1218 1845 1317 1884 nos
1348 1844 1466 1898 quae
1507 1844 1609 1883 non
1652 1840 1862 1896 oportet
1896 1831 2030 1902 (55),

465 1916 567 1971 nisi
598 1917 724 1988 quia
769 1919 1041 1988 diligimus
1085 1934 1204 1988 quae
1239 1935 1342 1973 non
1371 1928 1604 1988 oportet.
1646 1918 1866 1974 Fratres
1903 1935 2033 1990 ergo

458 2000 710 2072 iubemur
735 2005 977 2076 diligere,
1018 2022 1119 2059 non
1162 2004 1408 2075 judicare
1437 2007 1570 2080 (54).
1614 2008 1668 2062 Si
1707 2010 1850 2064 enim
1876 2021 2034 2080 putas

462 2094 697 2164 aliquem
724 2095 944 2166 impium
982 2113 1119 2159 esse.
1155 2109 1205 2153 et
1239 2100 1357 2155 ideo
1389 2115 1510 2154 eum
1542 2116 1644 2153 non
1675 2100 1886 2166 judicas
1909 2103 2033 2157 dili-

463 2185 735 2253 gendum,
781 2187 903 2240 audi
959 2189 1100 2256 quod
1142 2188 1386 2243 Christus
1435 2206 1529 2256 pro
1570 2192 1743 2258 impiis
1796 2202 2033 2246 mortuus

462 2286 537 2329 est
567 2276 633 2330 ⁸⁸.
673 2277 778 2331 Aut
827 2279 870 2332 si
913 2281 1035 2348 quia
1086 2291 1340 2349 peccator
1383 2292 1464 2335 est
1509 2283 1678 2336 frater
1721 2293 1876 2345 tuus,
1913 2285 2034 2338 ideo

462 2379 585 2419 eum
622 2382 726 2420 non
763 2377 915 2437 putas
947 2369 1272 2438 diligendum
1300 2411 1314 2432 ,
1350 2373 1473 2424 audi
1511 2373 1637 2442 quia
1673 2373 1910 2428 Christus
1940 2374 2033 2428 Je-

461 2471 552 2508 sus
569 2455 621 2508 in
647 2456 782 2509 hunc
809 2459 1061 2511 mundum
1088 2460 1224 2511 venit
1247 2471 1542 2528 peccatores
1569 2462 1743 2516 salvos
1769 2463 1940 2530 facere
1964 2465 2029 2519 “.

464 2543 524 2600 ει
571 2561 698 2600 vero
723 2546 902 2614 justus
928 2558 1013 2602 est
1038 2590 1052 2612 ,
1095 2551 1262 2604 multo
1311 2552 1479 2622 magis
1511 2553 1798 2609 dilectione
1839 2555 2032 2625 dignus

462 2645 568 2702 est,
621 2637 874 2692 Dominus
907 2640 1047 2694 enim
1076 2641 1245 2711 diligit
1271 2641 1447 2710 justos
1479 2643 1544 2698 ".

531 2727 585 2780 7.
618 2727 829 2783 Honore
861 2731 1080 2784 invicem
1119 2735 1490 2798 prtevenientes
1519 2734 1586 2789 ⁸³.
1627 2733 1736 2788 Hoc
1767 2745 1851 2790 est
1889 2737 2030 2806 quod

461 2827 518 2872 et
549 2817 804 2873 Dominus
833 2821 1050 2886 docuit,
1089 2837 1208 2876 cum
1241 2835 1452 2878 notaret
1494 2823 1717 2879 Scribas
1745 2835 1799 2879 et
1837 2826 2028 2882 Phari-

462 2923 600 2964 saeos
639 2910 812 2979 prima
859 2913 961 2967 sibi
1001 2912 1114 2968 loca
1166 2915 1217 2968 in
1281 2916 1545 2970 conviviis
1585 2918 1923 2975 vindicantes
1965 2920 2028 2985 “,

461 3009 517 3054 et
551 3000 790 3067 doceret,
823 3013 882 3058 ut
917 3019 1039 3058 cum
1076 3017 1296 3059 vocatus
1327 3006 1494 3063 fueris
1532 3017 1587 3061 tu
1615 3007 1683 3064 ad
1709 3025 1942 3077 comam,
1977 3015 2028 3066 in

461 3090 753 3145 novissimo
779 3093 896 3148 loco
928 3097 1208 3150 recumbas
1237 3097 1374 3167 (55).

530 3180 586 3235 8.
627 3181 1000 3237 Sollicitudine
1045 3202 1147 3239 non
1193 3190 1328 3258 pigri
1356 3191 1422 3244 “.
1469 3189 1730 3260 Superius
1771 3209 1893 3249 eum
1940 3197 2028 3263 qui

461 3281 698 3340 praeest,
746 3275 800 3329 in
845 3277 1211 3334 sollicitudine
1253 3283 1448 3336 debere
1491 3299 1610 3338 esse
1653 3287 2027 3342 commonuit:

467 3377 613 3418 nunc
642 3380 768 3419 vero
789 3369 1038 3422 onmibus
1059 3371 1150 3424 dat
1178 3373 1277 3426 hoc
1307 3374 1357 3427 in
1389 3391 1672 3431 commune
1697 3381 2030 3441 mandatum,

461 3468 532 3508 ne
573 3457 695 3524 quis
744 3470 984 3512 nosuum
1023 3462 1206 3515 audiat
1255 3477 1285 3517 a
1331 3465 1587 3521 Domino:
1622 3467 1778 3524 Serve
1810 3473 1945 3525 male
1983 3482 2030 3525 et

462 3547 609 3616 piger
632 3546 699 3599 ⁸9.

532 3635 587 3692 9.
615 3636 815 3706 Spiritu
839 3639 1092 3708 ferventes
1118 3644 1182 3699 ⁸⁷.
1218 3645 1282 3699 Ει
1311 3646 1411 3702 hoc
1436 3648 1500 3701 ad
1527 3649 1809 3720 impigrum
1841 3662 1896 3707 et
1924 3653 2032 3707 sol-

463 3725 670 3783 licitum
703 3743 925 3800 spectat.
960 3733 1081 3787 Vult
1117 3739 1259 3790 enim
1286 3737 1398 3808 (56)
1431 3749 1485 3793 ιιι
1516 3756 1633 3806 nos,
1663 3743 1753 3811 qui
1789 3746 1889 3798 sub
1917 3747 2030 3812 lege

461 3819 686 3888 spiritus
716 3824 970 3890 vivimus,
996 3827 1124 3882 nihil
1154 3830 1459 3890 remissum.
1489 3833 1623 3886 nihil
1655 3836 1890 3903 tepidum
1925 3837 2027 3890 ha-

463 3912 686 3969 beamus
715 3916 765 3968 in
798 3919 972 3983 nobis,
1000 3920 1091 3972 sed
1123 3935 1243 3974 ctun
1271 3920 1486 3977 fervore
1501 3925 1749 3994 spiritus,
1773 3937 1826 3981 et
1849 3928 2028 3983 calore

463 4006 585 4058 ﬁdei
619 4017 809 4060 cuncta
842 4025 1188 4079 peragamus.

534 4095 621 4150 10.
657 4097 877 4151 Domino
908 4102 1182 4154 servientes
1217 4101 1281 4155 ⁸³.
1323 4100 1410 4154 Ille
1442 4099 1670 4156 Domino
1702 4109 1897 4168 servit,
1933 4109 2024 4163 oni

464 4197 642 4256 potest
672 4189 852 4242 dicere
883 4207 896 4244 :
937 4189 1101 4243 Nobis
1133 4209 1265 4246 unus
1295 4195 1548 4252 Dominus
1576 4197 1729 4251 Jesus
1761 4197 2025 4256 Christus.

463 4295 557 4348 per
585 4296 735 4346 quem
773 4283 981 4346 omnia,
1008 4291 1056 4335 et
1089 4300 1185 4338 nos
1214 4303 1306 4355 per
1355 4289 1522 4356 ipsum
1551 4290 1631 4352 “,
1679 4305 1775 4343 nec
1805 4289 1944 4342 ultra
1977 4307 2026 4344 et

467 4380 562 4424 aut
590 4371 752 4427 libido
775 4413 791 4440 ,
825 4383 917 4429 aut
949 4379 1175 4430 avaritia
1205 4419 1221 4444 ,
1252 4390 1344 4433 aut
1381 4382 1553 4435 inanis
1581 4381 1751 4450 gloria
1781 4382 2028 4436 domina-

2142 641 2244 695 bus
2275 643 2484 705 haberi,
2513 645 2734 708 tempori
2756 644 3061 707 servientes,
3096 646 3238 713 quod
3269 660 3374 698 non
3410 647 3548 698 mihi
3585 647 3721 700 vide-

2141 741 2227 787 tur
2262 733 2647 787 convenienter
2690 732 2988 796 insertum,
3027 737 3133 789 nisi
3187 739 3230 789 si
3264 735 3379 804 (57)
3416 737 3545 804 quis
3591 736 3720 790 forte

2141 825 2212 876 ita
2267 825 2466 879 dictum
2514 834 2702 894 putet,
2740 836 2800 880 ut
2849 827 2902 880 in
2952 826 3072 881 aliis
3119 827 3261 880 idem
3291 828 3589 898 Apostolus
3617 833 3717 883 ait:

2144 913 2363 985 Tempus
2387 917 2535 972 breve
2559 929 2655 982 est,
2679 928 2912 986 superest
2936 929 2992 972 ut
3025 919 3115 988 qui
3137 921 3330 972 habent
3362 938 3582 982 uxores,
3614 933 3722 974 tu-

2137 1020 2294 1074 quam
2322 1022 2422 1060 non
2453 1006 2698 1061 habentes
2729 1009 2830 1061 sint
2854 1009 2901 1040 ⁷⁸
2928 1026 2942 1070 ;
2975 1009 3058 1063 vel
3099 1019 3158 1062 ut
3195 1010 3327 1062 illud
3363 1011 3579 1064 dictum
3609 1023 3715 1064 est:

2140 1095 2469 1152 Redimentes
2499 1109 2720 1166 tempus,
2754 1104 3003 1168 quoniam
3035 1101 3146 1154 dies
3186 1101 3318 1153 mali
3345 1111 3478 1154 sunt
3503 1102 3572 1153 τ’.

2210 1186 2296 1240 11.
2350 1185 2453 1253 Spe
2501 1189 2824 1255 gaudentes,
2856 1189 2908 1240 in
2959 1187 3303 1241 tribulatione
3348 1190 3618 1256 patientes
3655 1190 3719 1242 τ’.

2138 1276 2246 1347 Spe
2269 1278 2463 1344 gaudet
2485 1278 2574 1346 qui
2607 1293 2713 1332 non
2744 1279 2961 1346 respicit
2989 1294 3052 1333 ea
3077 1294 3198 1348 quae
3220 1281 3507 1345 videntur,
3538 1281 3634 1334 sed
3656 1296 3716 1334 es

2137 1383 2254 1437 quae
2288 1383 2390 1421 non
2418 1369 2667 1422 videntur
2693 1377 2972 1438 exspectat
2993 1369 3040 1400 "
3066 1386 3080 1433 ;
3110 1381 3165 1423 et
3191 1370 3284 1438 qui
3316 1371 3427 1423 scit
3457 1371 3587 1436 quia
3619 1387 3718 1424 non

2135 1467 2255 1511 sunt
2285 1459 2554 1527 condignte
2579 1462 2848 1527 passiones
2885 1458 3043 1527 hujus
3085 1461 3334 1526 temporis
3375 1461 3452 1512 ad
3488 1459 3719 1528 futuras

2135 1548 2358 1618 gloriam
2386 1564 2505 1619 qua:
2545 1549 2854 1602 revelabitur
2895 1549 2948 1602 in
2975 1550 3123 1602 nobis
3144 1550 3212 1602 ⁷⁵.
3243 1549 3400 1603 Idem
3436 1552 3556 1616 ipse
3587 1561 3640 1603 et
3669 1552 3716 1603 in

2138 1640 2487 1695 tribulatione
2513 1639 2726 1708 patiens
2767 1640 2907 1703 erit;
2941 1640 3067 1709 quia
3100 1640 3382 1693 tribulatio
3415 1642 3720 1706 patientia:

2135 1739 2403 1792 operatur,
2425 1729 2682 1796 patientia
2700 1730 3082 1796 probationem,
3098 1731 3339 1798 probatio
3364 1748 3497 1784 vero
3515 1734 3716 1800 spem",

2136 1820 2178 1874 si
2209 1830 2389 1873 tamen
2423 1833 2729 1874 sermonem
2764 1821 2853 1888 qui
2885 1822 3233 1890 subsequitur
3271 1822 3628 1890 impleamus,
3671 1824 3718 1877 id

2066 1897 2110 1957 Β
2139 1919 2221 1964 est
2253 1911 2478 1963 orationi
2529 1911 2778 1964 instantes
2807 1911 2872 1964 ⁷⁸.
2908 1911 2962 1964 ln
3011 1927 3118 1980 quo
3158 1913 3305 1965 enim
3361 1928 3480 1965 non
3531 1913 3721 1966 suﬁicit

2136 2003 2368 2056 humana
2404 2001 2703 2071 fragilitas.
2737 2001 2996 2057 auxilium
3025 2002 3118 2057 Dci
3143 2003 3501 2059 orationibus
3531 2006 3720 2074 implo—

2136 2099 2360 2149 randum
2385 2106 2490 2150 est.

2206 2185 2292 2238 12.
2331 2185 2523 2240 Usibus
2549 2185 2661 2255 (58)
2692 2193 2998 2240 sanctorum
3024 2189 3484 2242 communicantes
3513 2191 3580 2242 ⁷⁷.
3619 2190 3721 2244 lle-

2135 2276 2264 2330 mini
2302 2277 2352 2331 in
2375 2277 2576 2330 Latinis
2615 2278 3018 2345 exemplaribus
3049 2282 3221 2348 magis
3286 2279 3487 2334 haberi
3519 2282 3718 2352 τοδε

2136 2367 2401 2422 Memoriis
2423 2381 2727 2422 sanctorum
2759 2370 3198 2423 communicantes
3223 2385 3241 2422 .'
3270 2387 3472 2424 verum
3502 2389 3606 2424 nos
3627 2391 3718 2426 nec

2133 2459 2580 2514 consuetudinem
2629 2459 2950 2526 turbamus,
2993 2476 3091 2514 nec
3122 2461 3339 2516 veritati
3393 2462 3720 2532 prajudica-

2135 2565 2275 2615 mus,
2303 2550 2537 2604 maxime
2561 2565 2684 2604 cum
2709 2559 3002 2620 utrumque
3025 2553 3312 2606 conveniat
3335 2555 3718 2610 azdificationi.

2133 2637 2268 2692 Nam
2316 2639 2502 2694 usibus
2544 2651 2853 2694 sanctorum
2901 2641 3124 2696 honeste
3167 2651 3222 2696 et
3266 2644 3574 2711 decenter,
3621 2663 3723 2702 non

2133 2725 2291 2794 quasi
2324 2725 2438 2798 (59)
2459 2715 2654 2797 stipem
2685 2717 3050 2799 indigentibus
3074 2732 3336 2800 praebere,
3368 2737 3471 2788 sed
3500 2751 3724 2792 censum

2135 2828 2375 2872 nostrum
2396 2834 2518 2874 cum
2543 2819 2677 2889 ipsis
2703 2823 3097 2888 quodammodo
3124 2825 3326 2879 habere
3343 2841 3721 2894 communem,

2132 2921 2186 2964 et
2216 2911 2527 2966 meminisse
2565 2921 2877 2968 sanctorum
2923 2915 3036 2970 sive
3072 2916 3126 2969 in
3163 2917 3416 2974 collectis
3464 2921 3722 2974 solemni-

2135 3002 2254 3066 lms,
2283 3002 2397 3058 sive
2424 3019 2522 3072 pro
2549 3019 2614 3059 eo
2649 3015 2706 3057 ut
2732 3020 2800 3058 ex
2837 3008 3210 3062 recordatione
3233 3024 3431 3064 eorum
3467 3012 3721 3083 proﬁcia-

2134 3110 2280 3160 mus,
2322 3105 2505 3163 aptum
2541 3105 2596 3150 et
2625 3097 2959 3151 conveniens
2986 3099 3214 3156 videtur.

2205 3185 2292 3237 13.
2320 3184 2746 3253 Hospitalitatem
2770 3194 3026 3240 sectantes
3050 3188 3117 3244 ⁷⁸.
3141 3188 3315 3254 Quam
3345 3191 3517 3260 digne
3542 3193 3724 3262 liOSpi-

2134 3274 2337 3329 talitem
2381 3275 2640 3332 sectantis
2675 3278 3095 3332 munificentiam
3144 3280 3255 3349 (60)
3304 3298 3416 3335 uno
3469 3300 3721 3338 sermone

2133 3368 2577 3436 comprehendit!
2620 3368 2814 3422 Dicens
2843 3369 2987 3423 enim
3027 3373 3342 3424 sectandam
3377 3388 3510 3427 esse
3539 3377 3719 3444 hospi-

2135 3458 2421 3522 talitatem,
2454 3475 2557 3514 non
2591 3459 2721 3514 illud
2743 3459 2915 3514 solum
2947 3465 3208 3530 ostendit,
3231 3474 3288 3517 ut
3316 3466 3638 3520 venientem
3660 3472 3719 3519 ad

2133 3565 2230 3604 nos
2262 3551 2531 3620 hospitem
2578 3553 2976 3622 suscipiamus;
3026 3556 3120 3608 sed
3163 3565 3218 3608 et
3255 3558 3647 3624 requiramus,
3674 3570 3722 3612 et

2132 3644 2345 3698 solliciti
2381 3643 2572 3710 simus,
2611 3653 2665 3698 et
2691 3654 2985 3710 sectemur,
3015 3660 3073 3698 ac
3092 3645 3492 3714 perquiramus
3520 3649 3720 3717 ubique

2137 3736 2374 3803 hospites
2398 3775 2414 3800 ,
2457 3737 2650 3790 necubi
2697 3735 2834 3791 forte
2880 3737 2932 3790 in
2986 3737 3177 3805 plateis
3205 3740 3435 3792 sedeant
3473 3739 3631 3811 (6|).
3663 3759 3721 3796 ne

2133 3836 2283 3880 extra
2318 3834 2520 3882 tectum
2547 3825 2789 3892 jaceant.
2824 3828 3128 3884 Recordare
3157 3828 3258 3884 Lot
3287 3831 3357 3896 ",
3392 3843 3448 3885 et
3479 3833 3721 3888 invenies

2132 3917 2276 3988 quod
2304 3932 2409 3972 non
2445 3917 2594 3972 illum
2634 3920 2905 3987 hospites,
2939 3922 3035 3974 sed
3065 3922 3178 3990 ipse
3216 3924 3510 3992 quaesierit
3544 3926 3723 3997 hospi-

2135 4020 2250 4073 tes;
2279 4021 2332 4066 et
2366 4012 2466 4082 hoc
2501 4021 2621 4066 erat
2647 4011 3072 4081 hospitalitatem
3103 4016 3326 4068 sectari.

2207 4104 2291 4159 M.
2337 4104 2634 4158 Benedicite
2669 4106 3089 4173 persequentibus
3133 4123 3256 4173 vos,
3301 4109 3605 4164 benedicite
3628 4152 3644 4172 ,
3676 4123 3721 4164 et

2134 4197 2294 4251 nolite
2324 4198 2631 4252 maledicere
2667 4197 2799 4268 (62).
2847 4197 3104 4253 Moralem
3146 4199 3326 4253 locum
3376 4201 3554 4258 latius
3583 4207 3720 4272 Apo-

2134 4291 2304 4343 stolus
2347 4304 2686 4360 exsequens,
2719 4300 2870 4343 actus
2891 4329 2906 4354 ,
2936 4300 3171 4344 mentem
3195 4331 3209 4354 ,
3241 4295 3591 4361 propositum
3615 4336 3630 4360 ,
3662 4313 3722 4347 os

2135 4395 2348 4449 quoque
2373 4382 2548 4448 ipsum
2587 4381 3000 4450 discipulorum,
3029 4381 3380 4452 linguamque
3410 4389 3718 4456 componit.

569 4533 615 4569 3"
641 4535 660 4588 1
691 4535 814 4591 Cor.
851 4549 925 4594 vr.
957 4537 1042 4589 17.
1117 4535 1162 4571 ⁸⁸
1193 4533 1348 4588 Rom.
1381 4549 1478 4594 xu,
1510 4533 1592 4586 10.
1669 4533 1715 4566 ⁸³
1743 4533 1894 4588 Joan.
1926 4548 2014 4597 xv,

2213 4533 2259 4565 '°
2294 4533 2454 4588 Rom.
2481 4549 2544 4596 ν,
2580 4535 2633 4590 6.
2708 4537 2749 4568 ⁶¹
2781 4537 2797 4590 1
2829 4537 2967 4590 Tim.
2997 4553 3036 4594 I.
3063 4539 3150 4592 15.
3223 4540 3267 4569 ⁸⁸
3296 4539 3440 4594 Psal.
3481 4556 3646 4603 chv.
3669 4543 3718 4598 8.

465 4607 510 4642 “
537 4606 690 4660 Rom.
750 4621 846 4664 xu,
902 4605 985 4658 lO.
1061 4607 1105 4635 “
1139 4603 1264 4656 Luc.
1304 4619 1410 4666 xiv,
1444 4605 1509 4663 7,
1556 4603 1640 4656 10.
1717 4605 1760 4634 ⁸⁸
1794 4603 1946 4657 Rmn.
1976 4619 2026 4656 ιιι

2160 4603 2242 4656 ll.

1653 4673 1698 4704 “
1742 4673 1936 4740 Ephes.
1973 4688 2000 4720 ν
2027 4712 2042 4734 ,
2080 4674 2166 4726 16.

465 4763 586 4808 νιιι,
625 4747 710 4800 18.
786 4747 832 4778 ⁷⁵
873 4746 1028 4798 Rom.
1059 4761 1122 4809 v,
1151 4745 1224 4806 ὅ,
1252 4744 1306 4798 4.
1382 4744 1427 4773 ⁷⁸
1461 4742 1614 4796 Rom.
1657 4757 1770 4806 xu,
1815 4743 1902 4796 12.
1975 4743 2019 4774 ⁷⁷

2160 4743 2190 4795 Ι.
2223 4743 2308 4797 15.

464 4680 509 4714 ⁶⁹
544 4678 561 4731 1
594 4678 716 4730 Cor.
753 4691 872 4734 \‘lll.
909 4677 962 4729 6.
1039 4676 1083 4706 ⁷ο
1111 4675 1125 4726 l
1156 4673 1279 4726 (lor.
1320 4688 1392 4727 vn
1425 4714 1438 4730 ,
1464 4674 1554 4726 29.

2321 4605 2366 4634 ⁸⁸
2397 4603 2720 4666 Μειιιιι.χχν,
2749 4607 2834 4661 26.

2273 4673 2320 4705 ⁷³
2367 4673 2626 4740 Rom.xn,
2659 4677 2744 4731 12.

3507 4613 3558 4642 (⁸
3591 4615 3713 4665 ibid.

3458 4681 3512 4713 "
3559 4682 3714 4736 Rom.

2933 4609 2975 4638 ⁸⁷
3011 4607 3164 4662 Rom.
3195 4624 3294 4668 xtt,
3341 4612 3430 4664 11.

2836 4678 2880 4709 ⁷³
2909 4677 2946 4730 ll
2993 4677 3122 4732 Cor.
3154 4694 3207 4732 Iv
3235 4718 3250 4741 ,
3287 4679 3377 4735 18.

2381 4743 2587 4799 "Rom.
2619 4762 2693 4798 xu
2721 4789 2736 4813 ,
2768 4747 2853 4802 15.
2929 4747 2976 4777 ⁷⁸
3007 4749 3145 4804 Gen.
3174 4763 3301 4812 ιιι,
3335 4750 3388 4805 1.

537 4913 650 4980 (52)
681 4911 771 4966 Sic
796 4921 942 4966 recte
969 4909 1224 4965 Rabanus
1251 4919 1304 4964 et
1334 4909 1484 4962 editi.
1517 4907 1645 4962 Mss.
1671 4923 1798 4962 vero
1831 4909 2028 4973 nostri,
2061 4912 2105 4968 D
2133 4919 2187 4966 et
2224 4910 2359 4980 intra
2390 4910 2552 4966 habet
2581 4913 2973 4966 necessitatibus
3010 4929 3108 4980 pro
3141 4913 3342 4966 usibus.

466 4985 522 5038 in
552 4985 720 5038 nobis.

538 5054 652 5124 (55)
681 5052 838 5124 ίξμίιὶ,
869 5066 1021 5120 quem
1061 5066 1176 5124 non
1190 5059 1411 5124 oportet.

689 5117 902 5175 Fratres
939 5137 1059 5192 ergo
1091 5119 1600 5192 jubeniuridiligere,
1634 5133 1737 5170 non
1757 5117 2026 5185 judicare.

466 5189 594 5247 Hace
622 5189 999 5246 desiderantur
1029 5191 1082 5242 in
1109 5189 1261 5242 libris
1289 5190 1468 5242 editis.

536 5261 650 5329 (55)
680 5262 838 5322 Editi,
867 5271 915 5313 et
941 5260 1112 5322 docet,
1150 5270 1202 5311 ut
1236 5266 1598 5329 cumvocatus
1627 5254 1790 5322 fueris
1833 5260 1902 5329 ad
1931 5272 2031 5310 coe-

471 5327 617 5394 nam,
643 5335 696 5383 in
727 5332 1001 5384 novissimo
1029 5331 1320 5382 recumbas.
1355 5327 1480 5380 Mss.
1513 5328 1730 5396 quidam
1771 5337 1818 5378 et
1851 5327 2031 5380 Raba-

466 5416 568 5455 nus
597 5401 776 5454 itidem
801 5411 847 5452 et
875 5401 1041 5452 docet.
1076 5397 1171 5450 Ms.
1197 5398 1394 5465 Regius
1427 5395 1572 5449 num.
1607 5395 1764 5460 1639,
1788 5396 2029 5452 edocens.

467 5467 575 5526 Sed
610 5470 786 5522 caeteri
824 5485 979 5529 mss.,
1018 5469 1240 5528 rectius,
1271 5479 1318 5518 et
1345 5471 1574 5521 doceret.

538 5538 650 5610 (56)
680 5537 769 5610 _Sic
794 5554 897 5610 ius.
922 5538 1120 5610 Regius
1144 5552 1301 5610 num.
1330 5537 1489 5590 1659.
1519 5535 1872 5610 C:eteri__vero
1901 5550 2030 5610 mss.

466 5602 737 5670 et‘editi,
783 5607 848 5660 Et
893 5611 986 5660 hoc
1006 5602 1094 5659 'ad
1138 5607 1397 5675 integrum
1435 5615 1650 5675 spectat.
1706 5602 1824 5658 Vult
1868 5606 2030 5670 enim,

465 5690 648 5826 culo-57)
682 5748 836 5826 Deest
868 5748 914 5800 si
949 5745 1000 5797 in
1031 5745 1212 5799 editis.
1242 5743 1646 5826 Msquui‘dam,
1675 5744 1850 5814 siqui.
1939 5814 1954 5826 ‘
1981 5813 1992 5825 .

541 5749 626 5819 (57
682 5749 836 5802 Deest
868 5749 914 5800 si
949 5749 1000 5797 in
1031 5749 1212 5799 editis.
1242 5749 1375 5799 Mss.
1404 5749 1646 5826 quidam,
1675 5749 1850 5814 siqui.
1981 5813 1992 5825 .

541 5749 652 5892 (58)
687 5819 777 5874 Sic
819 5831 1011 5874 onmes
1049 5831 1176 5870 tnss.
1213 5827 1269 5871 et
1310 5817 1460 5872 cditt.
1490 5816 1744 5870 Rabanus
1777 5827 1908 5870 vero
1939 5814 2028 5869 hic

2205 4979 2316 5049 (59)
2351 4981 2621 5044 Rabanns,
2654 4999 2746 5036 nec
2774 4979 3149 5036 consuetudine
3180 4987 3539 5040 turbamur...
3575 4985 3714 5038 Nam

2137 5052 2532 5104 necessitatibus
2576 5063 2877 5105 sanctorum
2926 5053 3138 5106 honeste
3187 5054 3338 5111 dicit.
3373 5070 3484 5105 non
3538 5057 3715 5118 quasi,

2135 5132 2241 5174 etc.
2279 5120 2446 5192 Paulo
2493 5119 2628 5173 infra
2683 5138 2784 5176 ms.
2843 5122 3040 5191 Regius
3089 5138 3239 5192 num.
3282 5122 3466 5182 1659,
3503 5141 3714 5192 quoque

2135 5193 2290 5243 modo
2313 5191 2502 5243 habere
2530 5207 2875 5245 communem.
2912 5192 3112 5246 Deinde
3135 5191 3422 5256 Rabanus,
3449 5195 3507 5243 id
3517 5191 3714 5260 aptus

2134 5271 2181 5313 et
2214 5261 2518 5312 conveniens
2549 5263 2771 5315 videtur.

2207 5329 2320 5399 (60)
2357 5329 2683 5399 Ms.rltegins
2712 5347 2860 5385 num.
2894 5330 3066 5394 1659,
3094 5329 3483 5397 hospitalitatis
3537 5333 3714 5382 murri-

2134 5398 2422 5466 ﬁcemiam.
2450 5398 2641 5452 (λειειὶ
2669 5409 2871 5461 mss.et
2892 5403 3042 5464 editi,
3070 5400 3489 5466 hospitalitatem
3509 5411 3716 5453 sectan-

2136 5468 2204 5521 tis
2233 5469 2703 5536 magniﬁcentiam.

2230 5537 2317 5607 6i)
2348 5537 2510 5607 Editi,
2533 5554 2595 5590 ne
2622 5539 2758 5605 forte
2782 5541 2836 5591 in
2865 5537 3051 5604 plateis
3074 5537 3310 5592 sedeant.

2230 5538 2317 5607 61)
2348 5538 2510 5599 Editi,
2533 5554 2595 5590 ne
2622 5539 2758 5605 forte
2782 5541 2836 5591 in
2865 5538 3051 5604 plateis
3074 5538 3310 5592 sedeant.

2206 5538 2316 5677 (0’2)
2342 5605 2431 5660 Sic
2457 5608 2583 5660 editi
2618 5617 2672 5662 et
2700 5608 2971 5663 Rabanus.
2997 5608 3124 5662 Mss.
3148 5623 3281 5662 vero
3316 5608 3486 5661 nostri
3522 5620 3715 5660 omnes

2136 5676 2338 5732 habent
2384 5678 2754 5734 tantummodo
2777 5717 2793 5744 ,
2828 5677 3162 5746 Bcnedirite,
3191 5687 3238 5732 et
3287 5678 3451 5732 nolite
3485 5678 3715 5732 maledi-

2135 5762 2268 5801 cere.
