3812 6546
99 445 226 500 1‘22!

1031 435 1384 495 COMMENT.
1424 434 1489 490 IN
1525 432 1744 489 EPIST.
1779 432 1870 487 AD
1903 431 2071 487 ROM.
2108 431 2233 487 LIB.
2275 431 2367 486 lX.

3198 435 3338 490 1222

95 563 203 617 Non
237 561 342 614 vult
367 560 652 615 credentes
677 558 899 614 Christo
927 557 996 613 de
1026 573 1124 613 ore
1149 574 1249 613 suo
1277 557 1524 628 proferre
1554 572 1668 611 ma-
1695 559 1741 616 Δ
1767 557 1857 625 qui
1885 557 2031 625 ﬂent,
2057 555 2305 624 quoniam
2334 554 2436 622 ipsi
2465 554 2876 608 consolabantur
2896 556 2964 611 ⁸⁷.
3000 556 3057 612 Si
3086 561 3207 627 quis
3250 560 3342 614 ﬂet

94 654 363 718 ledictum,
388 654 479 708 sed
507 654 642 707 bene
670 651 837 720 loqui,
863 652 1002 706 bene
1033 653 1237 715 dicere,
1267 653 1404 706 bene
1432 651 1665 721 precari,

96 757 151 799 ιιι
176 761 239 799 ex
278 744 377 798 hoc
407 754 460 798 et
493 743 619 798 boni
666 743 869 797 domini
926 743 1113 806 servi,
1145 753 1200 796 et
1249 743 1375 797 boni
1422 743 1666 814 magistri

95 835 379 887 credantur
402 849 520 888 esse
554 833 820 902 discipuli.
855 833 1147 888 Sciendum
1189 844 1370 889 tamen
1409 845 1490 890 est
1522 835 1665 905 quod

96 940 268 979 sermo
294 926 378 979 hic
401 926 792 980 benedictionis
812 926 863 980 in
891 926 1190 996 Scripturls
1211 927 1432 981 diverse
1458 928 1665 998 positus

96 1015 382 1068 invenitur.
412 1015 542 1068 Nam
564 1027 620 1070 et
646 1016 788 1070 Deus
813 1017 1136 1073 benedicere
1165 1019 1246 1071 vel
1273 1018 1542 1082 homines,
1579 1017 1662 1072 vel

97 1114 282 1159 caetera
313 1121 432 1174 qua:
453 1117 753 1170 creaverat,
775 1108 1111 1162 invenitur“o
1136 1126 1151 1173 ;
1175 1119 1230 1161 et
1253 1108 1500 1162 homines
1525 1107 1661 1178 (65),

99 1195 174 1249 vel
198 1204 407 1249 caetera:
439 1206 703 1252 creaturae
739 1197 905 1252 Deum
935 1200 1258 1254 benedicere
1309 1201 1567 1270 jubentur
1590 1201 1660 1255 εί.

99 1286 195 1340 Sed
226 1287 316 1342 Dei
347 1288 560 1356 quidem
591 1290 893 1346 benedictio
915 1291 1118 1362 aliquid
1138 1292 1501 1362 muneris(64)
1521 1307 1662 1347 sem-

99 1393 188 1446 per
214 1379 302 1432 his
349 1379 442 1448 qui
485 1379 553 1433 ab
583 1395 650 1434 eo
677 1381 1069 1437 benedicuntur
1106 1381 1346 1450 impertit
1373 1404 1385 1437 :
1415 1383 1661 1438 homines

99 1484 220 1525 vero
250 1471 417 1525 Deum
445 1471 766 1527 benedicere
789 1514 804 1538 ,
838 1489 934 1543 pro
957 1487 1024 1528 eo
1053 1474 1194 1544 quod
1222 1484 1306 1529 est
1337 1473 1577 1539 laudare,
1606 1482 1662 1529 et

98 1560 288 1628 gratias
330 1561 552 1624 referre,
601 1562 876 1620 dicuntur.
903 1563 1001 1618 llic
1051 1574 1228 1618 tamen
1255 1565 1542 1634 Apostolus
1577 1565 1660 1620 di-

99 1665 217 1703 cens
243 1649 379 1721 (65),
399 1649 719 1716 Benedicite,
750 1664 797 1707 et
823 1654 981 1707 nolite
1001 1655 1334 1719 maledicere,
1358 1657 1511 1726 quasi
1536 1673 1657 1712 cum

101 1759 444 1812 provocamur
463 1745 532 1799 ab
550 1745 803 1810 inimicis,
826 1745 911 1801 vel
928 1763 1048 1801 cum
1075 1747 1398 1818 instigamur
1425 1749 1655 1818 injuriis,

103 1845 275 1891 monet
317 1851 383 1890 ne
423 1852 522 1905 pro
553 1838 855 1891 maledictis
883 1837 1163 1892 maledicta
1201 1840 1527 1907 reddamus;
1561 1842 1655 1896 sed

1774 665 1873 719 pro
1906 649 2141 715 peccatis
2166 647 2300 708 suis,
2328 647 2373 700 si
2403 648 2524 716 quis
2555 656 2675 715 post
2706 647 2960 702 delictum
3003 653 3341 706 convertitur

1774 743 1840 793 ad
1875 740 2268 809 pteniteutiam,
2298 748 2351 793 et
2379 753 2619 794 errorem
2651 755 2803 794 suum
2828 741 3080 811 lacrymis
3106 743 3270 810 lavat,
3292 747 3340 800 si

1772 833 1892 900 quis
1925 831 2225 900 iugemiscit
2257 831 2421 884 etiam
2452 832 2502 883 in
2531 833 2844 887 habitaculo
2879 834 2981 888 isto
3028 836 3256 902 positus,
3285 849 3342 893 et

1773 925 1836 976 ad
1865 923 2140 977 Christum
2191 923 2368 976 redire
2404 922 2711 985 desiderat,
2749 934 2803 978 et
2839 937 3085 980 sanctum
3122 927 3339 981 deside-

1774 1015 1910 1068 rium
1939 1015 2302 1085 lacrymarum
2325 1015 2638 1084 profusione
2657 1015 2864 1068 solatur
2886 1018 3018 1086 (70),
3048 1019 3340 1088 jungamus

1771 1123 1892 1160 cum
1922 1107 2119 1161 talibus
2150 1107 2416 1178 lacrymas
2441 1119 2680 1167 nostras.
2698 1119 2751 1162 et
2777 1111 3006 1178 gemitus
3031 1127 3335 1175 sociemus;

1769 1215 1890 1252 nam
1925 1199 2036 1266 (7i)
2073 1200 2289 1252 tristitia
2320 1217 2438 1269 qua:
2459 1203 2745 1255 secundum
2789 1201 2956 1253 Deum
2985 1212 3080 1261 est,
3110 1201 3336 1255 salutent

1766 1287 2007 1344 stabilem
2047 1308 2140 1359 per
2169 1293 2526 1358 pauitmtiam
2557 1303 2806 1361 aperatur
2827 1292 2895 1346 ⁸⁸.

1838 1405 1924 1459 16.
1962 1404 2201 1472 Idipsum
2222 1406 2438 1459 invicem
2466 1408 2742 1459 sentientes
2765 1405 2830 1458 ⁸ο.
2869 1402 3060 1458 Sermo
3093 1405 3193 1462 iste
3228 1423 3334 1463 non

1768 1506 1958 1549 natura
1991 1495 2093 1556 sui,
2119 1495 2211 1549 sed
2235 1496 2684 1565 interpretatione
2710 1496 2995 1552 obscurior
3026 1499 3204 1551 lactus
3226 1507 3334 1552 est.

1767 1587 1879 1642 Hoc
1907 1597 1994 1642 est
2017 1587 2159 1640 enim
2183 1589 2323 1658 quod
2345 1588 2498 1651 dicit,
2525 1597 2583 1640 ut
2615 1587 2688 1641 ita
2719 1589 2785 1641 de
2813 1588 2980 1642 fratre
3012 1589 3333 1653 sentiamus,

1765 1691 1822 1733 ut
1856 1679 1922 1733 de
1957 1680 2112 1733 nobis
2142 1681 2308 1748 ipsis;
2337 1690 2391 1732 et
2422 1680 2493 1733 ita
2529 1682 2753 1737 velimus
2781 1683 3063 1751 proximo,
3113 1685 3254 1738 sicut
3282 1693 3338 1738 et

1765 1772 1922 1826 nobis
1952 1770 2236 1824 volumus:
2272 1781 2332 1823 ut
2362 1780 2416 1824 et
2457 1772 2712 1826 Dominus
2746 1773 2795 1826 in
2845 1774 3135 1842 Evangelio
3164 1775 3332 1828 dicit:

1765 1864 1895 1927 Qum
1933 1863 2090 1918 vultis
2127 1874 2182 1917 ut
2223 1865 2423 1934 faciant
2466 1865 2604 1918 vobis
2637 1866 2896 1932 homines,
2936 1870 3114 1921 eadem
3155 1878 3204 1922 et
3247 1885 3334 1923 vos

103 1926 352 2020 iaciamus
375 1930 514 1996 quod
539 1929 652 1996 ipse
673 1933 738 1983 de
753 1934 1050 1998 semetipso
1073 1931 1284 1997 scribit,
1304 1932 1397 1986 ubi
1427 1932 1653 1987 dicit":
1693 1935 1731 1989 Β
1759 1926 1916 2020 [ha-,8
1949 1955 2054 2008 5m,
2082 1955 2150 2011 so.

106 2017 484 2081 laledicimur,
512 2029 560 2073 et
589 2020 940 2074 benedicimrts
969 2020 1105 2091 (66).

166 2109 244 2163 15.
280 2107 522 2162 Gaudere
552 2125 666 2161 cum
718 2111 1104 2177 gaudentibus,
1144 2113 1271 2181 ﬂere
1318 2128 1435 2168 cum
1478 2113 1659 2182 ﬂenti-

106 2199 184 2250 bus
212 2197 276 2251 ⁸³.
318 2196 573 2252 Habenda
603 2207 684 2251 est
712 2199 876 2251 etiam
913 2199 965 2252 in
1001 2201 1102 2255 hoc
1132 2212 1447 2270 competens
1471 2201 1582 2273 (67)
1607 2210 1662 2256 et

105 2302 212 2356 apta
257 2290 554 2344 distinctio.
607 2287 722 2342 Non
785 2291 925 2344 enim
981 2292 1392 2362 quibuscunque
1451 2294 1661 2362 gaudiis

106 2380 516 2433 Christianorum
549 2381 738 2449 gaudia
772 2381 1032 2436 socianda
1085 2396 1214 2437 sunt
1239 2424 1254 2446 ,
1288 2399 1385 2438 nec
1430 2384 1660 2453 quibus-

108 2486 302 2540 cuuque
344 2471 560 2525 ﬂetibus
609 2471 860 2543 lacryuue
907 2483 1108 2527 nostra:
1163 2473 1452 2544 iungendae
1513 2485 1657 2531 sunt.

111 2561 273 2632 Neque
301 2565 446 2618 enim
477 2565 521 2618 si
550 2565 758 2618 videam
787 2565 1025 2634 gaudere
1056 2567 1290 2636 aliquem
1325 2583 1487 2637 super
1514 2583 1657 2638 quze-

111 2662 182 2704 stu
212 2655 474 2722 pecunias,
503 2666 596 2709 aut
622 2655 1021 2724 possessionum
1040 2656 1342 2723 latituume,
1366 2667 1460 2712 aut
1488 2673 1660 2712 saecu-

111 2742 223 2798 laris
255 2745 479 2800 honoris
508 2749 823 2811 eminentia,
846 2748 1213 2819 congratulari
1235 2750 1406 2804 debeo
1441 2749 1658 2815 talibus,

110 2833 184 2900 qui
221 2833 387 2886 sciam
440 2834 583 2902 quod
626 2835 935 2903 hujusmodi
974 2838 1165 2907 gaudia
1216 2837 1392 2893 luctus
1431 2855 1667 2909 sequan-

112 2933 186 2975 tur
208 2932 261 2976 et
289 2924 555 2993 lacrymae.
589 2925 647 2979 ln
677 2935 886 2980 tantum
915 2929 1117 2982 etenim
1153 2929 1262 3000 (68)
1293 2945 1402 2984 non
1429 2941 1511 2985 est
1539 2947 1662 3001 gau-

111 3017 327 3071 dendum
367 3017 436 3072 de
475 3017 689 3083 talibus,
731 3028 792 3073 ut
829 3019 1092 3075 Dominus
1129 3022 1406 3093 discipulis
1441 3024 1556 3078 suis
1594 3037 1666 3080 ne

117 3105 222 3160 inde
243 3106 459 3175 quidem
487 3108 718 3176 gaudere
737 3110 1069 3162 concesserit
1097 3111 1238 3177 quod
1269 3113 1532 3164 άωιιιοηίε
1562 3114 1662 3167 sibi

117 3195 347 3251 videbant
389 3211 508 3252 esse
535 3198 793 3265 subjecta,
832 3200 924 3254 sed
955 3199 1030 3252 ait
1058 3199 1176 3253 eis:
1211 3197 1394 3253 Nolite
1437 3204 1665 3269 gaudere

117 3289 220 3352 quia
246 3289 507 3342 diemonia
551 3289 694 3342 vobis
720 3289 954 3358 subjecta
994 3299 1117 3343 sunt
1139 3309 1159 3353 ,-
1195 3291 1284 3343 sed
1311 3295 1554 3360 gaudete,
1579 3293 1663 3346 in-
1692 3314 1732 3367 ε

118 3379 236 3444 quit,
265 3380 392 3450 quia
421 3381 634 3435 nomina
659 3393 828 3437 vestra
857 3381 1050 3450 scripta
1072 3391 1190 3434 sunt
1221 3381 1274 3435 in
1303 3382 1434 3436 libro
1458 3383 1573 3437 vitta
1596 3384 1666 3439 “.

119 3469 172 3522 Et
204 3488 295 3527 nos
323 3489 456 3542 ergo
501 3473 547 3530 si
587 3474 867 3528 videamus
911 3474 979 3527 ab
1015 3474 1196 3543 aliquo
1234 3473 1343 3530 tale
1369 3490 1503 3543 opus
1532 3476 1668 3546 geri,

117 3565 243 3630 quod
267 3565 317 3617 in
348 3565 489 3619 caelo
522 3549 687 3620 scribi
712 3565 932 3633 dignum
964 3565 1070 3630 sit,
1102 3565 1216 3620 sive
1255 3564 1481 3634 iustitiae
1511 3581 1669 3635 opus,

119 3652 214 3706 sive
233 3655 537 3719 cliaritatis,
565 3655 676 3710 sive
711 3658 878 3724 pacis,
907 3657 1019 3710 sive
1064 3656 1447 3711 misericordiae
1471 3676 1485 3721 ;
1515 3667 1570 3710 et
1599 3658 1670 3712 ita

120 3752 328 3811 gestum,
364 3756 421 3798 ut
452 3746 500 3798 in
534 3745 672 3798 libro
703 3746 824 3799 vitae
859 3746 1046 3799 referri
1081 3760 1374 3808 mereatur,
1412 3747 1670 3802 debemus

123 3835 331 3903 gaudere
359 3851 484 3889 cum
521 3835 716 3891 talibus
743 3836 879 3907 (69).
905 3837 1012 3890 Sed
1042 3847 1094 3892 et
1119 3837 1166 3892 si
1197 3853 1358 3907 quem
1389 3839 1669 3892 videamus

123 3928 176 3979 ab
205 3941 385 3982 errore
415 3941 753 3993 conversum,
776 3939 828 3983 et
851 3930 1050 3984 relictis
1080 3930 1397 3999 ignorantiae
1431 3931 1668 3986 tenebris

125 4019 176 4069 ad
213 4018 378 4072 lucem
409 4020 656 4074 veritatis
693 4021 938 4082 venisse,
972 4029 1024 4074 et
1074 4022 1442 4075 remissionem
1477 4036 1668 4089 pecca-

126 4116 298 4170 torum,
325 4120 382 4166 et
413 4113 636 4181 gratiam
667 4113 839 4166 sancti
879 4111 1111 4180 Spiritus
1165 4114 1429 4166 meruisse
1455 4153 1468 4174 .
1498 4113 1664 4168 debe-

127 4215 226 4254 mus
255 4204 492 4270 gaudere
525 4219 644 4256 cum
674 4205 888 4258 talibus.
915 4204 1177 4257 Similiter
1198 4213 1376 4257 autem
1406 4205 1532 4274 ﬂere
1548 4221 1668 4257 cum

127 4293 361 4359 flentibus,
388 4311 495 4350 non
517 4311 636 4351 cum
657 4296 762 4351 illis
790 4299 881 4366 qui
911 4296 1038 4350 ﬂent
1069 4307 1308 4349 mortuos
1334 4311 1459 4349 suos
1486 4296 1554 4360 ⁸⁸,
1579 4297 1665 4363 ju-

130 4383 311 4451 bemur,
335 4393 429 4438 aut
450 4386 540 4454 qui
571 4385 698 4437 llent
731 4386 923 4438 damna
955 4382 1256 4446 saicularia,
1285 4383 1519 4437 scientes
1539 4383 1664 4450 quia

130 4474 261 4542 hujus
297 4477 476 4531 saeculi
509 4478 725 4530 tristitia
771 4485 984 4528 mortem
1017 4485 1263 4540 aperatur
1288 4475 1354 4527 ⁸⁸.
1389 4472 1500 4526 Non
1539 4483 1664 4526 sunt

133 4573 234 4630 ergo
277 4565 524 4634 lacryma:
555 4575 750 4619 nostrae
796 4563 1078 4632 iungenda:
1110 4577 1232 4618 cum
1267 4563 1462 4616 talibus
1501 4579 1515 4627 ;
1570 4565 1662 4617 sed

1831 2066 1916 2119 l7.
1953 2064 2073 2118 Non
2101 2065 2212 2118 alta
2242 2070 2544 2133 sentientes,
2570 2068 2661 2121 sed
2693 2069 2982 2123 humilibus
3007 2071 3337 2126 consentien-

1761 2165 1833 2210 tes
1861 2157 1929 2210 ⁹¹.
1961 2155 2278 2226 Superbiam
2308 2173 2403 2226 per
2445 2161 2621 2213 omnia
2657 2159 2771 2230 (7‘2)
2809 2161 3176 2229 relugiendam
3226 2165 3328 2217 do-

1760 2257 1846 2303 cet
1878 2265 1892 2311 ;
1929 2249 2032 2302 hoc
2062 2248 2206 2302 enim
2256 2250 2390 2303 dicit
2435 2249 2542 2303 alta
2587 2253 2810 2306 sentire.
2851 2253 3012 2323 653
3045 2254 3110 2308 Et
3137 2255 3334 2308 merito

1760 2338 2009 2407 superbia
2059 2338 2313 2407 fugienda
2355 2351 2460 2401 est,
2490 2357 2610 2394 cum
2649 2343 2930 2410 Scriptura
2998 2345 3164 2408 dicat,
3208 2347 3334 2415 quia

1759 2429 1966 2482 initium
1993 2428 2293 2485 discedendi
2326 2451 2356 2485 a
2403 2433 2534 2494 Deo,
2567 2434 2809 2501 superbia
2858 2444 2933 2486 est
2965 2435 3030 2483 ”.
3066 2435 3209 2489 Bene
3237 2451 3336 2488 au-

1763 2531 1868 2576 tem
1898 2538 2004 2576 uno
2020 2539 2267 2578 sermone
2297 2525 2685 2580 institutionem
2715 2527 3032 2581 humilitatis
3053 2529 3332 2594 exposuit;

1761 2614 2064 2669 consentire
2100 2615 2244 2669 enim
2277 2601 2605 2678 lliumilihus,
2655 2628 2710 2672 et
2741 2633 2926 2673 amare
2973 2620 3220 2684 humiles,
3251 2629 3338 2673 at-

1761 2717 1866 2770 quc
1897 2702 2164 2757 inclinare
2203 2719 2264 2758 se
2297 2706 2363 2758 ad
2403 2721 2519 2766 eos.
2568 2706 2669 2760 hoc
2706 2717 2788 2759 est
2827 2722 3178 2762 consuescere
3209 2709 3333 2761 imi-

1765 2793 1866 2847 tari
1917 2809 2041 2847 eum
2099 2796 2190 2863 qui
2242 2810 2362 2848 cum
2417 2797 2468 2849 iu
2520 2795 2693 2850 forma
2754 2796 2846 2850 Dei
2891 2808 3056 2861 esset,
3104 2797 3332 2852 formam

1762 2885 1902 2938 servi
1958 2887 2230 2954 suscepit,
2267 2896 2322 2955 et
2375 2886 2682 2942 humiliavit
2736 2901 2795 2942 se
2843 2903 3011 2957 usque
3064 2889 3131 2942 ad
3185 2903 3331 2943 mor-

1765 2986 1869 3031 tem
1901 2978 1970 3032 ".

1837 3091 1923 3145 18.
1959 3089 2141 3146 Nolite
2161 3107 2272 3147 esse
2301 3093 2580 3160 prudentes
2607 3096 2746 3161 apud
2768 3095 3104 3162 vosmetipsos
3128 3095 3196 3148 “.
3229 3093 3338 3161 Qui

1764 3181 1863 3236 sibi
1903 3184 2000 3252 ipsi
2026 3183 2263 3252 prudens
2305 3199 2428 3239 esse
2469 3185 2696 3246 videtur,
2746 3185 2830 3238 hic
2865 3201 2984 3238 cum
3017 3187 3331 3255 arrogantia

1766 3272 1964 3326 stultus
1987 3282 2104 3336 est;
2139 3286 2240 3326 nec
2269 3282 2446 3340 potest
2484 3287 2664 3325 veram
2688 3271 3004 3338 sapientiam
3043 3271 3134 3324 Dei
3172 3272 3333 3337 scire,

1773 3368 1866 3421 qut
1894 3368 2046 3406 suam
2079 3349 2352 3406 stultitiim
2381 3353 2531 3421 quasi
2569 3352 2884 3420 sapientiam
2919 3355 3065 3408 colit.
3101 3352 3340 3418 Denique

1771 3446 1825 3500 in
1871 3447 2240 3518 superioribus
2285 3447 2423 3500 hanc
2467 3445 2632 3501 fuisse
2681 3446 3070 3500 incredulitatis
3119 3459 3338 3498 causam

1769 3536 1990 3602 Judzeis,
2021 3539 2133 3608 ipse
2158 3538 2356 3592 Paulus
2381 3538 2615 3602 edocuit,
2639 3537 2825 3592 dicens
2844 3537 2909 3592 de
2930 3539 3026 3599 eis,
3051 3537 3172 3605 quia
3199 3537 3344 3606 igno-

1772 3639 1953 3683 rantes
1997 3628 2091 3682 Dei
2123 3630 2423 3698 justitiam,
2466 3639 2514 3682 et
2559 3645 2707 3682 suam
2745 3627 3014 3696 justitiam
3051 3637 3338 3696 quaerentes

1771 3731 2020 3783 statuere,
2036 3723 2266 3790 justitia:
2298 3721 2390 3774 Dei
2412 3737 2511 3773 non
2535 3731 2656 3774 sunt
2683 3721 2900 3790 subjecti
2925 3721 2990 3773 ”.
3023 3720 3110 3775 Sic
3134 3735 3260 3789 ergo
3286 3728 3340 3774 et

1771 3815 1858 3879 qui
1895 3817 2034 3880 apud
2067 3813 2413 3879 semetipsum
2455 3812 2670 3878 sapiens
2713 3821 2816 3874 est,
2856 3827 2960 3864 non
3001 3819 3178 3877 potest
3211 3821 3335 3862 esse

1769 3903 1984 3971 sapiens
2009 3904 2150 3972 apud
2179 3904 2370 3956 Deum.

1839 4019 1926 4073 19.
1965 4017 2115 4072 Nulli
2140 4019 2338 4071 malum
2367 4035 2462 4086 pro
2491 4018 2630 4072 malo
2654 4017 2925 4071 reddentes
2951 4016 3018 4068 ".
3052 4014 3106 4069 Si
3137 4014 3336 4068 malum

1769 4111 1971 4165 inferre
2003 4126 2226 4181 peccare
2258 4121 2362 4179 est,
2402 4125 2456 4167 ot
2480 4112 2705 4166 reddere
2733 4108 2932 4161 malum
2965 4122 3095 4170 non,
3130 4117 3186 4160 ut
3218 4109 3338 4175 qui-

1768 4203 1987 4258 busdam
2018 4205 2246 4267 videtur,
2273 4204 2472 4272 justum
2499 4213 2602 4266 est,
2631 4203 2722 4255 sed
2740 4199 2915 4254 simile
2932 4211 3208 4268 peccatum
3232 4208 3340 4264 esi,

1766 4302 1876 4360 aut,
1901 4303 1958 4348 ut
1975 4309 2075 4364 ego
2101 4292 2755 4364 arbitror,etiamgravius.
2776 4289 2907 4342 Nam
2927 4290 3014 4344 ille
3033 4288 3123 4357 qui
3143 4289 3338 4343 malum

1766 4387 1913 4454 prior
1951 4385 2150 4448 intulit,
2183 4384 2320 4438 l‘orte
2354 4385 2466 4454 (75)
2501 4398 2603 4436 non
2634 4379 2803 4436 sensit
2831 4381 3028 4435 ntalum
3047 4396 3166 4435 esse
3197 4381 3338 4449 quod

1765 4477 1910 4530 fecit.
1930 4476 2031 4542 Qui
2050 4487 2226 4530 autem
2249 4476 2477 4532 reddidit
2494 4474 2713 4536 malum,
2736 4490 2801 4526 eo
2819 4473 2937 4542 ipso
2956 4488 3062 4542 quo
3083 4472 3150 4525 ad
3177 4472 3342 4524 uleis-

1763 4569 1994 4622 cendum
2013 4580 2093 4622 est
2117 4579 2313 4631 motus,
2343 4567 2722 4622 confessusest
2741 4567 2976 4619 sensisse
3008 4564 3203 4616 malum
3222 4576 3342 4616 esse

134 4663 228 4703 cum
251 4654 351 4707 illis
374 4653 607 4708 ﬂendum
633 4658 794 4708 estde
822 4655 1015 4723 quibus
1046 4653 1176 4708 dicit
1205 4654 1494 4709 Dominus:
1519 4654 1667 4711 Beati
1703 4652 1746 4706 D
1775 4661 1916 4728 quod
1944 4659 2194 4713 reddidit.
2238 4659 2305 4712 Et
2334 4660 2453 4712 ideo
2488 4655 2881 4726 respiciendum
2913 4670 3124 4723 semper
3158 4661 3242 4708 est
3273 4653 3339 4706 ad

185 4793 226 4824 ⁸⁸
260 4793 396 4848 Gen.
429 4810 466 4857 ι,
496 4794 584 4848 22.
659 4795 702 4826 ⁸⁸
747 4794 877 4846 Dan.
912 4810 989 4853 lll,
1015 4791 1083 4844 5‘.’
1111 4808 1223 4862 seq.

1327 4793 1371 4824 ⁸¹
1402 4793 1417 4846 1
1443 4795 1568 4850 Cor.
1607 4813 1678 4860 Iv,
1719 4795 1797 4849 12.

1890 4797 1935 4828 ⁸³
1965 4795 2121 4847 Rum.
2151 4812 2248 4858 xu,
2277 4796 2362 4849 l5.
2437 4795 2482 4827 "
2518 4796 2649 4849 Luc.
2685 4813 2736 4855 it,
2759 4793 2851 4847 20.
2925 4791 2970 4822 ⁸⁸
3002 4789 3190 4842 Matth.
3223 4803 3340 4852 vm,

137 4861 204 4915 23.
261 4865 304 4897 ⁸⁸
333 4865 368 4918 ΙΙ
403 4866 527 4917 Cor.
558 4881 652 4929 vu,
681 4865 764 4918 10.
834 4864 876 4896 ⁸⁷
899 4863 1084 4916 Matth.
1123 4879 1150 4913 ν
1171 4859 1269 4926 ,’5.
1347 4865 1390 4895 ⁸⁸
1422 4863 1460 4918 Il
1509 4866 1631 4920 Cor.

1826 4868 1906 4919 10.
1987 4868 2030 4897 ⁸³
2060 4867 2316 4929 Iloumttt,
2357 4866 2438 4920 16.
2518 4868 2562 4898 ὀ
2593 4866 2778 4918 Matth.
2817 4879 2911 4926 vtt,
2941 4861 3028 4931 l2.
3103 4860 3145 4891 ⁹¹
3185 4859 3342 4915 Rom.

138 4948 213 4996 xu,
239 4937 317 4988 16.
394 4936 440 4968 ⁹¹
468 4933 629 4990 Eccli.
674 4951 728 4998 ι,
753 4935 837 4987 14.
934 4933 980 4965 ⁹³
1012 4933 1203 4998 Philip.
1232 4950 1295 4997 ll,
1323 4933 1376 4988 6.

191 5051 291 5120 (65)
345 5053 519 5116 Editi,
554 5070 670 5124 qua:
724 5053 951 5114 creavit,
1003 5053 1292 5118 invenitur,
1325 5054 1450 5106 item
1499 5055 1672 5108 homi-

139 5133 228 5178 nes,
252 5134 352 5178 CIC.

194 5190 291 5256 (61)
321 5193 417 5248 Ms.
449 5208 590 5245 unus
613 5202 665 5246 et
694 5191 970 5255 Rabanus,
1000 5190 1149 5243 aliud
1180 5193 1433 5245 muneris.

195 5261 291 5330 (65)
324 5263 530 5318 Diceris.
567 5265 720 5316 Deest
753 5263 805 5314 iu
837 5272 994 5313 antea
1031 5263 1208 5324 editis,
1241 5273 1296 5315 et
1321 5268 1372 5316 in
1397 5261 1670 5332 plerisque

143 5343 246 5382 mss.
281 5332 531 5386 Rabauus
556 5334 721 5386 habet
754 5333 827 5384 ait
860 5347 956 5396 pro
983 5335 1180 5386 dicens.

197 5401 294 5467 (66)
318 5403 478 5468 Editi,
508 5405 600 5456 sed
623 5401 989 5457 benedicimus.

197 5471 293 5540 ‘67)
319 5472 478 5536 Editi,
503 5476 662 5525 etiam
689 5474 772 5524 hic
798 5484 1109 5537 competens,
1138 5481 1245 5525 etc.

199 5540 294 5606 (68)
325 5541 551 5594 Etenim.
583 5544 739 5595 Deest
768 5543 820 5594 in
859 5541 1007 5593 libris
1041 5551 1198 5594 antea
1228 5540 1407 5593 editis.

147 5611 295 5726 li[$539)
319 5610 418 5666 Ms.
449 5611 649 5678 Regius
686 5625 832 5664 num.
864 5611 1028 5680 1659,
1069 5613 1155 5664 hic
1193 5620 1248 5664 et
1280 5611 1451 5674 infra,
1493 5610 1557 5664 de
1590 5619 1674 5665 ta-

161 5693 276 5733 10118.

201 5749 298 5818 (70)
321 5749 409 5805 Sic
432 5760 575 5804 recte
605 5765 705 5804 ms.
741 5749 938 5816 Regius
970 5764 1116 5802 num.
1152 5748 1520 5803 1639.-C;eteri
1547 5763 1676 5804 vero

149 5829 253 5870 mss.
281 5831 330 5874 et
355 5823 480 5874 editi
504 5862 518 5885 ,
546 5835 592 5874 et
619 5827 904 5874 secundum
947 5820 1263 5872 desiderium
1319 5820 1676 5888 lacrymarum

148 5891 414 5957 profusione
429 5893 653 5947 lavatur.
676 5891 951 5954 Rabanus,
965 5899 1012 5944 et
1031 5899 1269 5944 sanctum
1285 5888 1674 5945 desiderium...

1476 4936 1522 4966 ”
1554 4937 1711 4990 lloni.
1746 4938 1938 5001 χιι,16.

2037 4937 2082 4967 ⁸⁵
2109 4936 2264 4990 Rom.
2310 4951 2364 5004 ι,
2398 4940 2454 4991 5.
2559 4937 2605 4970 ’⁸
2633 4935 2788 4989 Rom.
2836 4949 2931 4996 xu,
2974 4930 3059 4984 l7.

1781 5055 1945 5110 lavat.

1849 5126 1962 5194 (7l)
1998 5123 2156 5178 Nam.
2188 5125 2340 5178 Deest
2375 5125 2425 5176 iu
2472 5122 2707 5194 editiset
2757 5120 2810 5194 i_n
2860 5117 3133 5194 plerisque
3184 5130 3342 5194 niis”

1779 5186 1870 5246 sed
1915 5186 2214 5250 restituitur
2247 5212 2308 5246 ex
2348 5193 2587 5246 Rabano.
2626 5190 2726 5244 Ms.
2763 5189 2965 5258 Regius
3000 5202 3146 5242 uum.
3183 5186 3341 5249 1659,

1779 5265 1960 5327 habet,
2001 5263 2196 5337 Tristia
2231 5265 2366 5316 enim
2405 5279 2500 5332 pro
2528 5260 2975 5337 Nanttristitia.“
3009 5325 3021 5336 .

1851 5324 1961 5404 (72)
1995 5334 2086 5387 Sic
2117 5349 2302 5386 omnes
2342 5324 2469 5385 més.
2501 5342 2555 5404 et
2583 5329 2857 5404 Rabanus.
2886 5325 3021 5404 Edili
3049 5339 3196 5404 vero.
3234 5324 3344 5378 Su-

1774 5395 2005 5464 perbiam
2040 5419 2196 5465 super
2237 5405 2496 5458 omnia..."
2526 5402 2623 5452 hoc
2659 5401 2799 5451 enim
2841 5395 3214 5462 beneplacitum
3265 5404 3340 5448 est

1776 5471 1904 5525 Deo.
1943 5473 2006 5525 Et
2037 5474 2222 5524 merito
2248 5474 2490 5539 superbia
2532 5471 2782 5538 fugienda
2814 5478 2920 5529 est,
2950 5482 3067 5539 cum
3093 5467 3342 5539 scriptum

1777 5545 1866 5600 sit.
1897 5541 2033 5606 Quia
2055 5543 2259 5594 initiunt
2283 5532 2640 5594 d'iscedendi'a
2671 5539 2776 5592 Deo
2799 5536 3041 5606 superbia
3068 5547 3142 5588 est
3193 5532 3345 5586 Unde

1780 5612 2058 5682 Apostolus
2089 5614 2141 5663 in
2181 5628 2298 5682 uno
2327 5610 2626 5682 (Rabanus,
2660 5608 2940 5682 in‘prinw)
2973 5620 3212 5660 sermone
3262 5606 3344 5656 in-

1781 5681 2104 5734 stitutionem
2134 5678 2448 5733 humilitatis
2472 5678 2820 5734 commendat.

1852 5760 1962 5828 (75)
2006 5757 2182 5810 Forte.
2231 5757 2401 5828 Deest;
2439 5755 2490 5804 in
2531 5751 2690 5828 editis
2719 5758 2774 5828 et
2801 5750 2871 5803 εἰη
2901 5746 3169 5828 plerisque
3214 5757 3344 5828 mss.

1781 5818 1994 5888 necnon
2035 5837 2091 5881 et
2127 5826 2266 5893 apud
2308 5823 2608 5878 Rabanum.
2649 5820 2756 5876 Sed
2794 5818 3093 5876 restituitur
3134 5830 3198 5870 ex
3239 5827 3349 5867 uno

1754 5896 1885 5960 ‘ms.
1926 5899 2092 5972 Regio
2126 5912 2279 5951 num.
2318 5893 2473 5948 16-10.
