3796 6562
469 415 609 472 ’ΞΞΞ
1920 413 2248 473 ORIGENIS
3577 408 3696 466 1221

462 547 587 588 eum
616 530 704 600 qui
744 530 884 585 dixit
907 549 923 585 :
950 529 1084 586 Mihi
1115 532 1425 597 vindictam,
1453 548 1546 604 ego
1574 532 1882 601 retribuam,
1902 534 2029 589 dicit
2059 542 2105 596 Α
2138 529 2447 594 retribuam,
2469 529 2599 583 dicit
2631 524 2897 583 Dominus
2927 529 2970 584 ⁸.
3004 526 3070 584 Hi
3099 528 3191 595 qui
3223 529 3439 598 scipsos
3463 541 3566 584 non
3595 531 3693 586 vin-

462 622 724 676 Dontinus
762 621 831 673 ".
2137 621 2342 688 dicant,
2373 621 2642 690 quomodo
2684 621 2779 675 ira:
2824 620 3003 676 locum
3049 622 3201 687 dent,
3241 621 3540 691 dupliciter
3580 624 3691 678 mihi

530 711 621 768 20.
647 710 992 765 Providentes
1020 711 1154 764 bona
1181 725 1360 763 coram
1381 710 1617 763 omnibus
1643 709 1942 764 hominibus
1960 711 2031 769 ”.
2135 714 2350 768 videtur
2373 711 2619 783 intelligi.
2652 712 2790 767 Nam
2816 722 2873 769 et
2896 714 3000 769 hoc
3031 716 3149 782 ipso
3178 714 3321 782 quod
3365 714 3517 769 verbi
3551 728 3691 769 causa

463 803 659 859 Coram
698 804 952 857 omnibus
991 802 1303 856 hominibus
1359 803 1605 872 providet
1636 803 1758 869 quis
1791 804 1955 867 lmna,
1985 804 2033 859 si
2137 819 2353 858 nianum
2411 803 2596 858 manui
2659 818 2768 857 non
2828 801 3071 859 referunt
3122 804 3259 876 (79),
3323 814 3421 859 aut
3469 806 3692 862 convicio

465 911 570 951 non
631 895 845 966 placeat
900 893 1237 965 singulorum
1296 896 1381 948 vel
1423 896 1587 959 vitiis,
1633 895 1715 948 vel
1769 897 2031 950 muribus.
2136 895 2439 948 convicium
2489 910 2594 948 non
2636 894 2892 958 reddunt,
2937 896 3030 949 iraa
3081 895 3226 950 illius
3272 898 3368 967 qui
3410 894 3544 952 fecit
3568 898 3691 965 inju-

459 986 714 1055 Alioquin
770 985 1042 1040 contraria
1103 985 1211 1039 erit
1260 984 1371 1053 (74)
1421 984 1508 1038 illa
1557 985 1802 1055 Apustoli
1862 986 2035 1056 ipsius
2138 985 2271 1039 riam
2294 986 2713 1056 pertranseundi
2737 997 2792 1040 et
2821 988 3182 1043 evanesceudi
3212 990 3390 1044 locum
3423 990 3689 1045 dederunt.

460 1080 728 1133 sententia
768 1093 887 1145 quae
925 1077 1096 1132 dicit:
1128 1074 1238 1146 Ego
1266 1079 1310 1131 si
1339 1078 1639 1131 hominibus
1682 1078 1890 1147 placere
1929 1079 2035 1134 νει-
2133 1074 2303 1131 Nemo
2338 1077 2484 1131 enim
2516 1078 2589 1130 ita
2623 1076 2847 1132 rabidus
2869 1078 3199 1144 invenietur,
3235 1081 3356 1149 qui,
3395 1080 3544 1134 illata
3578 1082 3692 1151 inju-

459 1170 583 1235 lern,
615 1170 815 1223 Christi
834 1187 1014 1225 servus
1060 1186 1163 1223 non
1194 1170 1454 1225 essent".
1490 1169 1598 1226 Sed
1624 1172 1715 1240 qui
1750 1172 1871 1226 vitae
1897 1187 2031 1234 sum,
2134 1168 2238 1231 ria.
2289 1168 2333 1221 si
2387 1168 2558 1221 Viccm
2619 1184 2728 1223 non
2784 1171 3031 1239 recipiat,
3085 1171 3280 1226 iterum
3333 1173 3558 1239 saeviat;
3609 1176 3690 1228 sed

461 1274 516 1317 ct
553 1280 783 1327 morum,
817 1276 976 1334 atque
1007 1273 1221 1319 actuum
1255 1275 1400 1319 tenet
1430 1265 1649 1329 libram,
1687 1278 1744 1322 ut
1772 1284 1875 1321 non
1907 1284 1960 1336 pi

2191 1258 2287 1313 tasi
2321 1257 2491 1314 ell‘uso
2517 1277 2581 1316 ac
2615 1262 2831 1330 digesto
2861 1262 3068 1330 lurore,
3104 1264 3423 1318 necessario
3446 1264 3686 1319 mitescit.

457 1354 528 1408 sit
566 1356 634 1409 ab
675 1355 782 1408 ullo
818 1356 1094 1409 hominum
1136 1357 1481 1422 reprehendi,
1522 1358 1625 1412 iste
1666 1360 1804 1412 bona
1847 1375 2031 1413 coram
2132 1351 2229 1405 Εδι
2260 1365 2386 1420 ergo
2409 1360 2464 1404 cl
2491 1354 2695 1421 grande
2735 1353 2947 1409 lucrum
2987 1354 3078 1409 ubi
3115 1364 3171 1409 et
3213 1355 3498 1422 peccantis
3534 1356 3696 1409 multi-

456 1448 705 1502 omnibus
735 1448 1044 1501 hominibus
1083 1449 1349 1515 providet.
1384 1448 1490 1503 Sed
1537 1459 1592 1502 et
1638 1449 1741 1505 hoc
1772 1451 1955 1504 adverl

2193 1440 2263 1494 do
2308 1442 2679 1508 compescitur
2728 1454 3113 1510 peccatorum,
3161 1454 3217 1498 et
3271 1446 3536 1513 injuriatn
3570 1444 3692 1513 passi

460 1553 599 1601 mus,
643 1539 911 1606 quomodo
967 1554 1072 1591 non
1124 1539 1261 1593 dixit
1306 1540 1612 1608 Apostolus,
1669 1552 1726 1594 ut
1780 1544 1959 1595 omnih

2193 1529 2390 1583 itientia
2428 1529 2541 1600 (80)
2574 1530 2874 1600 probabilis
2901 1532 2961 1586 lit
2998 1534 3140 1602 apud
3173 1533 3368 1587 Deum.
3395 1532 3497 1587 Est
3525 1545 3692 1588 autem

462 1630 772 1701 placeamus
807 1628 941 1701 (75),
973 1632 1089 1694 sed,
1128 1639 1184 1683 ut
1219 1631 1599 1700 provideamus
1648 1634 1789 1686 bona
1840 1648 2026 1687 eorum
2131 1631 2184 1675 el
2213 1623 2312 1675 hoc
2341 1625 2498 1677 "10th
2526 1622 2619 1677 ira!
2649 1623 2826 1678 locum
2856 1625 3008 1688 dare.
3045 1626 3263 1694 quando
3309 1640 3410 1695 pro
3466 1625 3552 1681 his
3588 1641 3692 1695 qum

455 1721 707 1775 omnibus
738 1720 1062 1787 hominibus,
1105 1723 1207 1776 hoc
1243 1734 1325 1776 est
1364 1733 1420 1777 ut
1466 1739 1692 1792 agamus
1761 1737 1861 1779 nos
1894 1726 1954 1777 bo

2197 1711 2440 1767 feruntur
2484 1713 2700 1782 injuriis
2745 1716 2837 1787 qui
2889 1727 3138 1785 peccant,
3195 1719 3500 1774 secundum
3542 1717 3696 1786 ipsius

456 1827 639 1867 coram
677 1813 927 1868 omnibus
969 1814 1277 1869 hominibus
1330 1813 1444 1870 sive
1484 1816 1588 1870 illis
1615 1814 1864 1885 placeant
1909 1833 1955 1887 qi

2196 1807 2280 1862 mli
2325 1810 2689 1874 sententiam,
2736 1806 2871 1862 iram
2919 1808 3021 1864 sibi
3082 1811 3466 1865 thesaurizant
3518 1812 3572 1869 lu
3622 1813 3695 1866 die

396 1899 403 1907 '
456 1904 594 1960 bona
632 1918 778 1973 sum,
803 1907 918 1962 sive
958 1923 1063 1963 ηοη
1097 1909 1367 1976 placeant.
2058 1887 2101 1941 Β
2134 1900 2247 1964 im,
2301 1910 2427 1955 tunc
2467 1916 2590 1954 cum
2636 1898 2821 1954 reddet
2873 1899 3018 1954 Deus
3065 1902 3363 1969 unicuique
3415 1903 3696 1959 secundum

517 1995 606 2047 21.
635 1993 695 2046 Si
718 1996 965 2061 possibile
987 2008 1087 2062 est,
1109 1998 1247 2066 quod
1267 2013 1332 2051 ea:
1358 2000 1497 2053 vobis
1518 2011 1615 2065 est,
1637 1980 2015 2058 cum‘omnibus

2196 2007 2292 2043 era
2318 2006 2416 2046 sua
2447 1990 2495 2044 ⁸.
2545 1989 2601 2044 Si
2641 2006 2772 2060 ergo
2802 1990 3161 2060 nosmetipsos
3200 1992 3565 2060 vindicamus,
3605 2011 3695 2049 non

447 2083 743 2139 hominibus
770 2104 947 2155 pacem
974 2090 1216 2143 habentes
1239 2090 1277 2142 ⁸.
1306 2088 1496 2146 Sciens
1518 2093 1804 2161 Apostolus
1830 2109 1946 2163 paCt

2195 2089 2492 2149 ttnagnum
2520 2083 2663 2150 quod
2705 2096 2805 2149 pro
2850 2082 3049 2153 injuria
3097 2094 3354 2153 suscepta
3409 2085 3693 2148 reddimus,

447 2174 589 2229 inter
628 2191 763 2245 quos
804 2194 906 2247 pax
942 2179 1191 2247 habetur,
1236 2198 1343 2236 non
1388 2199 1454 2237 ex
1490 2201 1595 2240 una
1634 2195 1803 2255 parte,
1832 2186 1927 2241 sed
1951 2203 2017 2241 ex
2132 2171 2284 2225 verbi
2332 2186 2520 2235 causa:
2572 2179 2667 2225 θυι
2717 2171 2952 2241 Pallium
3018 2189 3120 2243 P70
3166 2174 3369 2243 Ρ²¹¹¹¹³ς
3415 2173 3583 2246 655
3617 2187 3699 2228 ²¹¹ι

447 2274 673 2335 utraque
714 2279 994 2332 constare,
1034 2288 1104 2325 ne
1137 2288 1236 2327 nos
1277 2274 1496 2330 alterius
1531 2277 1767 2340 animus,
1800 2278 1843 2333 si
1880 2278 1946 2332 fm

2199 2275 2329 2314 xum
2368 2276 2466 2329 pro
2494 2274 2649 2327 saxo,
2673 2270 2768 2316 aut
2791 2277 2891 2332 pro
2923 2265 3248 2319 contumelia
3297 2268 3572 2320 sermonis
3596 2267 3694 2337 (8|)

446 2356 741 2425 impacatus
771 2363 1030 2424 evenerit,
1054 2379 1082 2416 ε
1105 2365 1247 2419 δοηο
1269 2366 1413 2434 pacis
1438 2367 1698 2437 impedire
1720 2370 2012 2436 videretur,
2133 2351 2404 2407 sermonis
2424 2351 2777 2408 nihilominus
2797 2354 3205 2410 contumeliam.
3228 2355 3285 2409 Si
3311 2371 3444 2410 veto
3469 2371 3701 2410 reserve-

443 2449 932 2507 moderatissimum
978 2453 1127 2509 dedit
1156 2466 1485 2527 praeceptum
1515 2477 1528 2511 :
1558 2468 1619 2514 ut
1656 2461 1872 2515 interim
1904 2463 1942 2520 li

2191 2457 2254 2497 us
2280 2458 2343 2497 ea
2367 2443 2618 2500 vindicta
2645 2443 2760 2505 Dei,
2792 2446 2844 2500 in
2867 2461 2934 2500 eo
2961 2445 3074 2517 (82)
3103 2448 3192 2516 qui
3222 2447 3363 2503 laesit
3397 2463 3501 2503 nos
3524 2448 3690 2504 locum

453 2551 640 2592 noster
687 2540 902 2594 animus
937 2556 1153 2610 semper
1199 2544 1270 2596 sit
1324 2555 1548 2611 paratus
1598 2544 1666 2597 ad
1721 2559 1932 2613 pacem,
1974 2555 2030 2599 ει
2130 2537 2325 2592 damus
2365 2534 2481 2599 irai,
2515 2534 2590 2588 illi
2619 2534 2739 2589 sine
2761 2535 2925 2590 dubio
2948 2552 3111 2606 quam
3134 2537 3237 2592 sibi
3263 2538 3381 2606 ipse
3404 2537 3523 2593 suis
3554 2537 3701 2591 malis

451 2630 733 2685 discordia:
760 2632 912 2699 culpa
946 2648 1051 2686 non
1085 2648 1253 2702 penes
1286 2650 1401 2697 nos,
1446 2634 1538 2688 sed
1585 2650 1753 2702 penes
1797 2636 1950 2691 alter:

2203 2626 2344 2682 tibus
2368 2626 2727 2691 thesaurizat,
2755 2642 2873 2696 qua:
2900 2627 2970 2684 de
2996 2643 3062 2682 eo
3088 2629 3143 2683 in
3178 2627 3390 2697 judicio
3421 2627 3515 2685 Dei
3549 2629 3702 2683 multo

450 2734 675 2777 constet.
713 2721 819 2777 Sed
860 2724 1093 2779 lortasse
1135 2725 1280 2779 dicat
1318 2710 1516 2796 aliquis
1545 2746 1558 2780 :
1590 2726 1877 2792 Quomodo
1925 2741 2025 2797 po-
2129 2720 2409 2786 graviores
2476 2735 2640 2790 quam
2706 2733 2807 2774 nos
2869 2722 3077 2780 inferre
3139 2738 3473 2793 possumus,
3535 2725 3705 2794 exigat

450 2819 557 2866 test
584 2813 696 2865 ﬁeri
724 2823 782 2866 ut
817 2828 1003 2880 pacem
1030 2829 1152 2867 cum
1184 2814 1436 2868 omnibus
1483 2815 1793 2870 hominibus
1822 2816 2026 2870 habea-
2127 2822 2341 2878 Ρωηειεο

450 2903 607 2960 mus?
643 2902 709 2957 Et
747 2904 874 2973 quid
920 2902 1182 2959 faciemus
1230 2906 1296 2961 de
1351 2905 1634 2975 Scriptura
1675 2921 1797 2974 qua:
1842 2907 1946 2963 dici

2205 2900 2290 2956 ΞΖ).
2332 2904 2439 2957 Sed
2466 2904 2512 2958 si
2546 2905 2789 2959 esurierit
2816 2903 3060 2957 inimicus
3097 2912 3241 2968 tuus,
3285 2905 3406 2959 ciba
3441 2906 3632 2971 il.unt,'
3661 2908 3704 2960 si

456 2991 655 3047 Furem
700 2996 935 3059 videbas,
979 3007 1026 3049 et
1077 2997 1428 3051 concurrebas
1478 3015 1599 3051 curn
1640 2998 1755 3061 illo,
1809 3008 1875 3072 et
1902 3016 2025 3054 cum
2125 2991 2337 3054 sitierit,
2374 3003 2557 3060 potum
2591 2993 2662 3046 da
2702 2992 2785 3046 illi
2826 3007 2846 3045 :
2883 2992 2983 3045 hoc
3020 2992 3160 3045 enim
3202 2990 3414 3059 faciens
3460 2992 3703 3047 carbones

448 3085 705 3139 adulteris
732 3088 1023 3154 portionem
1053 3100 1200 3141 tuam
1236 3088 1460 3155 ponebas
1486 3088 1551 3142 ’ἲ
1573 3089 1698 3143 Ideo
1731 3104 1860 3160 ergo
1890 3090 2027 3146 bene
2126 3083 2263 3153 ignis
2301 3100 2544 3152 congeras
2603 3101 2761 3153 super
2805 3093 2964 3153 caput
3009 3082 3127 3152 ejus
3147 3083 3170 3115 ⁸
3198 3081 3705 3157 (85).ﬁacquidem

447 3176 737 3246 Apostolus
788 3178 995 3232 addidit
1025 3192 1040 3231 :
1072 3177 1225 3242 Quod
1284 3193 1350 3230 ea:
1394 3178 1540 3231 vobis
1588 3190 1702 3243 est;
1757 3179 1863 3233 hoc
1915 3190 2022 3246 est,
2050 3219 2092 3275 ε
2127 3187 2185 3232 et
2211 3177 2474 3233 Dominus
2500 3178 2553 3232 in
2581 3177 2890 3246 Evangeliis
2920 3175 3166 3244 praecipit
3204 3175 3247 3228 ⁸.
3280 3176 3350 3229 Et
3374 3178 3623 3245 quamvis
3648 3176 3698 3230 iu

448 3268 590 3336 quod
627 3270 904 3336 proposito
955 3278 1140 3322 vestro
1197 3278 1251 3322 et
1306 3267 1425 3322 ﬁdei
1482 3278 1678 3322 vestra:
1741 3271 2017 3325 convenit.
2057 3267 2092 3275 “
2128 3268 2414 3338 propatulo
2445 3268 2517 3324 sit
2543 3268 2850 3324 intellectus
2882 3271 3006 3331 iste,
3034 3283 3145 3338 quo
3164 3269 3471 3322 secundum
3506 3285 3568 3322 ea
3591 3283 3707 3338 quas

448 3358 582 3415 Cum
614 3361 771 3414 malis
795 3360 940 3414 enim
971 3359 1171 3413 habere
1210 3375 1398 3428 pacem
1430 3370 1485 3414 et
1513 3361 1855 3427 societatem,
1893 3360 2018 3414 lidei
2126 3374 2293 3428 supra
2324 3359 2586 3423 diximus,
2621 3359 2674 3413 in
2703 3368 2966 3428 quantum
3011 3359 3252 3414 inimicis
3291 3369 3349 3413 et
3389 3360 3706 3415 laedentibus

447 3462 646 3505 nostra:
685 3451 800 3522 (77)
851 3453 1238 3519 propositoque
1288 3466 1395 3505 non
1449 3452 1730 3515 convenit,
1771 3453 2023 3519 quamvis
2126 3466 2233 3506 non
2264 3451 2436 3507 solum
2476 3454 2649 3506 vicem
2679 3466 2782 3506 non
2833 3450 3132 3516 reddimus,
3172 3451 3271 3506 sed
3301 3464 3359 3506 et
3391 3452 3533 3506 bona
3570 3468 3706 3522 pra:-

447 3549 502 3593 et
524 3540 632 3594 alia
670 3540 723 3593 in
760 3540 879 3595 loco
934 3541 1103 3609 possit
1153 3542 1338 3595 haberi
1383 3540 1683 3595 distinctio.
1743 3541 1903 3596 Aliud
1937 3553 2023 3597 est
2128 3555 2356 3609 stamus,
2418 3542 2472 3596 in
2530 3549 2735 3596 tantum
2797 3554 2990 3610 plenas
3037 3556 3227 3596 eorum
3276 3528 3332 3596 in
3376 3542 3471 3597 Dei
3503 3541 3705 3610 judicio

447 3632 594 3685 enim
641 3632 887 3688 homines
924 3648 1132 3697 amare,
1173 3632 1317 3686 aliud
1351 3633 1587 3687 crimina
1637 3634 1881 3705 diligere.
1916 3635 2018 3702 Qui
2125 3635 2466 3690 cumulamus
2492 3635 2596 3705 (est
2631 3634 2777 3689 enim
2817 3649 2944 3689 vere
2985 3634 3135 3703 justa
3185 3634 3473 3689 damnatio
3530 3636 3575 3691 si
3610 3651 3702 3689 ar-

447 3723 693 3779 botnines
736 3735 903 3789 amat,
943 3733 1087 3778 amat
1135 3734 1436 3779 creaturam
1484 3723 1579 3778 Dei
1614 3737 1629 3777 :
1664 3724 1755 3793 qui
1792 3725 2020 3780 crimina
2127 3738 2361 3796 guantur
2384 3738 2512 3780 ante
2539 3726 2706 3780 Deum
2730 3725 2817 3780 bis
2841 3725 3088 3780 intulisse
3118 3725 3261 3780 mala
3302 3742 3333 3779 a
3356 3730 3558 3797 quibus
3578 3744 3702 3797 per-

446 3816 642 3887 diligit,
667 3816 1362 3872 diaboltsectaturinventa
1382 3815 2017 3886 (78).Quierg0perfecti
2123 3818 2367 3886 ceperint
2409 3816 2595 3888 bona),
2642 3827 2824 3872 tamen
2863 3818 3144 3872 videamus
3193 3833 3263 3872 ne
3316 3817 3463 3875 forte
3490 3815 3709 3887 dignius

445 3920 592 3974 sunt,
649 3910 795 3978 ipsos
848 3911 900 3963 in
957 3911 1153 3980 quibus
1201 3911 1433 3963 oderunt
1483 3911 1713 3965 crimina
1774 3912 2019 3966 homines
2122 3909 2326 3978 aliquid
2362 3910 2597 3965 mandati
2646 3911 2806 3979 hujus
2856 3909 3129 3965 contineat
3186 3910 3525 3966 intellectus.
3569 3912 3710 3964 Dicit

442 4012 750 4057 amanuet
788 4001 911 4055 odio
943 4001 1205 4055 habentes
1235 4000 1288 4053 in
1326 4002 1407 4056 eis
1434 4000 1561 4055 illud
1593 4002 1735 4069 quod
1770 4014 2015 4072 peccant,
2121 4002 2269 4057 enim
2326 4012 2383 4056 et
2435 4001 2702 4057 Jeremias
2758 4003 3019 4072 propheta
3064 4002 3179 4073 (84)
3222 4002 3293 4055 ad
3339 4002 3703 4071 peccatricem

446 4090 572 4145 illud
607 4092 750 4160 quod
781 4091 921 4146 Deus
937 4092 1144 4145 creavit
1169 4106 1357 4145 amare
1392 4105 1497 4144 non
1525 4092 1804 4146 desinunt.
2123 4091 2291 4147 tiliam
2318 4091 2652 4164 Babylonis:
2690 4092 2869 4147 Habes
2895 4094 3149 4147 carbones
3200 4093 3361 4162 ignis,
3402 4095 3525 4147 sede
3549 4108 3710 4160 super

511 4181 603 4236 22.
638 4179 760 4235 Non
799 4198 887 4235 vos
923 4182 1274 4245 vindicantes,
1300 4181 1619 4242 cliarissinti.
1647 4182 1737 4234 sed
1782 4182 1904 4235 date
1935 4180 2015 4234 lo-
2119 4198 2232 4246 eos,
2256 4183 2309 4235 lii
2337 4193 2489 4237 erunt
2518 4185 2611 4238 tibi
2646 4187 2700 4238 in
2738 4184 3064 4255 adjutorium
3088 4185 3133 4237 '.
3162 4183 3444 4240 Fortassis
3486 4200 3619 4256 ergo
3650 4194 3707 4238 et

447 4290 565 4326 cunt
593 4276 709 4327 iris.
747 4274 1013 4341 Scriptum
1058 4286 1134 4329 est
1173 4275 1309 4329 enim
1339 4293 1359 4328 :
1391 4273 1524 4328 Mihi
1569 4276 1874 4336 vindictam,
1925 4288 2018 4344 ego
2122 4275 2211 4329 hic
2242 4276 2331 4330 isti
2369 4277 2638 4331 carbones
2675 4276 2814 4346 ignis
2842 4276 2932 4345 qui
2968 4285 3373 4346 congregantur
3412 4290 3576 4345 super
3608 4291 3707 4330 ca-

549 4414 596 4445 "
643 4412 798 4468 Deut.
831 4430 1005 4478 χχιιι,
1048 4413 1138 4471 55.
1238 4414 1283 4446 ⁸⁸
1321 4414 1482 4469 Rom.
1524 4431 1623 4475 xu,
1658 4415 1746 4468 l7.
1842 4415 1887 4447 ⁹⁰
1921 4413 2048 4469 Gala

2207 4411 2281 4466 ιο.
2389 4410 2569 4467 ‘Rom.
2601 4426 2697 4466 sn.
2736 4411 2822 4466 18.
2899 4413 2920 4444 ³
2951 4410 3089 4464 Psal.
3134 4428 3284 4478 ms,
3316 4413 3405 4467 18.
3482 4413 3505 4445 ³
3541 4413 3706 4467 Rom.

443 4496 543 4548 xu,
584 4483 670 4539 19.
746 4484 766 4515 ⁸
806 4483 963 4539 Rom.
994 4499 1060 4546 tt,
1093 4484 1148 4549 5,
1178 4483 1232 4538 6.
1327 4486 1350 4517 ⁵
1384 4484 1541 4538 Rom.
1571 4500 1672 4549 xu,
1704 4484 1797 4539 20.
1900 4486 1922 4516 ⁸
1952 4483 2146 4538 Matth.
2177 4482 2343 4547 v,42;
2374 4480 2506 4536 Luc.
2534 4496 2609 4548 vt,
2639 4481 2710 4535 27
2737 4496 2852 4551 seq.
2927 4482 2947 4513 ⁷
2977 4482 3079 4536 lsa.
3109 4498 3281 4569 sum,
3306 4486 3398 4538 14.

519 4600 630 4674 (⁸74)
677 4604 771 4658 Sic
817 4618 1009 4659 omnes
1057 4620 1187 4658 mss.
1224 4614 1280 4657 et
1327 4594 1608 4674 Rabanu's.
1662 4602 1804 4658 Editi
1864 4619 2015 4667 vero,
2052 4604 2295 4668 Dipsum
2333 4602 2473 4672 quod
2517 4601 2725 4655 oderint
2759 4602 3005 4669 crimina,
3038 4613 3147 4660 etc.
3188 4602 3296 4658 Sed
3332 4604 3535 4660 rectius
3574 4618 3710 4659 mss.

449 4670 789 4728 Providentes
812 4676 967 4736 bona,
998 4691 1098 4726 non
1120 4684 1327 4726 tantum
1353 4689 1529 4727 coram
1575 4673 1703 4738 Deo,
1733 4677 1824 4727 sed
1850 4674 2013 4727 etiarn
2124 4673 2233 4727 duo
2272 4670 2409 4726 utin
2442 4681 2627 4725 nostro
2657 4682 2830 4725 textu.

448 4758 627 4797 coram
657 4746 898 4798 omnibus
930 4744 1260 4814 hominibus.
1297 4742 1507 4814 Coram
1538 4742 1857 4808 horninibus,
1897 4761 2019 4796 con-
2195 4741 2432 4814 (79)_Sic
2477 4756 2667 4814 omnes
2694 4757 2848 4814 Amss.
2901 4740 3058 4814 Editi
3083 4757 3237 4807 vero,
3285 4759 3504 4797 manum
3538 4760 3712 4798 manu

447 4814 617 4867 traria
659 4816 780 4878 erit,
821 4827 954 4878 etc.,
994 4812 1209 4869 omissis
1249 4812 1603 4874 intermediis,
1649 4814 1885 4866 omnibus
1923 4817 2019 4866 ho-
2123 4810 2227 4866 non
2251 4810 2503 4881 referunt,
2536 4810 2942 4881 Genebrardus,
2972 4810 3249 4879 referiam.

448 4884 672 4937 minibus
708 4885 955 4953 providet
979 4885 1094 4953 quis
1120 4884 1277 4949 bona,
1304 4884 1351 4938 si
1388 4899 1491 4935 non
1532 4881 1737 4951 placeat
1784 4882 2019 4953 singulo-
2156 4952 2161 4953 γ
2195 4880 2313 4952 (80)
2343 4881 2511 4944 Alias,
2544 4888 2603 4953 et
2626 4880 2843 4953 injuria:
2865 4880 2970 4953 (al.
3001 4881 3347 4952 iniuriarum)
3386 4884 3565 4948 passio
3606 4901 3714 4953 pa-

446 4966 562 5006 rum
590 4954 671 5007 vel
692 4955 849 5017 vitiis,
880 4952 959 5008 vel
986 4950 1240 5023 moribus.
1272 4950 1544 5023 Alioquin,
1575 4961 1707 5023 etc.,
1737 4950 1881 5006 mss.
1903 4952 2019 5023 ple:
2124 4950 2327 5023 tientia.
2359 4962 2462 5006 etc.
2488 4967 2518 5023 ;_
2537 4950 2691 5023 alias,
2717 4961 2763 5002 et
2798 4950 3049 5023 injuriant
3072 4967 3263 5023 passus
3284 4950 3562 5018 patientia.
3596 4950 3712 5009 etc.

446 5023 634 5090 rique,
662 5041 764 5079 non
797 5034 851 5077 ut
873 5025 1077 5091 placeat
1101 5022 1119 5094 (
1137 5023 1232 5087 aL,
1251 5020 1449 5094 utnon
1477 5022 1716 5094 placeat)
1739 5031 1841 5078 etc.
1905 5020 2017 5077 Sed
2124 5020 2330 5094 Deinde
2359 5020 2688 5094 tus.ARegius
2717 5036 2866 5073 num.
2898 5020 3037 5094 1659
3067 5031 3120 5073 et
3150 5020 3414 5077 Rabanus
3436 5026 3715 5079 omittunt

446 5088 650 5164 rectius
681 5110 779 5148 ms.
807 5088 1007 5164 Regius
1046 5088 1197 5151 num.
1241 5089 1400 5150 1659.
1422 5100 1489 5164 ut
1524 5093 1577 5164 in
1606 5088 1776 5147 textu.
1861 5162 1870 5164 _
1982 5161 1992 5164 _
2121 5092 2368 5164 quando,
2390 5088 2481 5144 Sed
2521 5088 3018 5164 reStiuiitiit_cteteri
3043 5105 3176 5164 mss.
3208 5104 3262 5143 et
3295 5095 3450 5164 editi.

518 5162 630 5234 (75)
665 5164 829 5235 Editi,
868 5158 1127 5234 q'uomodo
1174 5180 1279 5220 non
1318 5162 1456 5218 dixit
1496 5163 1802 5230 Apostolus,
1850 5161 2017 5215 homi-
2134 5158 2145 5162 ⁷
2191 5160 2309 5235 (81)
2330 5158 2619 5235 Sermonis.
2648 5158 2929 5235 omittitur
2951 5161 3001 5213 in
3027 5160 3289 5235 editis,_et
3322 5163 3375 5214 in
3403 5179 3502 5235 ms.
3527 5161 3720 5235 Regio

446 5229 950 5303 nib'us'placeamag,
978 5235 1090 5296 sed,
1122 5245 1231 5290 etc,
1444 5239 1459 5303 γ’
1547 5229 1550 5230 ⁷
1594 5302 1617 5303 η
1911 5299 1937 5303 Δ
2118 5246 2246 5286 num
2285 5229 2452 5294 ⁷1659,
2502 5241 2556 5284 et
2593 5231 2734 5298 apud
2773 5229 3088 5293 Rabanum;
3136 5231 3231 5283 sed
3285 5234 3603 5286 restituitur
3629 5229 3718 5289 ἐι
3770 5272 3771 5279 η

518 5299 634 5373 (76)
668 5303 757 5359 Sic
785 5320 885 5359 ms.
921 5304 1120 5372 Regius
1143 5320 1292 5359 num.
1324 5302 1464 5360 1659
1491 5311 1547 5358 et
1590 5302 1866 5358 Rabanus.
1897 5299 2016 5358 Cte-

991 5305 1120 5372 egius
1143 5320 1292 5359 num.
1324 5302 1464 5360 1659
1491 5311 1547 5358 et
1590 5302 1866 5358 Rabanus.
1897 5299 2016 5358 ϐω-
2118 5303 2490 5373 ca:_l_e_rismss.

445 5367 548 5429 teri
589 5367 716 5443 vero
745 5390 876 5430 mss.
901 5384 957 5429 et
976 5367 1129 5439 editi,
1161 5386 1214 5429 ut
1235 5376 1372 5429 inter
1397 5375 1661 5440 inimicos,
1692 5385 1801 5429 etc.
2189 5370 2303 5443 (8‘2)
2329 5370 2497 5437 Alias,
2522 5367 2583 5425 Si
2611 5387 2732 5425 vero
2764 5386 3027 5425 servemus
3054 5386 3117 5423 ea
3145 5371 3489 5428 vindictam...
3511 5374 3619 5441 qui
3653 5373 3726 5429 de
3770 5406 3771 5431 ᾗ

518 5442 629 5515 (77)
672 5442 836 5510 Editi,
882 5454 1085 5507 vestrm,
1122 5445 1291 5515 male.
1333 5443 1534 5499 Deinde
1582 5443 1743 5515 iidem
1780 5450 1834 5496 et
1878 5456 2010 5497 mss.
2114 5452 2334 5515 eo,_e_t_c.

485 5509 715 5583 le'riq'ue,
737 5509 978 5583 quamvis
1011 5514 1182 5568 etalio
1212 5515 1266 5566 in
1299 5515 1433 5577 loco,
1458 5524 1567 5570 etc.
1596 5513 1702 5568 Sed
1728 5522 1874 5568 recte
1901 5527 2004 5569 ms.
2166 5510 2331 5583 _7(875)_7
2351 5510 2443 5566 Sic
2476 5527 2589 5583 gms.
2630 5509 2830 5581 Regius
2888 5526 3034 5562 num.
3085 5509 3247 5574 1633,
3314 5510 3607 5573 Rabanus,
3665 5525 3724 5565 et

497 5580 823 5653 egiusnuiu.
869 5583 1005 5653 1659
1028 5593 1082 5635 et
1105 5583 1357 5653 Rabanus
1387 5593 1445 5653 ut
1472 5583 1724 5653 iu_textu.
1830 5651 1849 5653 ᾗ
1995 5650 2008 5653 _
2114 5580 2490 5653 edift‘i.’Cz_eteri
2521 5597 2648 5636 vero
2681 5580 2811 5653 mss.
2845 5596 3127 5649 congregas
3166 5598 3326 5650 super
3368 5592 3547 5653 caput;
3564 5584 3725 5653 ejus.
3770 5614 3771 5623 ι

521 5649 634 5722 (78)
655 5652 731 5705 lla
757 5668 860 5706 nis.
891 5652 1090 5722 Regius
1113 5669 1262 5722 norm.
1287 5652 1422 5707 1659
1445 5662 1499 5705 et
1521 5650 1794 5707 Rabanus.
1816 5650 2009 5707 Caeteri
2188 5649 2300 5721 (84)
2336 5651 2473 5722 Dicit
2506 5653 2643 5705 enim
2676 5660 2725 5705 et
2755 5651 3016 5722 Ieremias
3042 5649 3318 5722 propheta.
3364 5652 3461 5707 Vel
3508 5649 3728 5722 Orige-

446 5735 576 5790 vero
617 5720 759 5777 'tnss.
815 5732 872 5775 et
927 5720 1092 5784 editi,
1166 5721 1378 5790 Diaboli
1434 5732 1660 5776 sectator
1725 5725 2010 5776 invenitur.
2114 5734 2233 5790 nes,
2285 5720 2370 5775 vel
2416 5721 2667 5790 Rulinus,
2718 5722 2803 5775 vel
2855 5720 3104 5775 fortassis
3154 5732 3390 5790 uterque
3437 5720 3729 5779 memoria

446 5788 650 5846 Deinde
686 5806 817 5846 mss.
860 5790 1122 5859 plerique,
1170 5789 1427 5845 Rabanus
1469 5800 1524 5846 et
1558 5791 1710 5861 editi,
1753 5790 1850 5845 hoc
1897 5794 2011 5859 ipso
2115 5788 2302 5858 lapsus
2336 5800 2420 5845 est
2452 5788 2706 5853 terentia:
2754 5791 3077 5850 ascribendo
3122 5788 3388 5861 quodex
3425 5790 3576 5849 lsaia
3622 5799 3733 5853 de-

447 5875 547 5929 quo
571 5861 689 5930 (aL,
718 5860 882 5931 quod)
913 5861 1133 5915 oderunt
1167 5861 1407 5926 crimina,
1434 5869 1541 5918 etc.
1570 5860 1689 5934 bis.
1724 5877 1881 5929 unus,
1911 5861 2008 5917 hoc
2110 5860 2401 5935 promitur.
