3812 6546
37 405 183 461 1225

995 412 1350 470 COMMENT.
1395 411 1460 464 1N
1500 410 1720 467 EPIST.
1758 410 1849 464 AD
1885 413 2054 470 ROM.
2099 415 2227 472 ΜΒ.
2265 417 2352 472 1X.

3163 426 3301 480 1226

31 545 133 603 put
179 537 414 600 inimici,
468 538 519 591 in
578 539 907 605 adiutorium
966 540 1136 607 ipsius
1193 544 1622 607 congregantur.
1655 536 1701 591 A
1729 533 1850 604 ipso
1877 535 1978 590 sibi
2007 537 2186 589 datam
2213 537 2447 605 gratiam
2489 539 2851 604 conﬁtentur;
2895 542 2989 596 sed
3035 554 3127 596 aut
3175 561 3301 612 pro-

31 625 224 681 Potest
249 629 394 683 enim
441 629 554 682 lleri
584 639 642 682 ut
673 630 886 683 animus
919 629 1069 684 ferus
1112 645 1176 684 ac
1215 629 1482 683 barbarus
1520 629 1619 682 ini-

32 720 160 772 mici
193 719 337 788 (85),
369 720 412 774 si
439 721 634 774 sentiat
673 720 992 774 beneficium
1031 731 1302 790 nostrum,
1339 723 1384 776 si
1429 721 1619 775 huma-

30 810 292 870 nitatem.
342 811 385 865 si
440 811 716 874 aﬂ‘ectunt,
768 813 811 865 si
876 813 1132 880 pietatem
1193 813 1410 874 videat,
1465 829 1614 867 cont-

30 901 390 968 punctionem
433 904 612 957 curdis
659 904 859 972 capiat,
901 905 1176 958 commissi
1221 905 1614 974 paenitudinem

29 1000 205 1058 gerat.
238 1004 297 1044 et
322 1008 388 1045 ex
412 993 512 1047 hoc
555 993 693 1059 ignis
736 994 788 1046 in
838 1009 903 1047 eo
955 995 1172 1062 quidam
1233 995 1612 1058 succendatur,

29 1085 113 1149 qui
138 1099 271 1136 eum
307 1100 401 1153 pro
428 1088 701 1141 commissi
732 1087 1060 1140 conscientia
1099 1085 1209 1157 (86)
1255 1097 1530 1156 torqueat,
1558 1096 1616 1142 et

29 1177 260 1242 adurat;
303 1187 355 1232 et
392 1178 476 1231 isti
514 1188 674 1232 erunt
713 1179 977 1233 carbones
1012 1179 1150 1250 ignis
1187 1179 1278 1246 qui
1325 1192 1489 1246 super
1526 1193 1616 1232 ca-

29 1277 116 1334 put
148 1266 275 1334 ejus
311 1284 374 1322 ex
407 1278 597 1323 nostro
644 1270 1026 1325 misericordiae
1077 1281 1130 1324 et
1187 1271 1403 1340 pietatis
1448 1285 1613 1340 opere

29 1372 458 1429 congregantur.
499 1360 674 1431 Caput
698 1377 848 1427 vero,
892 1362 1189 1431 principale
1221 1363 1406 1417 cordis
1431 1362 1614 1430 appel-

29 1450 170 1504 latur
203 1468 219 1505 :
251 1461 312 1506 et
341 1452 531 1505 merito
556 1461 717 1519 caput
765 1451 984 1517 dicitur,
1041 1456 1196 1524 cujus
1249 1455 1527 1509 intellecut
1561 1461 1615 1507 et

29 1541 320 1608 prudentia
352 1543 591 1595 membra
620 1553 882 1612 reguntur
911 1543 1183 1599 universa.

82 1632 178 1687 2-1.
210 1633 348 1687 Noli
370 1636 510 1688 vinci
540 1653 572 1688 α
603 1635 766 1698 malo,
803 1636 892 1687 sed
918 1638 1062 1689 vince
1094 1638 1148 1688 in
1174 1638 1307 1690 bono
1341 1635 1538 1688 malum
1566 1635 1609 1688 ⁸.

29 1725 276 1779 Vincitur
316 1743 343 1779 a
377 1727 538 1791 utalo,
575 1727 665 1794 qui
707 1728 861 1782 malis
900 1739 1223 1797 provocatus
1276 1729 1450 1782 reddit
1499 1746 1612 1782 ma-

30 1817 145 1868 lum.
203 1815 268 1868 In
329 1816 466 1869 bono
515 1825 690 1872 autem
745 1818 910 1872 vincit
968 1819 1168 1870 malum
1224 1820 1313 1886 qui
1372 1820 1610 1886 acceptis

29 1906 172 1960 malis
210 1908 454 1962 restituit
488 1909 647 1965 bona.
701 1910 922 1965 Certum
979 1920 1061 1965 est
1101 1913 1242 1966 enim
1301 1912 1440 1965 hanc
1483 1926 1602 1965 esse

29 1999 137 2052 mali
194 2007 478 2062 naturam,
539 2011 596 2055 ut
642 2017 706 2054 ex
767 2002 1030 2058 similibus
1078 2003 1190 2058 suis
1239 2011 1498 2071 augeatur
1549 2011 1603 2054 et

30 2100 265 2155 arescat;
307 2090 447 2145 sicut
478 2092 584 2159 igni
613 2091 658 2146 si
691 2093 865 2162 ignem
895 2095 1127 2163 iungas;
1166 2092 1300 2147 sicut
1341 2093 1384 2145 si
1425 2091 1601 2145 noctis

29 2182 256 2236 tenebris
299 2183 439 2238 acris
461 2183 574 2254 (87)
612 2184 852 2238 nubilum
908 2187 1166 2240 societur.
1221 2184 1426 2238 Bonum
1471 2198 1601 2236 vero

29 2272 56 2325 si
81 2272 381 2338 adhibeas,
425 2277 818 2329 exterminatur
871 2275 1091 2328 malum.
1128 2274 1412 2329 Contraria
1450 2289 1600 2326 natn-

30 2379 110 2432 que
135 2365 441 2421 contrariis
480 2368 840 2435 perimuntur,
905 2368 1044 2421 sicut
1077 2382 1170 2434 per
1218 2380 1411 2436 aquam
1460 2365 1598 2432 ignis

30 2458 402 2524 :xstinguitur,
445 2467 499 2511 et
527 2473 620 2526 per
658 2457 826 2512 lucem
872 2459 1112 2512 tenebrat
1160 2457 1434 2527 fugantur.
1491 2456 1597 2510 Sed

30 2546 245 2602 'ortasse
274 2547 427 2602 dicat
457 2549 654 2617 aliquis
701 2548 921 2602 Paulum
953 2563 1049 2617 per
1106 2548 1433 2615 imperitiam
1471 2561 1591 2600 scr-

30 2642 177 2694 nonis
206 2655 238 2694 a
278 2643 558 2710 proposito
592 2643 886 2707 decidisse;
930 2642 1214 2713 proposuit
1253 2642 1400 2697 enim
1448 2642 1592 2712 loqui

30 2728 73 2782 le
120 2730 292 2783 donis
343 2733 635 2800 gratiarum
692 2749 810 2803 quae
867 2751 962 2802 per
1017 2734 1278 2804 Spiritum
1343 2744 1593 2790 sanctum

29 2818 219 2873 lantur.
280 2820 353 2874 Et
398 2823 610 2891 quidem
648 2826 787 2891 quod
825 2825 899 2880 ait
935 2843 948 2878 :
993 2826 1116 2879 Sive
1147 2826 1446 2895 prophetia,
1485 2825 1593 2880 sive

29 2913 391 2988 sinisterium,
422 2917 528 2967 sive
555 2915 820 2981 doctrina,
845 2919 949 2971 sive
969 2918 1266 2971 exhortatio
1293 2918 1334 2980 ⁹,
1367 2926 1592 2987 possunt.

30 3020 112 3059 nec
156 3006 232 3059 ad
275 3005 418 3059 dona
463 3006 722 3074 spiritalia
766 3009 1055 3076 pertinere.
1090 3008 1359 3063 Fortassis
1400 3008 1590 3064 ethoc

29 3099 139 3165 ptod
163 3099 460 3167 sequitur:
496 3097 600 3163 Qui
625 3100 806 3151 tribuit
829 3100 884 3152 in
908 3101 1262 3170 simplicitate,
1288 3101 1378 3169 qui
1405 3111 1589 3168 prwest

1644 1878 1684 1931 Β

1722 624 1856 694 priae
1897 625 2175 680 industria:
2221 627 2518 692 ascribunt,
2563 638 2658 683 aut
2713 645 2880 699 super
2929 633 3204 696 magistris
3248 641 3302 685 et

1721 716 2123 772 institutoribus
2182 718 2508 788 gloriantur.
2577 719 2742 774 Nobis
2815 731 2994 774 autem
3063 723 3301 776 ostendit

1718 809 2008 877 Apostolus
2053 824 2213 864 omne
2249 810 2391 878 quod
2438 811 2637 865 bonum
2684 821 2787 875 est,
2831 827 2860 864 a
2909 811 3016 866 Deo
3063 827 3207 874 esse,
3247 821 3301 866 et

1719 914 1820 967 per
1858 900 2124 968 Spiritum
2161 916 2410 956 sanctum
2438 902 2577 966 dari,
2629 904 2771 958 sicut
2799 915 2853 958 et
2878 902 3116 957 Jacobus
3165 919 3298 970 apo-

1717 992 1887 1046 stolus
1918 993 2099 1046 dicit:
2139 993 2306 1048 Omne
2346 996 2529 1048 datum
2571 998 2762 1049 bonum
2817 1008 2864 1049 et
2910 1013 3062 1050 omne
3101 998 3299 1050 donum

1716 1083 2000 1151 perlectum
2033 1083 2308 1138 desursum
2355 1095 2430 1137 est
2475 1087 2800 1141 descendens
2846 1105 2880 1140 a
2936 1088 3097 1142 Patre
3139 1088 3299 1141 lumi-

1719 1190 1844 1227 num
1874 1175 1956 1240 ";
1996 1184 2054 1228 ut
2083 1177 2174 1246 qui
2206 1177 2483 1246 gloriatur,
2516 1179 2572 1230 in
2603 1177 2825 1232 Domino
2857 1179 3114 1249 glorietur
3142 1179 3208 1236 “.

1784 1267 1875 1322 25.
1917 1269 2210 1324 Videamus
2249 1285 2380 1340 ergo
2428 1286 2568 1323 nunc
2605 1271 2732 1339 quid
2761 1273 2948 1326 ~etiam
2995 1273 3050 1326 in
3098 1286 3297 1327 conse-

1714 1359 2002 1429 quentibus
2051 1359 2303 1429 adjungat
2355 1361 2650 1427 Apostolus
2683 1363 2920 1417 :-Omnis
2967 1364 3149 1417 anima
3200 1380 3295 1428 po-

1715 1452 1992 1504 testatibus
2039 1452 2438 1505 sublimioribus
2480 1452 2752 1520 subjaceat
2795 1456 2840 1486 “
2882 1455 3018 1525 (91).
3068 1455 3294 1509 Videtur

1716 1544 1847 1597 mihi
1883 1543 1937 1596 in
1969 1543 2072 1597 hoc
2106 1542 2262 1596 valde
2297 1543 2641 1600 laudabiliter
2671 1546 2909 1600 animam
2955 1549 3288 1611 nominasse,

1713 1650 1871 1705 quam
1908 1635 2191 1704 subiacere
2231 1638 2593 1703 potestatibus
2623 1638 2799 1705 jubet.
2829 1636 3113 1706 Nunquam
3145 1639 3291 1692 enim

1714 1728 1964 1794 dixisset,
1996 1728 2174 1782 omnis
2219 1731 2442 1798 Spiritus
2493 1730 2771 1797 subiaceat
2827 1731 3106 1797 potestati,
3162 1730 3284 1794 sed,

1713 1820 1883 1871 omnis
1913 1817 2112 1870 anima.
2140 1819 2215 1873 De
2239 1834 2344 1887 qua
2373 1818 2677 1873 differentia
2703 1834 2846 1888 saepe
2873 1817 2986 1886 iam
3025 1820 3285 1882 diximus,

1713 1909 1856 1977 quod
1907 1909 2176 1962 interdum
2229 1923 2324 1977 per
2383 1909 2656 1973 animam,
2719 1911 2992 1964 interdum
3032 1925 3130 1979 per
3168 1925 3290 1964 car-

1707 2014 1854 2063 nem,
1904 1999 2178 2053 interdum
2237 2014 2333 2068 per
2392 2001 2667 2068 spiritum,
2735 2001 2899 2055 homo
2949 2003 3285 2056 nominatur.

1705 2089 1811 2143 Sed
1850 2087 1972 2143 cum
2023 2105 2052 2142 a
2094 2100 2249 2160 parte
2297 2091 2516 2144 meliore
2568 2092 2932 2147 nominandus
2974 2103 3078 2158 est,
3133 2096 3285 2163 quasi

1703 2179 1792 2247 qui
1863 2179 2126 2248 spiritalis
2191 2180 2424 2248 intelligi
2511 2180 2746 2246 debeat,
2841 2183 3069 2252 spiritus
3149 2185 3286 2240 dici-

1705 2281 1791 2323 tur
1834 2288 1849 2325 :
1899 2272 2115 2338 quando
2157 2271 2224 2324 ab
2265 2271 2560 2335 inferiore,
2609 2274 2790 2328 anima
2843 2293 2856 2327 :
2909 2290 3033 2329 cum
3079 2293 3212 2330 vero
3251 2293 3284 2332 a

1699 2361 1863 2434 655
1894 2362 2164 2416 deteriore
2196 2364 2530 2426 nominatur,
2562 2379 2695 2418 caro
2724 2366 2922 2420 dicitur
2955 2385 2969 2420 :
2999 2380 3052 2421 et
3088 2368 3280 2423 horum

1702 2455 2013 2510 testimonia
2038 2456 2105 2510 de
2127 2456 2425 2524 Scripturis
2449 2471 2590 2525 stepe
2614 2458 2962 2525 protulimus.
2980 2459 3133 2514 Nunc
3153 2475 3285 2530 ergo

1698 2547 1955 2616 quoniam
1991 2556 2261 2615 praecepta
2281 2547 2632 2602 credentibus
2662 2548 3139 2619 ponitApostolus,
3167 2553 3283 2606 vult

1699 2653 1798 2693 nos
1823 2640 2090 2706 quietem,
2123 2649 2382 2707 quantum
2433 2640 2486 2693 in
2530 2640 2686 2694 nobis
2712 2651 2815 2704 est,
2847 2643 3133 2708 pratsentis
3161 2645 3282 2697 vita:

1697 2744 1994 2798 pacemque
2032 2745 2266 2785 scrvare.
2305 2730 2371 2784 Et
2419 2731 2467 2785 si
2522 2733 2742 2801 quidem
2780 2733 2916 2787 tales
2966 2745 3156 2787 sumus
3183 2736 3278 2802 qui

1695 2821 1967 2891 conjuncti
2026 2823 2256 2876 Domino
2303 2839 2444 2877 unus
2479 2838 2600 2878 cum
2640 2839 2705 2878 eo
2751 2825 2976 2893 spiritus
3008 2827 3178 2880 simus
3209 2827 3277 2890 “,

1695 2913 1925 2968 Domino
1945 2913 2180 2969 dicimur
2205 2928 2326 2968 esse
2355 2914 2602 2983 subjecti.
2631 2916 2688 2969 Si
2721 2931 2848 2971 vero
2874 2917 3110 2971 nondum
3143 2917 3277 2973 tales

1692 3021 1898 3069 sumus,
1931 3006 2027 3060 sed
2058 3007 2364 3060 communis
2391 3007 2567 3061 adhuc
2588 3009 2768 3060 anima
2799 3018 2882 3063 est
2906 3009 2957 3063 in
2977 3009 3133 3064 nobis
3152 3025 3276 3078 qua

1693 3097 1893 3152 habeat
1925 3098 2129 3166 aliquid
2165 3097 2323 3165 huius
2355 3099 2572 3161 mundi,
2605 3114 2724 3168 qua:
2758 3101 2830 3153 sit
2858 3102 2904 3155 ei
2935 3101 3119 3172 aliquo
3150 3103 3271 3157 alli-

33 3209 56 3240 ιι
84 3189 476 3250 sollicitudine,
537 3191 626 3259 qui
669 3191 946 3244 miseretur
987 3192 1040 3245 in
1090 3192 1362 3244 hilaritate
1394 3189 1460 3252 ",
1493 3207 1586 3244 su-
1614 3214 1658 3270 ρ
1693 3197 1814 3258 gata
1849 3188 2066 3257 negotio
2091 3188 2226 3257 (9'2),
2256 3188 2380 3242 huic
2409 3199 2673 3258 praecepta
2702 3191 2994 3261 Apostolus
3021 3192 3192 3262 ponit,
3219 3202 3275 3248 et

30 3283 318 3338 uerioribus
359 3283 528 3352 possit
571 3283 827 3354 adiungi:
883 3301 945 3340 ea
987 3300 1115 3338 vero
1165 3299 1284 3354 qua:
1313 3294 1436 3355 post
1465 3285 1581 3341 lucc

30 3385 312 3438 numerat,
348 3388 407 3429 ut
435 3377 505 3429 sit
532 3377 764 3430 charitas
798 3378 912 3431 sine
938 3376 1309 3440 simulatione,
1341 3377 1578 3431 odientes

29 3467 189 3518 Italum
211 3507 231 3532 ,
271 3466 603 3521 adluerentes
625 3469 758 3521 bono
779 3509 793 3532 ,
818 3471 1075 3522 charitate
1105 3471 1463 3538 fraternitatis
1501 3469 1584 3522 in-

29 3561 150 3611 irem
192 3560 485 3626 diligentes
507 3598 522 3622 ,
567 3561 762 3614 honore
788 3561 1000 3614 invicem
1031 3563 1401 3626 prwvenientes
1431 3564 1499 3624 “,
1524 3572 1579 3616 et

30 3663 185 3704 auara
219 3651 563 3717 hujUSmodi,
598 3662 868 3720 praecepta
902 3653 1080 3721 potius
1108 3652 1252 3705 dicat
1276 3668 1578 3722 essequam

29 3743 152 3800 Iona.
199 3744 322 3798 Sed
351 3744 757 3799 consideremus
793 3745 1103 3816 diligentius
1152 3760 1218 3800 ne
1259 3745 1396 3800 forte
1441 3763 1579 3815 quo-

29 3835 133 3886 niam
163 3834 398 3903 quidem
452 3835 504 3888 in
553 3835 635 3888 his
678 3836 934 3890 omnibus
967 3834 1227 3889 moralem
1252 3835 1430 3888 locum
1465 3847 1578 3888 tra-

36 3933 137 3978 tare
161 3925 432 3986 instituit,
460 3935 516 3979 et
557 3941 663 3979 non
689 3926 866 3981 solum
901 3929 952 3980 in
981 3927 1085 3981 ﬁde
1125 3928 1375 3982 veritatis
1408 3927 1579 3981 stabi-

29 4031 97 4068 em
141 4027 199 4071 et
250 4017 614 4082 immobilem,
672 4034 856 4071 verum
913 4029 966 4072 et
1015 4021 1069 4072 in
1126 4018 1366 4073 moribus
1412 4034 1578 4071 orna-

31 4122 105 4158 um
146 4107 265 4177 (88)
313 4106 490 4161 facere
517 4107 904 4169 Christianum,
938 4108 1059 4162 ideo
1086 4109 1155 4161 ad
1192 4121 1416 4161 munera
1446 4123 1574 4177 gra-

31 4197 192 4252 iarunt
229 4200 406 4252 etiam
449 4199 670 4252 moralia
703 4209 969 4268 praecepta
1015 4201 1308 4270 coniungat
1364 4200 1577 4271 (89),nt

29 4291 244 4345 istendat
287 4288 624 4346 Christianis
661 4290 825 4344 etiam
877 4293 992 4347 haec
1053 4308 1150 4361 per
1197 4291 1290 4346 Dei
1341 4293 1573 4360 gratiam

29 4380 125 4435 lari.
162 4384 317 4439 Sunt
347 4386 489 4437 enim
537 4396 592 4438 et
638 4385 880 4440 nonnulli
929 4386 1207 4455 gentilium
1255 4377 1572 4456 compositis

29 4477 233 4531 tioribus
286 4485 347 4530 et
396 4477 621 4532 honeste
669 4477 930 4530 institutis
959 4474 1094 4545 (90),
1132 4479 1223 4547 qui
1256 4488 1436 4532 tamen
1470 4480 1572 4533 hoc

1693 3279 1824 3333 dicit
1862 3289 1922 3333 ut
1951 3278 2193 3346 subjecta
2249 3281 2321 3333 sit
2374 3282 2730 3349 potestatibus
2786 3285 2970 3338 mundi
2999 3304 3014 3340 :
3048 3288 3171 3354 quia
3218 3295 3273 3340 et

1691 3371 1950 3426 Dominus
1991 3371 2146 3436 dixit,
2177 3381 2234 3424 ut
2282 3372 2334 3425 hi
2369 3374 2458 3442 qui
2509 3375 2711 3429 habent
2747 3376 2800 3429 in
2857 3392 2917 3431 se
2965 3379 3267 3447 superscri-

1687 3462 2192 3532 ptlonemCmsaris,
2220 3465 2443 3518 reddant
2462 3465 2657 3520 Caesari
2676 3483 2795 3535 qua:
2817 3479 2939 3522 sunt
2958 3468 3189 3524 Caesaris
3203 3471 3269 3525 ‘°.

1687 3553 1879 3609 Petrus
1901 3562 1955 3606 et
1983 3551 2220 3608 Joannes
2262 3554 2394 3608 nihil
2428 3556 2700 3611 habebant
2746 3563 2888 3629 quod
2923 3560 3124 3616 Caesari
3151 3563 3272 3616 red-

1686 3647 1906 3709 derent;
1943 3645 2078 3698 dicit
2103 3646 2246 3698 enim
2276 3643 2474 3701 Petrus
2500 3668 2511 3702 :
2555 3651 2760 3704 Aurum
2788 3662 2834 3706 et
2860 3665 3133 3722 argentum
3164 3671 3269 3708 non

1682 3737 1845 3790 habeo
1882 3737 1945 3788 ¹⁷.
1979 3737 2079 3802 Qui
2109 3737 2212 3792 hoc
2243 3756 2346 3794 non
2379 3741 2562 3804 habet,
2589 3758 2688 3796 nec
2715 3743 2912 3798 Ctesari
2937 3747 3268 3816 habetquod

1684 3829 1898 3892 reddat,
1931 3844 2034 3882 nec
2066 3828 2208 3882 unde
2260 3831 2673 3889 sublimioribus
2704 3836 2979 3904 subiaceat
3020 3847 3264 3906 potesta-

1681 3921 1845 3975 tibus.
1887 3919 1989 3987 Qui
2028 3940 2151 3979 vero
2191 3925 2352 3980 habet
2377 3935 2471 3978 aut
2506 3927 2814 3993 pecuniam,
2840 3939 2932 3982 aut
2963 3931 3266 3999 possessio-

1679 4028 1797 4077 nes,
1849 4026 1943 4067 aut
1981 4015 2181 4084 aliquid
2226 4017 2278 4069 in
2332 4017 2534 4070 saeculo
2592 4019 2785 4087 negotii
2827 4018 2974 4089 (95),
3033 4020 3260 4075 audiat:

1680 4102 1867 4158 Omnis
1899 4107 2080 4158 anima
2109 4106 2454 4174 potestatibus
2488 4108 2876 4162 sublimioribus
2895 4110 3165 4179 subjaceat
3193 4112 3259 4166 ¹⁸.

1745 4198 1834 4251 26.
1853 4196 1974 4252 Νση
1993 4209 2067 4252 est
2089 4199 2436 4269 enim,inquit
2457 4199 2590 4270 (91),
2608 4210 2836 4268 potestas
2863 4203 2968 4256 nisi
2994 4220 3028 4256 a
3053 4202 3159 4256 Deo
3189 4205 3255 4258 ²⁹.

1676 4289 1815 4343 Dicit
1867 4289 2097 4344 fortasse
2125 4289 2320 4358 aliquis
2349 4309 2362 4344 :
2395 4291 2534 4356 Quid
2564 4292 2731 4359 ergo?
2758 4291 2824 4345 Et
2874 4293 2964 4347 illa
3008 4303 3252 4363 potestas

1673 4399 1793 4454 quae
1828 4401 2016 4440 servos
2043 4384 2136 4437 Dei
2190 4385 2560 4453 persequitur,
2595 4385 2754 4439 tidem
2785 4387 3086 4456 impugnat,
3124 4388 3255 4441 reli-

1673 4477 1886 4545 gionem
1915 4475 2202 4539 subvertit,
2248 4491 2276 4527 a
2321 4475 2429 4527 Deo
2467 4476 2584 4529 est?
2608 4478 2689 4529 Ad
2725 4477 2828 4530 hoc
2864 4478 3104 4531 breviter
3159 4493 3249 4531 re-

29 4581 160 4634 psum
198 4568 358 4637 quod
387 4569 608 4633 habent,
643 4585 748 4624 non
783 4573 850 4624 ad
879 4569 1047 4622 Deum
1077 4569 1341 4635 relerunt,
1370 4584 1470 4624 nec
1504 4572 1572 4625 ab
1603 4566 1649 4621 D
1675 4566 2083 4637 spondebimus.
2116 4563 2288 4618 Nemo
2330 4575 2413 4620 est
2455 4568 2548 4634 qui
2601 4568 2810 4622 nesciat
2840 4571 2983 4637 quod
3027 4578 3081 4622 et
3110 4569 3286 4622 visuS'

61 4707 267 4761 'Rom.
307 4723 407 4771 xu,
454 4707 544 4761 21.
619 4708 640 4739 ’
669 4707 801 4762 ibid.
849 4707 903 4770 6,
951 4706 1002 4760 8.
1115 4706 1157 4736 ¹⁰
1204 4705 1336 4761 ibid.
1386 4707 1439 4761 8.

30 4776 214 4833 ‘Rom.
251 4794 384 4842 sttt,
412 4779 462 4831 1.
543 4777 626 4830 "’l
661 4777 785 4831 Cor.
816 4792 890 4840 Vl,
917 4777 1002 4830 17.

65 4900 166 4968 (85)
194 4897 370 4960 Editi,
405 4907 459 4950 ut
490 4911 687 4957 amens,
712 4895 892 4968 ferus,
921 4907 969 4944 et
1006 4893 1559 4968 barbarusiuimicus.

65 4961 168 5038 (86)
198 4969 300 5022 Sic
330 4968 530 5020 rectius
571 4980 672 5016 ms.
708 4963 910 5038 Regius
955 4979 1113 5038 mum
1164 4963 1317 5016 1659.
1368 4961 1561 5038 Cmteri

30 5030 115 5090 zero
149 5030 286 5093 mss.
329 5047 384 5090 et
410 5037 563 5098 editi,
593 5051 686 5102 pro
721 5030 1000 5088 commisso
1043 5030 1162 5101 (al.,
1192 5049 1286 5099 pro
1314 5034 1566 5085 commis-

30 5107 594 5181 ωροηειςξειιιὶιε-,θιοτ
672 5175 684 5181 _
740 5172 805 5181 ι.
887 5173 899 5181 ⁸
978 5171 1003 5181 η
1076 5173 1087 5181 ,
1125 5173 1135 5181 ,
1345 5171 1356 5181 ,

66 5171 170 5243 (87)
196 5178 380 5239 Alias,
414 5178 546 5229 sicut
576 5175 710 5244 ignis
734 5172 852 5242 (al.,
881 5171 1010 5241 igni)
1041 5173 1087 5225 si
1119 5173 1289 5240 ignem
1327 5171 1525 5240 jungas
1549 5185 1568 5222 :

30 5247 118 5300 icui
150 5250 331 5301 noctis
356 5252 580 5300 tenebrae
607 5245 652 5298 si
676 5246 835 5306 aeris,
870 5255 975 5296 etc.

66 5319 170 5383 (88)
203 5318 345 5373 Mss.
381 5317 624 5382 plerique
675 5323 730 5367 et
768 5313 920 5374 editi,
977 5312 1266 5383 stabilem,‘
1293 5319 1565 5383 veruntget

29 5380 336 5446 amabilem,
381 5380 447 5438 in
494 5380 727 5438 moribus
771 5395 1034 5446 ornatum,
1068 5393 1170 5436 etc.
1222 5380 1320 5433 Ms.
1363 5380 1568 5448 Regius

29 5473 134 5510 mm.
188 5458 359 5519 1659,
399 5457 664 5518 stabilem,
715 5469 891 5507 verum
929 5463 975 5503 et
1020 5454 1075 5503 in
1121 5451 1359 5504 erunibus
1405 5467 1566 5504 orna-

29 5543 120 5588 ιιιιι,
146 5543 285 5588 etc..
317 5526 522 5579 omisso
552 5523 888 5577 immobilem.
923 5521 1176 5575 [tabanus
1200 5561 1214 5581 .
1246 5520 1486 5573 stabilem
1513 5528 1562 5572 et

29 5599 314 5650 inmobilem
341 5635 356 5658 ,
400 5596 634 5648 moribus
658 5603 926 5653 ornatum,
954 5603 1078 5646 etc..
1119 5594 1322 5644 omisso
1364 5605 1561 5643 verum.

29 5661 96 5716 in-d
133 5667 426 5734 legendum
464 5666 678 5717 videtur
716 5670 775 5716 ut
803 5664 855 5717 in
892 5671 1076 5716 nostro
1100 5670 1266 5717 textu.

67 5737 168 5804 (89)
204 5736 375 5804 Ειίίιὶ,
400 5734 692 5802 conjungit.

69 5799 173 5875 (90⁷)
200 5799 372 5867 Editi,
405 5799 635 5875 ltonrstis
668 5801 961 5875 institutis:
989 5799 1080 5875 sed
1111 5813 1298 5875 omnes
1341 5813 1486 5875 ιιιειι.⁸
1509 5806 1566 5850 et

29 5868 252 5932 iub-anus
306 5886 365 5926 ιιι
406 5874 456 5927 in
489 5884 658 5927 textu.
715 5871 970 5928 Fortasse
1017 5868 1322 5939 legendum,
1366 5878 1413 5922 et
1466 5869 1568 5923 ho-

227 5972 509 6032 Pnnon.
550 5969 675 6066 Gtt,
715 5965 890 6030 XIV.

1545 4706 1587 4738 “
1619 4705 1749 4761 ibid.
1794 4706 1827 4758 9
1885 4712 1940 4756 et
1985 4702 2070 4756 10.

1084 4777 1128 4808 ¹⁶
1153 4775 1342 4830 Matth.
1379 4793 1516 4838 χχιι,
1543 4778 1637 4830 21.

2767 4701 2857 4755 ¹³1
2918 4689 3044 4756 σοι.
3079 4715 3121 4766 l,
3163 4705 3254 4761 31.

2752 4773 2794 4802 ²⁹
2829 4772 2956 4826 ibid.

2174 4701 2216 4730 ¹¹
2253 4700 2440 4757 Jacob.
2477 4717 2515 4763 1,
2567 4703 2655 4754 17.

1715 4776 1756 4806 ¹⁷
1790 4777 1911 4828 Act.
1948 4788 2029 4836 ιιι,
2062 4771 2116 4824 6.
2199 4771 2423 4826 1"Item.
2471 4787 2589 4836 snt,
2623 4773 2670 4825 1.

1674 4901 1814 4944 neste
1841 4890 2092 4942 instituti.

1748 4958 1860 5029 (91)
1914 4959 2080 5019 Editi,
2131 4959 2398 5010 videamus
2452 4974 2574 5029 ergo
2623 4974 2758 5029 nunc
2793 4959 2919 5026 quid
2978 4958 3032 5010 in
3078 4974 3252 5029 conse-

1672 5027 1950 5094 quentibus
1981 5030 2120 5082 dicat
2159 5029 2461 5096 Apostolus.
2491 5027 2676 5080 Omnis
2714 5029 2985 5081 anima....
3038 5028 3250 5082 subdita

1675 5102 1761 5153 sit.
1801 5097 2021 5152 Videtur
2044 5097 2169 5150 mihi
2201 5100 2255 5150 in
2283 5095 2377 5150 hoc
2401 5096 2552 5149 valde
2593 5096 2958 5162 laudabiliter,
2994 5105 3099 5150 etc.
3141 5099 3248 5150 Sed

1674 5184 1863 5223 omnes
1909 5183 2038 5221 mss.
2085 5169 2254 5220 nostri
2300 5175 2354 5220 et
2391 5165 2646 5219 Rabauus
2693 5175 2750 5218 ut
2798 5166 2851 5219 in
2906 5175 3090 5228 textu,
3149 5169 3249 5221 nisi

1674 5238 1813 5308 quod
1855 5237 2106 5304 habeant,
2150 5235 2366 5308 Videtur
2395 5235 2524 5287 mihi
2561 5237 2618 5308 in
2653 5235 2748 5288 hoc
2795 5252 2910 5308 non;
2940 5235 3088 5288 valde
3133 5237 3249 5290 lau-

1675 5304 1938 5366 dabiliter,
1966 5316 2070 5362 etc.
2095 5323 2108 5359 :
2141 5307 2232 5360 sed
2260 5321 2364 5359 vox
2393 5321 2496 5357 non
2530 5304 2830 5359 redundare
2865 5306 3104 5358 videtur.

1747 5377 1863 5500 (92“)
1896 5377 2061 5441 Editi,
2085 5379 2138 5429 in
2177 5374 2444 5444 aliquibus
2486 5373 2707 5440 alligata
2753 5377 2992 5441 negotiis.
3029 5374 3248 5431 Rectius

1747 5465 1777 5500 ι.
1868 5447 2020 5500 cuius
2069 5443 2411 5500 nttnt.1639.
2442 5445 2488 5496 ei
2537 5443 2716 5500 aliquo
2747 5444 2971 5500 allitmta
3018 5451 3245 5500 neaotio.

1675 5443 1777 5502 ms.
1820 5443 2020 5515 Regius
2069 5460 2217 5499 num.
2252 5443 2411 5508 1639,
2442 5445 2488 5496 ei
2537 5443 2716 5515 aliquo
2747 5444 2971 5511 alligata
3018 5451 3245 5513 negotio.

1672 5518 1864 5573 Caneri
1903 5514 2032 5585 mss.
2055 5523 2108 5568 e't
2134 5515 2410 5585 “abantis,
2431 5515 2485 5565 in
2516 5514 2694 5585 aliqua
2719 5515 2938 5582 alligata
2969 5518 3208 5585 negotiis.
3240 5555 3244 5560 ρ

1745 5588 1856 5657 (95)
1889 5582 2130 5657 Νεςοιίἱ.
2160 5583 2441 5657 omittitur
2476 5585 2529 5636 in
2585 5583 2748 5657 editis
2790 5596 2843 5638 et
2888 5586 2940 5638 in
2974 5582 3248 5657 plerisque

1673 5651 2311 5726 ms's.,'sed_’restituitur
2359 5667 2427 5706 ex
2479 5667 2582 5706 ms.
2632 5651 2800 5726 Regio
2835 5651 2988 5710 num:
3024 5651 3246 5710 1639'et

1672 5727 1920 5781 Rabano.
1947 5723 1958 5732 ’

1744 5793 1855 5867 (94)
1888 5792 2068 5857 Enim,
2101 5794 2290 5864 inquit.
2327 5792 2454 5850 Haec
2480 5794 2647 5851 verba
2676 5793 2870 5851 desunt
2895 5795 2951 5850 in
2987 5795 3173 5850 editis.

2864 5958 2943 6020 39
