3812 6548
437 407 567 460 1227

437 524 592 578 nobis
613 535 640 572 a
676 516 787 572 Deo
805 513 1034 568 donatus
1063 514 1166 572 est,
1193 514 1248 559 et
1276 500 1516 562 auditus,
1549 512 1577 552 c

439 633 571 686 ergo
604 630 632 668 a
666 612 776 668 Deo
803 607 1104 664 habeamus
1134 603 1270 663 lucc,
1306 597 1358 652 in
1391 601 1660 665 potestate
1706 598 1888 642 tamen
1921 597 2023 637 no-

442 720 556 764 stra
591 715 674 760 est
712 711 770 758 ut
802 701 919 755 visu
953 695 1035 749 vel
1079 695 1145 748 ad
1196 689 1337 744 bona
1369 685 1457 741 vel
1490 687 1557 738 ad
1607 679 1746 734 mala
1773 684 2021 739 utamur;

445 799 696 854 similiter
727 793 842 867 (95)
874 800 930 846 et
959 788 1173 848 auditu,
1205 792 1261 837 et
1289 787 1435 835 motu
1467 787 1747 837 manuum,
1779 779 1835 823 et
1868 767 2026 837 cogi-

448 891 656 946 tatione
683 900 876 942 sensus
905 903 918 936 :
950 891 1008 936 et
1057 879 1111 932 in
1148 879 1252 931 boc
1292 883 1374 929 est
1400 871 1605 939 justum
1634 861 1900 933 judicium
1935 858 2029 912 Dei

449 984 591 1056 quod
624 981 708 1037 his
737 992 857 1049 qua!
905 975 994 1030 ille
1023 974 1091 1028 ad
1137 985 1273 1024 usus
1311 967 1484 1022 bonos
1517 959 1685 1023 dedit,
1722 970 1822 1010 nos
1851 952 2030 1006 abuti-

453 1053 576 1133 mur
607 1074 718 1146 (96)
746 1073 812 1127 ad
843 1069 1008 1138 impia
1039 1075 1094 1120 et
1133 1063 1316 1130 iniqua
1350 1053 1674 1112 ministeria.

455 1138 709 1240 potestas.
727 1163 904 1219 omnis
931 1175 959 1213 a
997 1159 1104 1213 Deo
1131 1159 1256 1208 data
1290 1162 1372 1206 est
1411 1148 1481 1201 ad
1504 1144 1797 1201 vindictam
1823 1138 2035 1206 quidem

457 1262 742 1320 malorum,
767 1256 980 1310 laudem
1011 1265 1129 1305 vero
1167 1248 1421 1300 bonorum
1443 1240 1513 1302 ὀ,
1546 1239 1689 1292 sicut
1722 1234 1866 1288 idem
1896 1234 2039 1298 Apo-

459 1357 630 1412 stolas
656 1355 708 1408 in
733 1344 1189 1415 subsequentibus
1212 1339 1344 1393 dicit
1370 1335 1436 1386 “.
1467 1333 1585 1387 Erit
1624 1338 1803 1383 autem
1835 1325 2038 1394 justum

457 1451 720 1522 judicium
752 1443 844 1498 Dei
876 1453 1008 1510 erga
1037 1451 1132 1491 eos
1157 1431 1247 1501 qui
1282 1436 1565 1496 acceptam
1595 1427 1922 1492 potestatem
1950 1427 2038 1468 se—

461 1505 695 1596 cundum
729 1546 854 1588 suas
889 1505 1217 1598 inipietates,
1250 1530 1305 1578 et
1341 1533 1445 1573 non
1499 1511 1799 1570 secundum
1832 1505 2044 1562 divinas

464 1630 775 1690 temperant
804 1617 981 1687 leges.

535 1685 621 1771 2i.
657 1714 725 1770 Et
753 1685 1033 1767 ideo'dicit
1059 1728 1068 1761 :
1097 1703 1285 1772 Itaque
1306 1699 1396 1768 qui
1433 1693 1624 1750 resistit
1653 1688 1924 1760 potestati,
1951 1685 2045 1739 Dei

467 1805 790 1867 ortlinationi
841 1801 1068 1863 resistit;
1117 1796 1207 1865 qui
1250 1803 1426 1846 autem
1471 1788 1749 1847 resistunt,
1797 1783 1899 1852 ipsi
1949 1779 2048 1833 sibi

471 1899 862 1956 damnationem
901 1890 1182 1962 acquirunt
1210 1887 1254 1916 "
1282 1881 1416 1954 (97).
1449 1878 1565 1933 Νοη
1596 1877 1684 1931 hic
1715 1876 1782 1929 de
1813 1872 1917 1925 illis
1953 1884 2047 1938 po-

475 1989 762 2046 testatibus
783 1983 916 2040 dicit
937 1959 1056 2050 quae
1080 1975 1491 2048 persecutiones
1523 1967 1765 2022 inferunt
1788 1962 1947 2026 fidei;
1977 1959 2050 2014 ibi

474 2082 619 2136 enim
644 2077 937 2133 dicendum
967 2086 1049 2125 ρει
1080 2089 1092 2123 :
1137 2067 1243 2122 Deo
1275 2071 1473 2132 oportet
1504 2061 1863 2124 obtemperare
1883 2051 2051 2120 magis

475 2189 634 2241 quam
689 2167 984 2222 hominibus
1011 2163 1055 2193 ⁸³
1077 2202 1092 2228 ,
1120 2159 1213 2215 sed
1247 2158 1314 2211 de
1353 2156 1473 2210 istis
1518 2147 1899 2208 communibus
1925 2143 2055 2198 dicit

481 2281 600 2336 quae
630 2280 734 2318 non
761 2271 883 2317 sunt
912 2257 1088 2312 timori
1119 2254 1239 2308 boni
1263 2250 1458 2319 opteris,
1481 2248 1570 2302 sed
1601 2245 1726 2298 mali
1745 2242 1792 2275 “
1817 2257 1831 2296 :
1858 2239 2058 2310 quibus

483 2359 670 2425 utique
696 2354 791 2423 qui
833 2350 1056 2413 resistit,
1082 2346 1198 2416 ipse
1247 2342 1348 2397 sibi
1395 2337 1799 2394 damnationem
1834 2346 1933 2402 pro
1967 2343 2060 2399 ge-

483 2455 688 2503 storum
725 2457 944 2499 suorum
970 2436 1235 2508 qualitate
1272 2429 1569 2500 conquirit.

553 2540 644 2604 9.8.
675 2537 762 2592 Vis
789 2544 986 2596 autem,
1017 2530 1216 2598 inquit,
1247 2542 1348 2581 non
1380 2527 1561 2578 timere
1587 2519 1935 2589 potestatem?
1977 2517 2062 2587 fac

473 2630 624 2700 quod
665 2627 858 2681 bonum
891 2631 988 2687 est,
1015 2631 1061 2674 et
1090 2617 1300 2672 habebis
1328 2613 1535 2667 laudem
1565 2618 1630 2666 ea;
1654 2610 1785 2671 illa;
1815 2609 1906 2662 Dei
1927 2609 2066 2662 enim

485 2721 728 2779 minister
755 2727 832 2772 est
856 2715 950 2770 tibi
976 2715 1030 2768 in
1056 2713 1268 2766 bonum.
1293 2707 1354 2762 Si
1387 2715 1562 2761 autem
1593 2705 1734 2774 quod
1769 2701 1968 2755 malum
1988 2709 2067 2754 est

490 2816 696 2886 feceris,
725 2812 884 2866 time:
910 2824 1012 2862 non
1049 2807 1185 2860 enim
1215 2806 1325 2857 sine
1359 2814 1524 2854 causa
1565 2797 1804 2867 gladium
1849 2803 2069 2863 portat:

488 2905 590 2960 Dei
613 2900 1019 2958 enimnninister
1046 2906 1123 2950 est
1150 2911 1167 2949 :
1195 2892 1382 2949 vindex
1416 2893 1573 2945 inira
1594 2888 1641 2941 ei
1665 2887 1754 2958 qui
1787 2885 1928 2956 quod
1952 2900 2070 2937 ma-

493 3001 604 3053 lum
628 3007 702 3051 est
727 2995 836 3064 agit
858 2994 925 3044 “.
960 2990 1136 3045 Movet
1173 3003 1258 3042 me
1289 2988 1340 3040 in
1367 2986 1452 3039 his
1474 2980 1822 3037 sermonibus
1850 2977 2072 3042 Paulus,

495 3090 644 3161 quod
685 3094 1008 3160 potestatem
1038 3080 1220 3136 szeculi
1247 3088 1302 3133 et
1331 3076 1572 3144 iudicem
1611 3070 1800 3125 mundi
1846 3069 1938 3124 Dei
1977 3068 2077 3121 mi-

499 3185 729 3239 nistrum
780 3177 944 3239 dicit;
981 3184 1036 3228 et
1069 3174 1172 3226 hoe
1215 3184 1320 3224 non
1364 3165 1567 3228 semel,
1605 3163 1698 3216 sed
1751 3160 1990 3216 secundo
2024 3166 2078 3213 et
2107 3193 2150 3254 Ο

499 3275 662 3330 tertio
698 3270 913 3337 repetit.
939 3265 1112 3319 Velim
1152 3275 1281 3328 ergo
1308 3259 1584 3326 requirere
1616 3249 2078 3322 quomodojudex

503 3361 688 3417 tnundi
720 3359 810 3414 Dei
844 3356 1089 3410 minister
1116 3352 1206 3404 sit.
1241 3346 1551 3401 Invenimus
1586 3341 1847 3408 scriptum
1896 3338 1948 3392 in
1974 3337 2082 3391 Ac-

503 3454 650 3509 tibus
677 3448 1065 3522 apostolorum,
1094 3442 1218 3511 quia
1247 3436 1636 3494 convenientes
1677 3433 1729 3484 in
1756 3445 1921 3484 unum
1950 3442 2081 3497 apo-

505 3546 630 3605 stoli
661 3521 967 3598 statuerunt
1012 3537 1230 3592 decreta
1265 3545 1384 3600 qum
1416 3533 1712 3582 observare
1761 3521 2084 3576 deberemus

511 3653 610 3696 nos
661 3635 751 3704 qui
790 3647 861 3688 ex
919 3628 1171 3700 gentibus
1206 3621 1535 3676 credidimus
1573 3616 1797 3671 Christo
1853 3611 1991 3684 (98),
2030 3611 2084 3665 in

509 3702 708 3802 quibus
739 3728 857 3781 haec
885 3720 1269 3778 continentur:
1304 3710 1539 3781 Apostoli
1577 3721 1625 3764 et
1650 3705 1936 3776 presbyteri
1967 3702 2088 3773 [ra-

509 3793 677 3879 tribus
703 3820 790 3891 qui
817 3826 939 3872 sunt
973 3810 1115 3882 apud
1145 3805 1501 3867 Antiochiam,
1527 3811 1575 3856 et
1616 3799 1857 3870 Syriam,
1881 3805 1928 3852 et
1957 3793 2092 3850 Cili-

512 3917 676 3979 ciam,
701 3910 942 3968 omuibus
973 3906 1064 3976 qui
1084 3919 1148 3960 ea:
1174 3899 1411 3970 gentibus
1450 3894 1807 3956 crediderunt,
1842 3891 2088 3944 salutem.

519 4004 782 4073 Quoniam
803 4001 1013 4072 quidem
1043 3993 1340 4050 audivimus
1379 3987 1636 4059 quosdam
1677 3983 1844 4037 exisse
1878 3997 1911 4034 a
1944 3978 2092 4034 nobis

513 4071 565 4154 et
612 4093 918 4167 perturbare
968 4105 1084 4153 vos,
1123 4085 1311 4156 quibus
1355 4097 1459 4135 non
1509 4076 1884 4131 mandauimus
1907 4072 1974 4126 ⁸⁸..
2031 4071 2095 4126 Et

521 4165 640 4260 post
678 4186 957 4256 aliquanta
1006 4179 1223 4235 additur
1268 4193 1282 4227 :
1340 4171 1550 4224 Placuit
1588 4183 1711 4236 ergo
1749 4165 1862 4237 (99)
1913 4172 2095 4218 sancto

523 4257 754 4346 Spiritui
778 4285 825 4327 et
854 4271 1023 4335 nobis,
1057 4267 1188 4322 nihil
1217 4263 1444 4331 amplius
1487 4257 1765 4328 superponi
1789 4257 1933 4311 vobis
1957 4270 2096 4324 pon-

515 4368 686 4434 deris,
710 4373 901 4434 prazter
937 4379 999 4416 ea
1033 4375 1149 4430 qua:
1180 4355 1475 4411 necessaria
1506 4361 1648 4412 sunt,
1676 4359 1738 4402 ut
1781 4348 2092 4402 abstineatis

591 4481 637 4513 ’θ
666 4479 687 4532 1
714 4478 861 4535 Petr.
897 4491 955 4536 ιι,
1014 4472 1101 4526 Η.
1190 4471 1233 4501 ’ί
1263 4467 1419 4521 Rom.
1468 4479 1587 4536 xui,
1617 4462 1758 4536 5,_4_.

1929 364 2253 427 ORIGENlS

1584 467 1845 550 tsensus.
1877 462 2011 544 Cum
2039 489 2091 547 Δ
2116 498 2207 536 vos
2241 481 2304 534 ab
2355 477 2434 531 his
2475 489 2593 544 qua:
2646 469 2807 525 idolis
2858 465 3236 523 immolantur,
3269 471 3317 515 et
3355 457 3645 527 sanguine,
3670 468 3707 509 et
3790 457 3791 552 )

2125 572 2490 642 su/focatis,et
2521 562 2892 634 fornicatione,
2926 577 2957 612 a
2990 559 3180 629 quibus
3215 552 3583 607 custodientes
3612 564 3711 601 eos-

2128 619 2379 731 mbiipsos
2410 619 2563 714 vben'e
2609 655 2796 725 agetis.
2835 619 3107 706 valete".
3137 649 3195 703 ln
3229 648 3315 701 his
3344 659 3491 714 ergo
3531 656 3716 711 praece-

2129 759 2237 828 ptis
2273 762 2325 810 in
2362 753 2561 823 quibus
2587 748 2720 804 dicit
2747 745 2884 802 nihil
2913 741 3142 815 amplius
3172 736 3582 807 imponendum
3612 746 3715 786 esse

2130 825 2315 904 oneris
2352 849 2438 902 his
2490 843 2583 913 qui
2633 857 2701 896 ex
2736 839 2989 911 gentibus
3030 834 3284 894 credunt,
3315 829 3430 884 nisi
3482 834 3548 880 ut
3571 825 3716 878 absti.

2133 952 2301 998 neant
2329 955 2386 996 se
2425 941 2491 997 ab
2521 940 2608 994 bis
2625 952 2746 1008 quae
2777 932 2933 989 idolis
2953 927 3328 985 immolantur,
3355 931 3418 976 et
3447 918 3718 986 sanguine,

1707 1049 1783 1105 Ita
1825 1061 1956 1115 ergo
1979 1051 2036 1098 et
2135 1044 2190 1090 et
2216 1033 2513 1096 suffocatis,
2529 1042 2582 1086 et
2604 1028 2994 1086 fornicatione,
3016 1033 3194 1089 neque
3218 1011 3601 1071 homicidium
3619 1023 3719 1078 pro-

1850 4463 1897 4500 ²³
1943 4461 2072 4516 ibid.
2095 4461 2150 4516 2.

3587 340 3704 394 I938

2142 1128 2378 1188 hibetur,
2437 1137 2611 1192 neque
2664 1117 3018 1180 adulterium,
3055 1125 3230 1181 neque
3277 1106 3528 1164 furtum,
3561 1116 3717 1169 neque

2141 1213 2513 1268 masculorum
2543 1207 2888 1268 concubitus,
2925 1217 3100 1270 neque
3125 1208 3319 1254 caetera
3349 1193 3601 1249 crimina
3625 1205 3720 1259 qui

2141 1305 2340 1361 divinis
2378 1312 2430 1357 et
2458 1303 2718 1356 humanis
2750 1299 2960 1370 legibus
2999 1292 3322 1362 puniuntur.
3359 1285 3537 1354 Quod
3576 1283 3620 1337 si
3652 1283 3726 1334 illa

2143 1397 2257 1453 sola
2285 1411 2406 1466 quae
2430 1409 2590 1464 supra
2618 1389 2935 1446 memoravit
2957 1385 3058 1459 (ί).
3081 1381 3433 1438 observanda
3463 1375 3603 1430 dicit
3627 1388 3729 1427 esse

2143 1487 2494 1550 Christianis,
2527 1483 2798 1538 videbitur
2834 1481 2917 1534 eis
2956 1479 3022 1532 de
3063 1474 3276 1529 cieteris
3319 1470 3555 1524 dedisse
3585 1466 3730 1518 licet-.-

2147 1582 2297 1636 tiam.
2337 1577 2444 1632 Sed
2473 1575 2596 1629 vide
2633 1571 3038 1626 ordinationem
3072 1563 3311 1634 Spiritus
3344 1557 3537 1614 sancti
3573 1574 3588 1608 :
3618 1569 3731 1619 quo-

2148 1672 2296 1728 niam
2327 1670 2546 1741 quidem
2592 1676 2787 1722 caetera
2823 1663 3053 1718 crimina
3089 1655 3272 1712 saeculi
3307 1652 3537 1722 legibus
3583 1648 3732 1701 vintli.

2151 1773 2442 1828 cantur,et
2482 1759 2815 1831 superﬂuum
2853 1755 3139 1809 videbatur
3154 1764 3274 1804 esse
3304 1763 3371 1803 ea
3403 1759 3559 1800 nunc
3579 1741 3734 1797 divina

2083 1853 2126 1907 Β
2158 1857 2275 1929 lege
2325 1851 2628 1925 prohiberi,
2676 1863 2794 1918 quas
2828 1844 3158 1902 sollicienter
3191 1841 3442 1895 humana
3496 1837 3615 1906 lege
3645 1835 3736 1903 ple-

2153 1927 2412 2012 ctuntur;
2437 1943 2602 2017 656
2627 1941 2719 1996 illa
2751 1939 2864 1995 sola
2891 1938 2957 1993 de
2987 1935 3186 2007 quibus
3213 1929 3356 1986 nihil
3390 1931 3638 1983 humana
3667 1927 3736 1978 lex

2154 2045 2367 2100 dixerat
2397 2051 2451 2096 et
2479 2053 2601 2109 qua:
2650 2034 2903 2105 religioni
2933 2030 3262 2086 videbantur
3298 2022 3635 2083 convenire,
3660 2021 3738 2072 de-

2155 2137 2330 2192 cernit
2362 2131 2463 2205 (2).
2505 2130 2586 2184 Ex
2619 2143 2729 2198 quo
2765 2132 2994 2196 apparet
3031 2121 3270 2190 iudicem
3320 2115 3522 2170 mundi
3555 2122 3739 2182 partem

2158 2227 2452 2283 maximam
2500 2219 2598 2274 Dei
2631 2218 2765 2288 legis
2799 2215 3048 2283 implere.
3078 2209 3273 2266 Omnia
3324 2205 3483 2259 enim
3535 2200 3741 2256 crimina

2160 2334 2281 2391 qua:
2304 2316 2572 2376 vindicari
2601 2314 2721 2367 vult
2753 2310 2918 2370 Deus,
2946 2321 3052 2360 non
3082 2318 3180 2374 per
3213 2298 3515 2354 antistites
3537 2305 3594 2347 et
3621 2292 3741 2361 prin-

2161 2413 2310 2482 cipes
2335 2408 2730 2470 Ecclesiarnm,
2761 2401 2855 2457 sed
2880 2413 2978 2470 per
3007 2391 3465 2461 mundijudicem
3494 2387 3578 2458 ('5)
3597 2383 3746 2438 voluit

2165 2503 2466 2562 vindicari;
2512 2507 2568 2552 et
2609 2497 2715 2551 hoc
2761 2494 2940 2548 sciens
2995 2489 3218 2550 Paulus,
3249 2495 3409 2540 recte
3453 2499 3584 2538 eunt
3615 2479 3747 2532 mini-

2166 2605 2340 2650 su‘um
2367 2589 2457 2644 Dei
2479 2585 2728 2642 nominat
2750 2591 2805 2636 et
2833 2580 3105 2635 vindicem
3137 2579 3192 2632 in
3233 2591 3366 2632 eum
3394 2575 3481 2642 (.t)
3510 2570 3605 2640 qui
3630 2566 3754 2638 qum!

2167 2682 2367 2740 malum
2397 2688 2480 2735 est
2515 2677 2648 2747 agit.
2674 2672 2830 2741 Quod
2853 2680 3034 2724 autem
3066 2668 3200 2722 dicit
3229 2669 3297 2720 de
3323 2672 3610 2735 potestate
3630 2682 3641 2713 ;
3661 2655 3754 2709 Fac

2169 2773 2308 2846 quod
2343 2774 2536 2826 bonum
2573 2777 2669 2832 est,
2703 2777 2751 2822 et
2780 2764 2994 2818 habebis
3024 2762 3234 2815 laudem
3267 2775 3339 2814 ea:
3367 2775 3461 2820 ea,
3493 2755 3661 2810 altius
3686 2768 3758 2806 re-

2173 2866 2503 2940 quirendum
2531 2860 2669 2916 mihi
2697 2859 2934 2914 videtur.
2963 2856 3082 2910 Non
3124 2853 3269 2908 enim
3303 2851 3662 2906 consuetudo
3694 2853 3760 2898 est

2176 2958 2540 3033 potestatibus
2592 2955 2779 3010 seaculi
2839 2952 3062 3006 laudare
3110 2951 3210 3004 hos
3257 2947 3354 3018 qui
3417 2959 3537 2999 non
3581 2941 3761 2997 fuerint

2179 3052 2478 3110 criminosi.
2506 3047 2641 3103 Nam
2672 3054 2968 3119 peccantes
2987 3043 3206 3112 quidem
3231 3039 3506 3111 puniunt,
3533 3052 3641 3090 non

2180 3156 2374 3202 cautes
2405 3157 2536 3197 vero
2566 3141 2790 3194 laudare
2817 3139 2897 3191 eis
2937 3149 3057 3189 nios
3088 3133 3267 3188 nullus
3293 3142 3402 3186 est.
3447 3131 3566 3185 Sed
3598 3129 3762 3180 videa-

2188 3255 2308 3295 mus
2339 3252 2409 3293 ne
2435 3234 2576 3290 forte
2596 3230 2796 3286 Paulus
2817 3226 2982 3284 etiam
3007 3240 3132 3282 cum
3162 3223 3393 3279 moralia
3427 3222 3656 3275 videtur
3683 3220 3764 3271 do-

2188 3344 2336 3398 cere,
2363 3328 2611 3382 inserere
2639 3333 2853 3390 semper
2903 3318 3069 3372 etiam
3115 3315 3181 3370 de
3230 3313 3536 3385 mysteriis
3587 3310 3763 3376 aliquid

2189 3438 2298 3478 non
2323 3418 2566 3476 omittat.
2617 3415 2829 3470 Etenim
2859 3411 3038 3468 sciens
3067 3408 3148 3481 (5)
3184 3410 3328 3478 quod
3362 3423 3564 3460 omnes
3605 3404 3686 3472 qui
3723 3404 3766 3452 is

2189 3517 2304 3587 lege
2341 3520 2704 3583 peccaverunt,
2732 3523 2832 3575 per
2859 3507 3022 3574 legem
3045 3503 3444 3574 judicabantur
3469 3499 3563 3552 '3:
3600 3510 3768 3550 unum-

2190 3617 2460 3676 quemque
2485 3609 2670 3655 autem
2699 3599 2752 3652 in
2783 3597 2987 3666 judicio
3015 3595 3106 3647 illa
3132 3593 3218 3647 lex
3249 3591 3372 3645 sine
3393 3589 3582 3643 dubio
3605 3593 3770 3655 arguet

2193 3700 2490 3752 secundum
2541 3691 2686 3761 quod
2737 3689 2876 3744 vixit
2915 3686 3276 3758 (ostendimus
3301 3691 3504 3736 autem
3541 3689 3770 3734 sanctum

2196 3787 2462 3859 Spiritum
2484 3784 2537 3837 in
2567 3781 2752 3835 multis
2780 3781 3030 3834 humanae
3060 3777 3165 3847 legi
3196 3775 3374 3829 locum
3398 3770 3654 3842 dedisse)
3675 3784 3773 3821 cer—

2201 3857 2314 3934 tum
2347 3885 2432 3931 est
2464 3886 2594 3942 ergo
2625 3871 2706 3943 (6)
2738 3870 2867 3940 quia
2907 3868 2960 3922 in
2993 3866 3082 3921 die
3117 3863 3307 3934 judicii
3342 3860 3586 3916 habebit
3630 3857 3772 3912 etiam

2199 3989 2265 4029 ex
2296 3972 2417 4026 istis
2449 3966 2653 4038 legibus
2680 3963 2892 4018 laudem
2916 3959 3062 4031 apud
3089 3959 3254 4014 Deum
3285 3954 3334 4010 is
3363 3954 3467 4024 qui
3502 3953 3646 4007 nihil
3667 3966 3777 4005 cono

2203 4074 2287 4121 tra
2318 4072 2553 4119 statutas
2574 4055 2912 4114 commiserit
2941 4054 3109 4123 leges,
3139 4064 3261 4104 cum
3290 4048 3518 4102 dicetur
3545 4045 3600 4101 ei
3631 4058 3659 4097 a
3688 4046 3776 4096 Do-

2204 4159 2390 4214 mino:
2425 4156 2594 4226 Euge,
2629 4169 2771 4208 serve
2797 4150 2926 4203 bone
2961 4155 3010 4202 et
3038 4143 3213 4214 ﬁdelis
3233 4181 3252 4207 ,
3284 4155 3451 4208 super
3494 4154 3668 4209 pauca
3692 4135 3780 4202 fui-

2203 4252 2269 4306 sti
2307 4248 2503 4317 ﬁdelis,
2543 4261 2699 4316 super
2744 4242 2912 4296 multa
2945 4246 2994 4293 te
3024 4236 3342 4290 constituam
3365 4233 3434 4287 υ.
3493 4229 3780 4288 Sciendum

2155 4354 2160 4360 '
2207 4352 2390 4398 tamen
2423 4350 2506 4395 est
2535 4338 2679 4409 quod
2704 4336 2853 4407 justo
2884 4332 2968 4386 lea:
2998 4346 3103 4383 non
3132 4338 3217 4382 est.
3238 4326 3436 4395 posita,
3466 4325 3564 4378 sed
3589 4321 3791 4391 injustis

2250 4459 2298 4489 "
2323 4459 2443 4511 Act.
2481 4470 2537 4516 v,
2571 4451 2665 4507 29.
2738 4451 2783 4482 "
2809 4447 2966 4502 Rom.
2989 4459 3108 4508 stu,
3130 4442 3186 4497 '5.
3262 4440 3308 4472 ’⁵
3333 4439 3475 4496 ibid.
3507 4437 3548 4494 3
3574 4444 3630 4493 et
3678 4447 3782 4500 ειη.

518 4557 574 4587 κίε
601 4522 734 4606 Aci:
753 4522 1100 4614 £i',é$,'ei.”
1135 4543 1176 4572 ιτ
1212 4540 1345 4595 ibid.
1370 4537 1461 4599 ιε,
1483 4522 1586 4590 29:
1652 4534 1696 4566 η
1723 4533 1878 4588 nom.
1909 4547 1972 4597 ιι,
2004 4531 2072 4586 ta

2241 4527 2429 4582 Matth.
2463 4539 2589 4586 xxv,
2621 4522 2714 4576 Ἦ.

600 4645 716 4715 (95)
752 4641 845 4695 Sic
876 4653 978 4693 ms.
1008 4635 1210 4705 Regius
1237 4647 1388 4715 num.
1603 4625 1793 4715 caueri
1822 4639 1949 4715 vero
1976 4638 2108 4678 mss.
2144 4627 2191 4686 D

527 4728 584 4774 et
603 4695 906 4769 ‘Ea'bantts,
941 4722 1061 4760 cum
1091 4695 1228 4772 Ergo
1253 4704 1363 4756 hac
1389 4717 1420 4774 a
1463 4698 1569 4774 Deo
1600 4697 1704 4750 sint
1727 4735 1742 4758 ,
1764 4695 1819 4774 in
1858 4702 2110 4774 potestate

531 4763 923 4842 Finiei':}63triz
945 4786 1023 4830 est
1059 4777 1136 4826 uti
1161 4763 1273 4828 uisu
1319 4773 1398 4823 vel
1439 4767 1506 4821 ad
1534 4769 1693 4831 bona,
1716 4764 1792 4842 uel
1827 4764 1895 4842 ad
1921 4763 2063 4816 mala
2090 4779 2108 4828 ;

533 4835 800 4917 similiter,
837 4858 945 4904 etc.
979 4846 1145 4911 Editi,
1169 4843 1310 4898 Cum
1341 4842 1457 4917 hate
1493 4852 1628 4917 ergo
1655 4853 1687 4888 a
1717 4835 1826 4917 ρςο
1859 4835 1914 4888 in
1959 4844 2110 4917 pote:

537 4903 890 4983 Eiii'é's'oim
920 4919 1064 4980 sint;
1097 4903 1271 4968 tamen
1303 4914 1378 4964 uti
1413 4910 1523 4963 visu
1553 4903 1629 4959 uel
1672 4909 1740 4958 ad
1767 4905 1901 4959 bona
1929 4904 2005 4958 vel
2043 4903 2112 4955 ad

535 4997 681 5052 mala
705 5005 1006 5052 possumus.

748 5043 1037 5135 Editi,.his
1061 5070 1190 5126 quos
1224 5053 1293 5135 ad
1339 5047 1773 5135 usuinlleboLnos
1801 5043 1976 5113 dedit,
2021 5059 2114 5099 nos

539 5117 830 5192 abutimur.
857 5117 966 5183 etc.
991 5117 1121 5180 Mss.
1148 5125 1369 5194 quidam
1402 5117 1931 5194 habentubutamur.

760 5185 1101 5273 Qui__autem
1149 5185 1418 5273 resistunt,
1445 5185 1675 5258 ipsisibi
1718 5185 2112 5273 clarigationem

543 5253 840 5346 nequibat-rit.
864 5268 992 5323 Hmc
1024 5280 1198 5346 neque
1227 5265 1281 5317 in
1316 5253 1808 5346 tttss."neqtte‘apttd
1833 5253 2111 5346 Rabangtm

548 5323 1054 5413 reperiunturased
1087 5323 1301 5413 tixslattt
1337 5335 1389 5413 in
1420 5323 1598 5413 editis.
1634 5325 1842 5380 Deinde
1871 5340 1973 5378 ms.
2003 5323 2110 5377 Re-

545 5397 858 5485 gius_nu_tn,
887 5397 1048 5485 i659,
1070 5404 1202 5485 an
1230 5403 1328 5485 hoc
1354 5405 1418 5480 de
1443 5397 1574 5485 iliis,
1604 5406 1708 5485 etc].

752 5462 1220 5552 Editi,:credimus
1260 5466 1736 5552 Cltristo.A.Deinde
1779 5464 1939 5552 iidem
1963 5462 2111 5544 .editi

547 5533 1045 5619 ειῖἶιέεῗὶωίᾎθω
1070 5546 1226 5619 ,λιιιῂ
1248 5553 1370 5596 sunt
1402 5537 1716 5619 Antipcltiw,
1755 5545 1817 5619 εἰς
1853 5533 2043 5619 syrma,
2073 5543 2122 5586 et

548 5604 776 5680 adici—ae.
812 5604 918 5674 sed
954 5604 1297 5685 msz't-gius
1327 5627 1484 5685 num.
1524 5604 2034 5685 1659_et_Rabanus
2068 5613 2121 5653 ut

553 5676 610 5749 in
640 5701 827 5748 nostro
864 5697 1035 5751 testu,
1074 5676 1353 5753 nisi'quod
1387 5679 1644 5735 Rabanus
1680 5676 1879 5730 habeat
1905 5689 1997 5744 per
2028 5685 2129 5744 pro

551 5767 719 5833 apud.

628 5813 742 5903 (99)
800 5829 968 5897 Editi,
997 5835 1190 5884 autem.
1212 5823 1329 5880 ‘Sed
1359 5831 1546 5878 omnes
1573 5831 1709 5874 mss.
1754 5824 1809 5873 et
1848 5813 2134 5880 Babanus,

547 5921 696 5968 creo.

2290 4620 2367 4680 li)
2403 4617 2569 4680 Editi,
2596 4609 2898 4667 memorari.

2599 4665 2854 4760 quoniam
2881 4676 3094 4760 quidem
3130 4682 3324 4760 creterq
3350 4669 3595 4760 crimina
3623 4665 3785 4723 seculi

2219 4743 2422 4830 leqib'us
2442 4743 2779 4830 judica'ntur,
2808 4758 2855 4800 et
2883 4743 3528 4830 superﬂuummidebatur
3566 4756 3630 4793 ea
3669 4751 3786 4830 aluus

2220 4808 2540 4896 dtinuit—lege
2585 4808 2873 4896 prohibere,
2904 4808 3380 4896 qute.:sttﬂiciertlte.r
3421 4811 3668 4896 humana
3695 4808 3791 4882 (ιρις

2219 4877 2555 4970 {iniiinii};
2582 4877 2816 4970 illa_sola
2838 4877 3152 4970 de:‘qui_bus"
3169 4882 3303 4936 nihil
3329 4882 3594 4970 1:121:33
3609 4883 3690 4932 te;
3705 4877 3791 4970 Iuli:

2221 4947 2687 5035 ἓὶἰῖιὶὶζ”’έέ⁷ιξ’9ίοηί
2739 4964 2865 5028 (ms.
2909 4947 3106 5035 liegius
3153 4969 3304 5008 num.
3341 4948 3500 5035 ipse
3541 4951 3629 5005 hic
3661 4947 3791 5035 addit

2221 5019 2418 5177 ante?)
2445 5019 2722 5091 uidebatur
2746 5019 3040 5083 'convenire
3060 5027 3336 5079 decernere
3367 5019 3685 5090 (Rabanus,
3717 5019 3791 5067 ded

2221 5126 2358 5164 cerm
2391 5145 2406 5162 ο

2219 5126 2406 5164 cernit.

2287 5171 2373 5249 (δι
2403 5174 2570 5249 Alias.
2598 5171 2824 5249 iudices.-

2292 5229 2369 5321 ξι)
2417 5229 2654 5307 Editi,}:
2692 5240 3025 5321 judicent‘iu
3066 5251 3206 5296 eum,
3235 5243 3347 5321 etc:
3381 5230 3604 5321 Deinde
3653 5229 3791 5281 iidem

2221 5302 2438 5374 editi’et
2470 5302 2604 5368 mss.
2638 5302 2880 5381 quidam,
2903 5309 2966 5362 Et
2999 5305 3254 5381 hocquqd
3283 5303 3414 5381 dicit
3442 5302 3515 5381 de
3535 5309 3792 5372 potestate,

2517 5366 2624 5438 ms.
2656 5366 3045 5452 'Regius'uum.
3097 5366 3235 5430 1639
3267 5383 3323 5428 et
3372 5370 3638 5423 Babanus
3673 5379 3724 5419 ut
3751 5366 3792 5418 il

2220 5471 2404 5514 llOSll‘O
2437 5465 2608 5508 textu.

2288 5510 2395 5609 (5)
2410 5527 2502 5607 Sic
2534 5535 2720 5609 omnes
2746 5537 2879 5578 mss.
2907 5517 3076 5574 nostri
3105 5525 3158 5573 et
3181 5513 3336 5570 editi.
3360 5510 3636 5567 Rabanus
3663 5518 3792 5564 vere.

2229 5597 2387 5653 etiam
2419 5597 2608 5658 sciens,
2640 5604 2744 5647 etc.

2420 5646 2608 5738 Elida:
2635 5646 2876 5738 Deestin
2910 5648 3483 5738 Pdi‘ioml‘mnmf‘smi
3534 5660 3593 5705 ⁸⁸
3637 5646 3792 5738 GP“:

2232 5715 2660 5793 brardijlfacteri
2683 5715 2815 5789 editi
2838 5732 3037 5788 habent
3066 5726 3227 5782 enim.
3247 5723 3356 5780 Sed
3379 5737 3580 5779 omnes
3610 5733 3732 5775 mss-
3754 5715 3792 5768 εί

2239 5805 2517 5876 Rabanus,
2551 5822 2690 5876 ergo.
