3812 6554
103 407 256 466 1229

1064 418 1421 476 COMMENT.
1464 421 1531 477 IN
1565 422 1783 481 EPIST.
1827 425 1917 497 AD
1952 425 2123 484 ROM.
2169 427 2297 485 LIB.
2338 428 2432 487 1X.

3225 441 3365 498 1230

97 537 148 578 et
184 543 292 582 non
333 528 582 596 subditis,
613 531 876 598 scelestis,
927 534 1239 604 homicidis,
1290 545 1681 608 contaminatis,
1711 552 1758 608 Α
1786 551 1979 602 mundo
2011 549 2076 614 ³⁸,
2121 551 2194 604 ait
2236 551 2400 606 etiam
2459 551 2600 608 hoc:
2633 551 2744 607 Nos
2770 565 2943 610 autem
2984 572 3086 612 non
3117 561 3361 628 spiritum

95 617 356 687 perjuris,
397 630 444 674 et
468 624 670 676 cteteris
695 626 784 694 qui
813 626 1121 694 hujusmodi
1152 642 1274 684 sunt
1309 632 1376 685 '°.
1403 633 1506 703 Ipsi
1533 635 1678 688 enim

1783 641 1940 708 hujus
1963 643 2145 696 mundi
2163 643 2479 712 accepimus,
2494 644 2586 698 sed
2606 647 2850 712 spiritum
2870 648 2960 716 qui
2979 665 3042 702 ea:
3066 649 3171 704 Deo
3193 661 3269 704 est
3290 645 3358 706 ³⁸.

95 720 232 763 sunt
261 710 354 780 qui
389 711 581 768 timent
608 714 804 786 legem.
825 717 928 783 Qui
963 728 1138 774 autem
1169 721 1297 777 facit
1327 725 1550 793 bonum,
1579 726 1682 784 hoc
1782 732 1885 798 Qui
1913 742 2093 788 autem
2121 710 2300 790 adhuc
2333 736 2400 792 de
2423 710 2760 804 mundo-est,
2787 749 2842 794 et
2871 710 2990 808 qua:
3015 743 3194 796 mutuli
3230 755 3360 799 sunt

93 809 183 854 est
241 802 334 871 qui
366 817 473 859 non
507 814 653 860 metu
685 805 835 876 legis,
876 810 970 864 sed
1003 826 1191 868 amore
1218 814 1345 869 boni
1380 815 1506 871 facit
1533 818 1678 886 quod

93 893 306 946 bonum
331 903 435 958 eSt,
471 895 572 950 iste
606 895 718 965 jam
766 914 874 954 non
901 901 1155 972 sub-lege
1198 902 1418 969 litteras,
1450 906 1545 961 sed
1577 907 1677 960 sub

91 982 220 1051 lege
260 984 488 1054 spiritus
513 987 668 1046 vivit.
693 1020 700 1027 -

161 1073 258 1130 29.
287 1075 420 1132 Ideo
443 1095 649 1136 necesse
675 1090 753 1136 est
784 1083 1025 1139 subditos
1053 1102 1186 1149 esse,
1217 1104 1320 1142 non
1358 1089 1526 1144 solum
1551 1106 1676 1160 pro-

86 1176 210 1234 pter
244 1169 404 1236 iram,
421 1171 512 1224 sed
537 1182 586 1226 et
610 1182 823 1241 propter
850 1179 1224 1232 conscientiam
1253 1180 1350 1252 (7).
1381 1179 1510 1236 Ideo
1533 1184 1673 1238 enim

87 1270 134 1313 et
185 1262 391 1316 tributa
423 1263 669 1331 penditis.
705 1264 946 1322 Ministri
991 1271 1130 1324 enim
1165 1271 1264 1326 Dei
1296 1283 1449 1337 sunt,
1490 1276 1546 1328 in
1577 1275 1674 1330 hoc

86 1355 265 1414 ipsum
296 1355 549 1412 instantes
571 1358 638 1412 ³¹.
665 1355 894 1413 Ordinat
927 1362 1146 1429 quidem
1193 1380 1290 1434 per
1326 1367 1446 1422 haec
1473 1366 1673 1424 Paulus

88 1445 398 1503 Ecclesiam
445 1451 563 1515 Dei,
598 1461 657 1508 ut
700 1455 837 1509 nihil
867 1455 1080 1510 adversi
1115 1458 1452 1528 principibus
1491 1469 1545 1514 et
1574 1475 1671 1528 po—

85 1540 384 1596 testatibus
412 1543 593 1599 saeculi
625 1560 838 1615 gerens,
875 1562 973 1619 per
1004 1549 1240 1619 quietem
1270 1561 1326 1605 et
1359 1551 1667 1620 tranquilli-

85 1640 259 1687 tatem
321 1633 462 1702 vitaa,
513 1651 652 1706 opus
685 1634 912 1706 iustitiae
949 1651 1006 1697 et
1045 1643 1260 1710 pietatis
1303 1653 1576 1698 exerceat.
1608 1642 1665 1698 Si

83 1725 231 1778 enim
275 1740 561 1796 ponamus,
602 1730 754 1786 verbi
778 1734 973 1802 gratia,
1009 1734 1296 1789 credentes
1319 1733 1540 1789 Christo
1571 1751 1664 1804 po-

84 1816 378 1874 testatibus
426 1821 605 1875 saeculi
664 1837 768 1877 non
797 1837 924 1880 esse
972 1823 1269 1893 subjectos,
1304 1825 1508 1882 tributa
1557 1843 1663 1881 non

1780 825 1944 894 sapit,
1970 835 2025 878 et
2051 840 2170 894 qua:
2199 827 2380 880 carnis
2403 836 2531 882 sunt
2556 829 2774 896 quaerit,
2818 834 3126 887 necessario
3172 836 3358 904 subje-

1780 927 1902 969 ctus
1931 924 2018 970 est
2060 915 2326 971 ministris
2356 921 2577 986 mundi;
2613 921 2888 989 subjectus
2924 934 3102 977 autem
3139 938 3360 994 propter

1779 1004 1936 1069 iram,
1969 1019 2131 1075 quam
2157 1006 2258 1062 sibi
2291 1008 2770 1066 thesaurizavitex
2791 1015 3052 1078 peccatis.
3076 1014 3139 1068 Et
3156 1017 3225 1069 ob
3254 1018 3356 1072 hoc

1777 1095 1910 1149 mihi
1938 1097 2154 1150 videtur
2179 1098 2293 1169 (12)
2324 1100 2504 1156 dicere
2537 1123 2549 1157 :
2583 1101 2713 1156 Ideo
2738 1119 2945 1158 necesse
2977 1117 3052 1160 est
3093 1109 3356 1176 subjectos

1774 1203 1885 1240 esse
1907 1226 1921 1250 ,
1957 1203 2062 1242 non
2107 1189 2279 1242 solum
2323 1202 2538 1259 propter
2575 1194 2734 1256 iram,
2771 1197 2864 1249 sed
2901 1207 2948 1249 et
2983 1210 3196 1264 propter
3224 1216 3355 1253 con—

1773 1277 2048 1330 scientiam
2067 1277 2150 1342 ³⁸;
2183 1280 2442 1348 quoniam
2465 1285 2557 1350 qui
2581 1283 3038 1348 subtlitur,-babet
3071 1289 3184 1357 (15)
3215 1289 3266 1343 in
3294 1306 3355 1344 se

1772 1369 1920 1438 quod
1973 1380 2263 1424 accusetur
2300 1386 2330 1425 tl
2375 1374 2736 1428 conscientia.
2770 1373 2866 1430 llis
2893 1391 3021 1447 ergo
3059 1380 3224 1433 etiam
3253 1381 3356 1434 tri-

1775 1461 1906 1515 buta
1933 1461 2181 1529 quaedam
2213 1462 2522 1530 pendimus,
2550 1465 2674 1519 dum
2704 1467 2882 1532 adhuc
2903 1470 3200 1524 secundum
3231 1487 3354 1525 car-

1773 1567 1897 1606 nem
1938 1551 2195 1618 vivimus,
2225 1562 2282 1608 et
2316 1569 2438 1624 quas
2490 1556 2676 1610 carnis
2707 1566 2832 1610 sunt
2857 1560 3180 1628 cogitamus.
3214 1559 3349 1616 Nam

1770 1645 1817 1699 si
1837 1645 2053 1701 vineam
2085 1649 2298 1703 Domini
2322 1651 2586 1714 colamus,
2611 1661 2663 1703 et
2693 1650 2858 1704 vitem
2886 1666 3091 1719 veram,
3117 1667 3239 1721 qua:
3264 1663 3352 1707 est

1768 1734 2017 1792 Christus
2036 1739 2166 1813 (14),
2190 1755 2545 1796 exerceamus
2568 1743 2620 1796 in
2647 1741 2821 1804 nobis,
2843 1743 2906 1796 de
2932 1742 3036 1797 ista
3059 1744 3211 1798 vinea
3240 1758 3349 1798 non

1768 1827 2036 1885 ministris
2065 1833 2244 1885 saeculi
2279 1833 2580 1900 pendemus
2610 1831 2831 1892 tributa,
2857 1834 2953 1888 sed
2987 1833 3087 1902 ipsi
3117 1834 3348 1888 Domino

82 1909 337 1976 reddere,
382 1926 484 1967 nec
533 1913 818 1983 vectigalia
858 1892 1156 1985 pensitare,
1209 1917 1339 1970 nulli
1382 1918 1656 1983 timorem,
1696 1892 1738 1946 Β
1767 1917 2048 1974 fructusin
2072 1892 2319 1991 tempore
2357 1923 2683 1977 reddemus:
2724 1928 3022 1978 secundum
3054 1926 3198 1994 quod
3230 1925 3348 1994 ipse

82 2000 214 2055 nulli
259 2001 524 2059 honorem
579 2004 826 2071 deferre,
870 2020 1049 2063 nonne
1089 2022 1188 2077 per
1222 2008 1339 2064 haec
1384 2017 1658 2065 rectorum

81 2102 132 2146 et
158 2087 470 2164 prinCipum
503 2097 700 2153 merito
728 2098 781 2154 in
814 2100 1137 2171 semetipsos
1182 2114 1334 2156 arma
1369 2112 1660 2158 converte-

81 2195 222 2249 rent,
249 2196 313 2243 et
339 2200 713 2258 persecutores
757 2191 976 2260 quidem
1023 2207 1151 2246 suos
1179 2193 1542 2259 excusabiles,
1573 2207 1660 2249 se-

83 2281 345 2350 metipsos
359 2297 487 2337 vero
507 2284 806 2354 culpabiles
829 2285 1070 2340 lacerent
1095 2285 1209 2355 (8)?
1239 2284 1355 2341 Non
1382 2287 1523 2340 enim
1543 2287 1655 2353 jam

82 2370 222 2436 lidei,
251 2373 351 2428 sed
374 2375 732 2430 contumaciae
761 2390 930 2430 causa
962 2377 1266 2447 impugnari
1301 2377 1615 2432 viderentur
1639 2395 1654 2431 :

85 2473 132 2515 et
158 2471 312 2518 esset
357 2467 434 2520 eis
477 2481 641 2521 causa
697 2468 915 2536 quidem
967 2470 1157 2524 mortis
1184 2469 1366 2540 digna,
1401 2470 1656 2526 meritum

81 2568 208 2608 vero
240 2554 326 2627 (9)
356 2557 545 2612 mortis
576 2559 874 2628 indignum.

142 2646 234 2700 30.
271 2645 401 2702 Haec
442 2663 574 2718 ergo
612 2647 810 2704 Paulus
851 2665 946 2718 per
989 2649 1307 2708 immensam
1336 2653 1654 2721 sapientiam

78 2738 367 2807 providens
397 2738 526 2794 dicit
562 2759 574 2794 :
613 2735 834 2795 Reddite
866 2744 1104 2797 omnibus
1146 2744 1377 2798 debitum
1398 2758 1418 2796 :
1448 2745 1533 2796 cui
1560 2745 1656 2796 tri-

80 2832 256 2882 butum
280 2867 300 2892 ,
336 2830 625 2892 tributum;
669 2831 752 2883 cui
793 2833 1012 2902 vectigal
1035 2872 1050 2897 ,
1088 2835 1344 2903 vectigal;
1381 2835 1466 2886 cui
1503 2835 1656 2887 timo-

79 2937 202 2986 rem,
244 2921 524 2986 timorem;
548 2921 632 2973 cui
655 2922 923 2986 honorem,
954 2922 1227 2980 honorem.
1258 2923 1471 2978 Nemini
1496 2927 1654 2995 quid-

77 3028 228 3080 quam
263 3013 518 3071 debeatis.
547 3013 650 3065 nisi
690 3026 745 3066 ut
791 3013 1010 3068 invicem
1037 3015 1278 3086 diligatis
1303 3017 1366 3069 ³¹.
1403 3016 1540 3072 Puto
1571 3028 1652 3071 Ia-

77 3119 192 3158 men
212 3105 366 3175 quod
394 3105 556 3159 etiam
590 3105 703 3158 lucc
729 3103 928 3159 Paulus
956 3121 1060 3160 non
1088 3111 1293 3179 absque
1325 3109 1501 3165 solitis
1532 3125 1651 3166 ser-

76 3209 296 3250 monum
345 3212 565 3251 suorum
598 3194 842 3263 proferat
874 3201 1250 3255 sacramentis.
1285 3199 1496 3256 Etenim
1533 3217 1649 3256 om-
1677 3228 1719 3287 ο

77 3302 188 3342 nem
247 3299 584 3352 creaturam,
617 3303 918 3358 omnesque
951 3291 1176 3360 spiritus
1215 3291 1328 3347 sive
1384 3291 1553 3348 bonos
1595 3301 1650 3347 et

77 3389 270 3445 rectos,
303 3379 417 3434 sive
442 3380 603 3434 etiam
635 3382 784 3448 pravi
816 3379 1052 3450 malique
1084 3382 1344 3452 propositi
1375 3381 1509 3455 (10),
1538 3384 1649 3440 Deo

76 3469 385 3525 ministrare
407 3467 1178 3543 etexhibereuuumquemque
1205 3475 1270 3528 ad
1292 3475 1434 3544 quod
1463 3485 1644 3546 aptum

75 3575 125 3616 se
159 3563 460 3630 przebuerit
498 3563 856 3619 ministerium
900 3563 954 3618 in
988 3566 1359 3635 superioribus
1393 3567 1504 3635 jam
1549 3569 1646 3622 tio-

75 3653 298 3708 coimus.
329 3651 406 3710 De
427 3657 683 3712 omnibus
711 3658 858 3713 enim
889 3657 1048 3714 simul
1089 3660 1462 3727 pronuntiavit
1506 3661 1646 3729 Apo-

74 3742 234 3798 stolus
281 3745 374 3800 ubi
425 3746 602 3799 dixit:
646 3743 836 3802 Nonne
878 3763 1056 3800 omnes
1099 3758 1221 3800 sunt
1267 3748 1641 3802 ministeriales

71 3835 307 3900 spiritus,
328 3836 382 3889 in
408 3835 759 3893 ministerium
787 3840 934 3893 missi
959 3849 1169 3907 propter
1192 3855 1279 3893 eos
1301 3839 1392 3909 qui
1416 3840 1640 3894 haeredi-

72 3934 218 3980 tatem
273 3928 489 3996 capiunt
547 3928 736 3984 salutis
781 3931 864 3984 "‘P
914 3929 1222 3985 Ministrant
1271 3946 1402 4001 ergo
1451 3947 1642 3988 omnes

72 4019 286 4086 spiritus
323 4020 599 4075 hominum
627 4022 781 4088 vitai;
822 4023 1196 4092 unusquisque
1245 4030 1444 4086 tamen,
1476 4033 1535 4078 ut
1558 4025 1639 4077 di-

71 4109 254 4173 ximus,
288 4127 390 4181 pro
417 4113 674 4181 dignitate
703 4123 758 4168 et
786 4113 977 4168 merito
1011 4114 1092 4167 sui
1119 4129 1134 4168 :
1166 4127 1291 4166 nam
1327 4111 1436 4183 (11)
1481 4123 1535 4167 et
1562 4113 1635 4167 illi

72 4201 294 4255 ministri
327 4202 584 4257 dicuntur
629 4217 860 4274 quorum
893 4204 1198 4258 ministerio
1225 4217 1346 4271 quae
1375 4205 1440 4258 ad
1478 4219 1633 4258 mun-

70 4290 181 4343 dum
207 4291 485 4360 pertinent
522 4304 868 4364 peraguntur.
919 4293 1073 4349 Unde
1103 4303 1158 4349 et
1192 4293 1504 4362 Apostolus,
1539 4296 1631 4364 qui

69 4380 263 4436 dixerat
287 4382 356 4437 de
378 4397 457 4448 se,
486 4385 614 4454 quia
640 4384 766 4438 mihi
787 4386 1012 4438 mundus
1039 4383 1326 4452 cruciﬁxus
1347 4397 1446 4450 est,
1469 4395 1517 4440 et
1537 4381 1630 4456 ego

126 4473 166 4543 ξ’
196 4473 377 4530 lTim.
405 4491 442 4539 ι,
463 4477 516 4531 9.
594 4478 634 4510 ³¹
661 4477 818 4531 Rom.
849 4494 965 4538 xm.
999 4477 1054 4543 5,
1083 4478 1138 4532 6.

69 4539 104 4613 ff
131 4541 286 4598 Rom.
322 4561 442 4610 xm,
473 4547 527 4604 5.
638 4548 680 4580 ³⁷
704 4550 896 4603 Matth.
931 4539 1050 4613 xxI,
1078 4550 1168 4603 41.

65 4609 163 4644 ⁸¹·⁸⁸
188 4615 421 4670 Malach.
450 4633 489 4684 I,
521 4617 576 4672 6.

122 4707 194 4775 (7)
215 4710 314 4764 Sic
335 4725 527 4767 omnes
558 4726 690 4767 mss.
712 4713 907 4767 nostri.
930 4713 1072 4767 Editi
1101 4728 1227 4768 vero
1260 4725 1313 4768 et
1344 4715 1619 4779 Rabanus,
1659 4721 1699 4773 D

69 4773 275 4860 ideoque
307 4783 614 4860 necessitate
637 4782 834 4836 subditi
861 4794 1090 4837 estote...
1121 4788 1210 4837 sed
1233 4787 1392 4836 etiam
1410 4773 1622 4853 propter

68 4858 441 4911 conscientiam,
473 4862 579 4908 etc.

120 4917 189 4989 (8)
222 4918 396 4989 Editi,
421 4921 718 4989 redderent,
748 4921 910 4975 male.

1237 4478 1281 4510 3’
1309 4479 1463 4534 Rom.
1506 4482 1693 4544 xut,7,
1723 4481 1775 4534 8.
1855 4479 1899 4510 ³³
1918 4476 2083 4532 Hebr.
2111 4493 2149 4537 ι,
2174 4477 2257 4529 14.
2329 4478 2374 4507 ³⁵
2401 4477 2576 4530 Galat.
2607 4493 2679 4543 vr,
2713 4477 2800 4532 14.

1277 4549 1320 4580 ⁸⁸
1362 4549 1552 4631 ΜειιῑιιΓ
1585 4567 1716 4614 xv”,
1745 4550 1839 4614 ‘23,
1860 4549 1950 4602 26.

1763 2004 2014 2062 Salvator
2041 2010 2091 2063 in
2108 2008 2413 2080 Evangeliis
2436 2013 2478 2043 ³⁷
2495 2013 2646 2077 dicit,
2665 2013 2790 2079 quia
2811 2013 3011 2067 colonis
3025 2016 3179 2069 malis
3197 2017 3344 2071 tollet

1758 2097 1922 2170 657
1954 2101 2178 2167 vineam,
2205 2114 2253 2156 et
2284 2105 2430 2156 dabit
2455 2120 2571 2158 eam
2592 2106 2716 2158 aliis
2745 2105 2944 2160 colonis
2977 2109 3069 2173 qui
3114 2109 3340 2162 reddant

1759 2191 1806 2241 ei
1835 2190 2037 2258 fructus
2066 2193 2120 2244 in
2149 2202 2399 2261 tempore.
2444 2195 2550 2250 Sed
2583 2205 2638 2250 et
2682 2196 2784 2250 hoc
2833 2197 3008 2264 ipsum
3063 2201 3206 2268 quod
3257 2202 3344 2254 di-

1762 2282 1875 2336 cit:
1917 2283 2136 2339 Reddite
2184 2289 2428 2340 omnibus
2459 2289 2673 2355 debita;
2725 2293 2813 2345 cui
2852 2291 3104 2345 tributum
3128 2332 3144 2356 ,
3172 2295 3344 2348 tribu-

1763 2381 1906 2436 tum;
1931 2375 2017 2426 cui
2047 2374 2298 2444 vectigal,
2332 2377 2552 2446 uectigal
2584 2394 2599 2429 :
2629 2380 2696 2434 ab
2725 2395 2792 2436 eo
2831 2383 2976 2449 quod
3017 2381 3070 2435 in
3104 2396 3340 2448 sequen-

1765 2464 1910 2520 tibus
1941 2457 2195 2524 additur:
2229 2469 2327 2524 Cui
2358 2471 2620 2536 timorem,
2652 2473 2929 2538 timorem;
2954 2475 3039 2528 cui
3066 2478 3337 2540 honorem,

1759 2557 2038 2622 honorem,
2069 2560 2302 2614 divisum
2331 2561 2441 2630 (15)
2477 2563 2605 2616 mihi
2630 2565 2847 2619 videtur
2873 2584 2886 2620 :
2920 2576 2976 2620 et
3007 2569 3069 2622 ad
3093 2582 3187 2623 eos
3215 2570 3338 2638 qni-

1760 2647 1881 2702 dem
1913 2663 2052 2717 quos
2077 2665 2238 2720 supra
2291 2653 2526 2710 diximus
2576 2656 2852 2712 ministros
2874 2699 2888 2720 ,
2917 2659 3192 2726 pertinere
3237 2663 3337 2713 tri-

1761 2740 1886 2794 buta
1923 2750 1978 2796 et
2011 2743 2321 2812 vectigalia.
2381 2745 2616 2816 Exigunt
2647 2751 2793 2802 enim
2825 2750 2891 2803 de
2923 2751 3079 2804 nobis
3129 2753 3333 2806 tributa

1761 2837 1916 2886 terra:
1942 2842 2166 2899 nostra},
2200 2843 2253 2887 et
2283 2834 2565 2904 vectigalia
2595 2840 2981 2908 negotiationis
3009 2851 3229 2896 nostras.
3266 2845 3333 2899 Et

1755 2922 1884 2992 quid
1914 2922 2034 2977 dico
2057 2962 2071 2987 ,
2115 2924 2182 2977 de
2218 2925 2419 2979 nobis?
2447 2926 2680 2982 Exactus
2730 2939 2815 2983 est
2857 2930 3118 2985 tributum
3163 2935 3327 2988 etiam

1754 3014 2014 3069 Dominus
2043 3025 2224 3070 noster
2241 3014 2398 3072 Jesus
2419 3018 2668 3072 Christus
2691 3035 2741 3073 In
2764 3035 2930 3077 carne
2948 3024 3158 3092 positus
3181 3025 3325 3094 (16):

1755 3104 1896 3170 quod
1928 3105 2134 3159 idcirco
2163 3119 2223 3160 se
2256 3107 2389 3159 dicit
2415 3107 2728 3172 exsolvere,
2779 3127 2883 3165 non
2930 3113 3072 3181 quod
3116 3115 3331 3168 debitor

1756 3193 1847 3258 sit,
1882 3194 1975 3248 sed
2006 3209 2073 3248 ne
2105 3195 2440 3250 scandalizet
2478 3210 2570 3251 eos
2595 3197 2659 3252 ⁸⁸.
2699 3199 2855 3264 Quod
2886 3202 2928 3255 si
2955 3201 3042 3256 ille
3069 3205 3158 3271 qui
3190 3206 3328 3258 nihil

1755 3285 1990 3340 habebat
2026 3287 2079 3340 in
2109 3301 2168 3341 se
2192 3287 2422 3343 Cesaris
2453 3288 2600 3360 (17),
2629 3299 2683 3344 et
2717 3291 2768 3346 in
2801 3307 2909 3360 quo
2939 3294 3190 3364 princeps
3222 3296 3323 3349 bu-

1749 3373 1838 3444 jus
1864 3375 2052 3430 mundi
2084 3378 2314 3433 veniens
2335 3393 2440 3432 non
2474 3379 2682 3435 invenit
2703 3382 2996 3451 quidquam
3022 3383 3088 3439 de
3117 3386 3229 3438 suis
3256 3386 3322 3450 ³⁸,

1751 3481 1874 3521 cum
1912 3467 2052 3523 liber
2077 3477 2244 3536 esset,
2279 3470 2440 3524 solvit
2481 3481 2658 3526 tamen
2695 3475 2956 3528 tributum
2985 3476 3158 3544 (venit
3180 3477 3322 3532 enim

1751 3567 1807 3610 et
1851 3559 1904 3610 in
1969 3566 2199 3611 mortem
2266 3569 2326 3611 ut
2381 3570 2524 3615 esset
2553 3571 2608 3615 et
2633 3564 2774 3615 inter
2818 3577 3052 3620 mortuos
3097 3567 3320 3640 liber“)

1751 3656 1956 3716 quanto
2006 3651 2176 3718 magis
2225 3665 2324 3703 nos
2375 3668 2595 3707 necesse
2634 3662 2718 3708 est
2766 3657 2867 3709 ista
2897 3657 3099 3710 tributa
3138 3661 3322 3716 carnis

1747 3740 2090 3806 expendere,
2123 3749 2177 3792 et
2213 3743 2592 3809 negotiationis
2641 3755 2874 3812 nostris,
2913 3749 2957 3801 si
3011 3757 3185 3803 tamen
3227 3767 3319 3804 ue-

1747 3835 2022 3902 gotiamur
2057 3837 2385 3903 margaritas
2416 3837 2568 3906 regni
2605 3838 2900 3900 cmlorum,
2935 3855 3032 3909 per
3070 3841 3316 3896 diversas

1747 3927 2068 3981 tentationes
2090 3927 2430 3997 exigentibus
2461 3944 2556 3982 nos
2583 3927 2696 3998 (18)
2721 3928 3004 3999 spiritibus
3031 3931 3315 4001 vectigalia

1745 4018 2058 4088 pensitare?
2089 4017 2362 4073 Timorem
2396 4034 2528 4072 vero
2569 4031 2619 4073 et
2653 4021 2910 4075 honorem
2943 4021 3009 4074 ad
3046 4021 3194 4077 illum
3228 4039 3318 4093 po-

1744 4112 1851 4164 tius
1899 4109 2106 4164 referre
2166 4109 2426 4165 debemus
2482 4111 2572 4178 qui
2620 4110 2751 4164 dicit
2804 4125 2900 4180 per
2946 4113 3263 4179 prophetam
3295 4132 3312 4167 :

1746 4201 1934 4256 Nonne
1971 4212 2023 4256 et
2054 4201 2369 4264 Dominum,
2407 4213 2453 4256 et
2487 4199 2696 4255 Patrem
2738 4204 2931 4256 vocatis
2976 4206 3098 4260 me?
3146 4203 3215 4258 Et
3265 4209 3315 4261 si

1741 4292 1999 4346 Dominus
2025 4307 2140 4344 sum
2169 4307 2284 4361 ego,
2310 4292 2396 4343 ubi
2423 4302 2497 4344 est
2519 4293 2674 4344 timor
2690 4309 2832 4346 meus
2851 4293 2933 4346 .’et
2957 4296 3002 4346 si
3019 4292 3180 4348 Pater
3193 4311 3312 4349 sum

1737 4399 1850 4452 ego,
1882 4382 1970 4434 ubi
2006 4391 2082 4435 est
2129 4382 2297 4435 honor
2320 4399 2462 4435 meus
2503 4382 2615 4452 (l9)
2659 4383 2776 4414 “°"
2797 4385 2822 4436 ’ἔ
2845 4384 3152 4439 Posteriora
3176 4400 3310 4440 sane

2881 4479 2924 4510 ³⁵
2945 4476 2966 4532 1
2991 4479 3117 4534 Cor.
3137 4495 3196 4544 ll,
3217 4482 3308 4539 12.

2065 4547 2109 4577 "
2139 4545 2294 4600 Joan.
2332 4562 2440 4609 xlv,
2483 4549 2572 4603 30.
2684 4548 2730 4580 ⁸⁸
2760 4548 2904 4602 Psal.
2950 4565 3206 4617 Lxxxvn,
3247 4556 3304 4608 6.

1797 4713 1914 4784 (11)
1943 4711 2112 4784 Editi,
2139 4713 2230 4784 qui
2261 4723 2337 4766 est
2370 4711 2631 4784 Christus.

1799 4781 1912 4854 (15)
1939 4783 2100 4848 Editi,
2135 4783 2417 4854 diversum.
2447 4781 2554 4854 Sed
2579 4797 2767 4854 omnes
2796 4796 2940 4854 mssL
2957 4791 3013 4837 et
3049 4783 3304 4837 Rabanus

1731 4849 1864 4907 utin
1893 4849 2078 4907 nostro
2117 4861 2286 4905 textu.
2331 4850 2531 4904 Deinde
2579 4869 2680 4905 tus.
2711 4853 2819 4904 duo
2847 4891 2858 4912 ,
2895 4849 3127 4919 Exigunt
3165 4871 3304 4906 enim

1731 4939 1822 4975 nos
1850 4923 2086 4988 tributa,
2113 4930 2220 4976 etc.
2254 4920 2394 4974 Editi
2428 4923 2670 4990 plerique
2691 4932 2755 4990 et
2785 4936 2886 4974 IIIS.
2926 4922 3124 4987 Regius
3149 4939 3298 4974 lltltll.

1729 4993 1890 5054 1639,
1915 4990 2150 5060 Exigunt
2205 4994 2341 5043 enim
2396 5009 2426 5042 α
2478 4989 2626 5044 nobis
2662 4989 2978 5060 \Rabanus,
3024 4991 3089 5043 de
3119 4993 3301 5056 nobis;

123 4987 191 5055 (9)
217 4988 453 5051 Editi,et
481 5008 592 5046 esse
619 4987 884 5062 eisi-ausa
914 4993 1120 5062 quidem
1148 4995 1348 5056 mortis,
1377 4996 1618 5047 meritum

66 5069 183 5131 trra,
204 5069 336 5116 etc..
374 5062 575 5117 omissa
609 5077 737 5116 voce
766 5061 950 5131 digna,
972 5078 1134 5131 quam
1165 5065 1424 5117 omittunt
1453 5066 1616 5119 etiam

67 5125 286 5193 plerique
310 5145 440 5183 mss.

121 5196 222 5263 (10)
256 5199 351 5251 Sic
393 5214 524 5255 mss.
561 5199 700 5254 Editi
745 5216 895 5265 vero,
930 5217 1206 5270 omnesque
1251 5201 1471 5270 spiritus
1507 5203 1612 5255 sive

66 5270 308 5342 rect-i‘st've
325 5270 487 5321 etiam
513 5272 660 5342 pravi
685 5272 916 5342 malique
948 5272 1223 5342 ρτοροδξιί,

121 5335 224 5408 (11)
256 5335 402 5390 Nam
431 5335 580 5395 deest
610 5341 662 5392 in
693 5335 854 5395 editis
886 5335 1021 5395 etin
1038 5335 1308 5408 plerisque
1340 5357 1498 5405 mss.,
1519 5343 1612 5395 sed

68 5405 350 5480 restituitur
384 5423 452 5461 ex
490 5426 594 5466 ms.
635 5409 803 5480 Regio
845 5428 993 5463 num.
1036 5405 1195 5464 1659.
1222 5405 1435 5465 Deinde
1456 5412 1612 5475 editi,

63 5479 566 5549 quofyimjtinisteria
578 5479 806 5548 quemad
813 5483 1022 5533 modum
1035 5483 1252 5547 pertinet
1267 5492 1612 5549 peraguntur.

119 5544 218 5613 (12)
253 5545 423 5610 Editi,
466 5559 516 5601 et
553 5544 649 5602 hoc
691 5551 818 5603 mihi
864 5544 1094 5612 videtur,
1123 5544 1496 5612 etc.,'omi'sso
1527 5555 1612 5606 ob.

67 5609 244 5688 Deinde
274 5609 447 5688 iidem
491 5619 659 5682 editi,
701 5619 818 5673 ideo
850 5609 1154 5675 necessitate
1182 5609 1401 5688 subjecti
1429 5632 1610 5686 estote,

65 5693 151 5733 etc.
183 5685 286 5737 Sed
320 5701 511 5742 omnes
541 5704 673 5744 mss.
705 5699 765 5741 ut
797 5692 849 5743 in
887 5700 1077 5744 nostro
1111 5685 1283 5743 textu;

121 5753 222 5820 (15)
255 5757 515 5827 Sicrrecte
544 5773 644 5811 ms.
671 5758 870 5827 Regius
896 5775 1044 5812 num.
1085 5761 1241 5813 1639.
1268 5759 1460 5813 Casteri
1489 5775 1613 5816 vero

67 5834 172 5938 2:55.
198 5835 251 5874 ut
281 5826 434 5894 editi,
465 5826 796 5884 conscientitr
837 5845 1036 5900 quoque
1067 5834 1329 5895 subditur,
1365 5846 1481 5883 cum
1515 5830 1614 5884 htt-

93 5901 149 5938 et.
183 5901 288 5938 etc-

93 5901 150 5954 et,
183 5901 288 5948 etc.

1726 5064 1896 5116 editio
1926 5059 2145 5125 Veneta,
2183 5060 2350 5125 nobis)
2387 5060 2610 5122 tributa,
2638 5059 2744 5114 etc.

1800 5132 1913 5202 (16)
1955 5130 2048 5202 S_ic
2072 5145 2275 5202 omnes
2316 5143 2446 5202 tuss.
2478 5130 2654 5202 nostri
2679 5128 3303 5202 ,Aquibus‘conscntire

1725 5197 1941 5255 videtur
1988 5199 2276 5260 Rabanus,
2323 5199 2447 5251 licet
2478 5198 2528 5250 in
2578 5203 2678 5252 hoc
2712 5198 2834 5251 loco
2875 5197 3126 5252 viIiOsus.
3159 5199 3302 5254 Editi

1723 5287 1895 5324 vero:
1943 5269 2010 5323 Et
2047 5269 2172 5338 quid
2205 5269 2358 5330 dico,
2407 5267 2472 5338 de
2522 5269 2722 5338 nobis?
2761 5265 2997 5320 Exsoluit
3045 5270 3303 5323 tributum

1724 5343 1884 5392 etiam
1910 5335 2166 5392 Dominus
2188 5348 2364 5390 noster
2395 5335 2556 5389 Iesus
2587 5335 2830 5391 Christus
2869 5339 2925 5389 in
2961 5353 3121 5392 carne
3156 5343 3302 5407 posi-

1721 5421 1825 5471 tus,
1861 5421 1967 5462 etc.

1795 5480 1905 5550 (177)
1931 5478 2029 5550 Ms.
2069 5477 2270 5550 Regius
2299 5491 2449 5532 num.
2482 5475 2660 5542 1659,
2700 5473 2857 5543 Quod
2888 5477 2935 5530 si
2975 5477 3066 5533 ille
3097 5479 3154 5532 in
3196 5493 3300 5550 quo

1725 5549 1856 5602 nihil
1879 5549 2099 5602 habebat
2123 5549 2323 5608 Cazsar,
2349 5558 2455 5603 etc.

1815 5617 1904 5688 l8)
1935 5617 2034 5672 Ms.
2069 5617 2270 5684 Regius
2297 5631 2447 5688 num.
2478 5617 2640 5683 1659,
2669 5633 2704 5670 a
2737 5619 2912 5673 nobis.

1817 5687 1905 5756 l9)
1936 5689 2027 5741 Sic
2058 5702 2184 5740 mss.
2211 5697 2266 5741 et
2294 5687 2580 5752 Rabanns;
2607 5689 2737 5742 editi
2763 5703 2915 5752 vero,
2942 5689 3028 5740 ubi
3050 5696 3124 5741 est
3145 5702 3297 5740 amor

1719 5756 1863 5810 meus
1884 5797 1899 5820 ,
1924 5769 1970 5825 e_t
1994 5758 2158 5809 honor
2175 5758 2200 5810 Ρ
2233 5756 2430 5810 Deinde
2455 5771 2585 5810 mss.
2629 5757 2876 5825 plerique
2897 5797 2914 5822 ,
2953 5757 3207 5814 Rabauus
3240 5767 3296 5809 et

1716 5817 1967 5891 etliti,rut
2009 5827 2202 5878 nemini
2239 5826 2526 5895 quidquam
2559 5817 3010 5890 debeamusfsed
3047 5841 3147 5881 ms.
3191 5825 3296 5882 Re-

1716 5900 1836 5970 gius
1864 5912 2015 5956 num.
2049 5896 2184 5951 1659
2211 5905 2415 5949 rectius
2449 5895 2580 5950 utin
2604 5904 2790 5955 nostro
2822 5907 2992 5952 textu.

1105 6039 1110 6043 _
1123 6035 1150 6042 η
