3812 6562
492 399 625 454 1231

1963 380 2216 440 ORIGEN
2223 380 2284 436 IS

3606 368 3712 422 Β.ξὲ

491 531 610 583 qum
636 514 860 576 addidit,
892 513 941 566 id
967 520 1050 566 est
1073 529 1086 564 :
1111 509 1320 564 Nemini
1341 508 1623 579 quidquam
1647 504 1917 568 debeatis;
1948 517 2059 556 cer-
2084 505 2132 562 Α
2160 513 2223 552 ac
2269 494 2480 550 Veteris
2529 491 2864 548 Testamenti
2919 489 2982 545 ad
3031 499 3232 546 nostra!
3270 501 3416 541 cura:
3469 486 3714 538 concessit

490 622 605 665 tum
639 608 818 663 estad
848 607 1130 660 ministros
1168 606 1357 658 referri
1380 645 1395 670 ,
1443 605 1641 672 quibus
1679 602 1895 658 debitor
1939 601 2061 671 quis

485 701 726 757 edicitur
755 715 877 756 cum
904 697 1231 769 peccaverit.
1283 697 1532 752 Debitum
1583 697 1726 750 enim
1778 705 2059 766 peccatum

493 810 615 850 esse
642 795 696 848 iu
732 792 919 847 multis
951 802 1006 846 et
1039 791 1149 861 (20)
1188 791 1506 858 frequenter
1537 791 1893 844 ostendimus.
1937 786 2065 842 Vult

491 901 624 957 ergo
656 885 855 940 Paulus
885 883 1090 953 peccati
1140 882 1358 950 quidem
1413 895 1572 936 omne
1609 882 1853 934 debitum
1903 879 2060 943 solvi,

496 993 597 1033 uec
627 992 915 1032 remanere
953 975 1176 1030 omnino
1207 975 1345 1042 apud
1398 989 1495 1028 nos
1541 974 1778 1027 debitum
1829 973 2062 1042 peccati,

493 1081 818 1135 permanere
855 1076 1034 1119 tamen
1069 1075 1122 1120 et
1161 1080 1431 1133 nunquam
1466 1078 1681 1119 cessare
1713 1079 1740 1116 a
1769 1063 1925 1118 nobis
1973 1063 2064 1117 de-

500 1158 671 1212 bitum
706 1155 988 1210 charitatis
1022 1173 1038 1210 :
1071 1156 1172 1209 hoc
1205 1157 1348 1210 enim
1381 1164 1435 1209 et
1457 1155 1701 1223 quotidie
1740 1153 1971 1217 solvere,
2011 1162 2066 1208 et

495 1263 715 1316 semper
742 1248 938 1301 debere
969 1246 1182 1313 expedit
1210 1246 1366 1300 nobis
1391 1244 1523 1315 (21).

570 1341 658 1394 3i.
735 1339 975 1406 Denique
1021 1346 1240 1407 quantae
1293 1339 1511 1392 virtutis
1569 1336 1642 1389 sit
1691 1336 1962 1396 cbaritas,
2012 1335 2064 1388 in

496 1429 966 1498 consequentibus
1011 1428 1182 1496 ponit.
1226 1427 1328 1492 Qui
1365 1427 1500 1480 enim
1523 1466 1538 1490 ,
1572 1425 1906 1497 iuquit(2‘2),
1943 1427 2068 1478 dili-

501 1523 576 1590 git
599 1523 919 1588 proximum,
950 1521 1111 1590 legem
1139 1520 1386 1586 implevit.
1427 1519 1568 1572 Nam
1597 1536 1700 1572 non
1725 1519 2070 1583 adulterabis,

505 1630 610 1667 non
646 1614 845 1668 occides
863 1653 877 1676 ,
905 1629 1010 1667 non
1035 1611 1234 1679 furtum
1260 1611 1454 1680 facies,
1479 1626 1586 1663 non
1621 1609 1818 1678 falsum
1842 1608 2072 1661 testimo-

505 1707 648 1758 nium
681 1705 865 1769 dices;
892 1721 994 1756 non
1027 1703 1390 1768 cancupisces,
1426 1710 1483 1756 et
1531 1702 1577 1754 si
1621 1703 1760 1768 quod
1808 1709 1881 1752 est
1926 1699 2071 1751 aliud

491 1795 833 1861 mandatum,
865 1796 918 1848 in
956 1795 1052 1847 hoc
1073 1793 1224 1845 verba
1248 1801 1576 1845 restauratur
1613 1805 1631 1841 :
1662 1790 1860 1859 Diliges
1897 1789 2074 1857 proxi-

2162 602 2446 658 expensas.
2470 586 2625 641 Hunc
2644 600 2775 656 ergo
2793 584 3100 654 proximum
3120 583 3166 638 si
3183 582 3500 650 diligamus.
3528 591 3713 627 onmem

2163 680 2334 750 legem
2371 687 2425 732 et
2453 678 2706 732 universa
2745 676 3001 731 mandata
3046 675 3100 729 in
3144 673 3312 742 ipsius
3345 682 3544 724 amore
3593 681 3716 718 cotn-
3786 673 3787 732 ξ

2163 749 2372 840 plemus
2400 768 2533 839 (‘28).
2560 765 2715 821 Finis
2747 767 2885 820 enim
2922 765 3053 835 legis
3078 763 3320 818 Christus
3361 759 3434 812 ad
3474 755 3716 826 justitiam

2164 865 2310 918 omni
2333 858 2624 916 credenti“
2652 877 2668 918 :
2699 873 2800 913 nec
2827 857 2938 912 ﬁeri
2973 855 3083 910 ullo
3112 863 3269 925 pacto
3313 858 3501 920 potest
3523 887 3541 911 ,
3573 855 3626 899 ut
3649 843 3715 912 qui

2165 973 2234 1012 ex
2275 964 2386 1009 toto
2436 953 2710 1016 corde,et
2761 964 2828 1005 ex
2875 949 3003 1004 totis
3048 943 3350 1006 visceribus
3401 939 3524 994 suis
3577 936 3719 1003 diligit

2165 1045 2466 1106 Christum,
2493 1041 2660 1098 faciat
2691 1039 2893 1109 aliquid
2934 1039 3080 1109 quod
3112 1049 3215 1090 non
3243 1031 3461 1102 placeat
3504 1026 3717 1082 Christo.

2166 1136 2316 1192 Illum
2341 1134 2484 1190 enim
2515 1133 2609 1204 qui
2635 1131 2824 1200 diligit,
2856 1145 2960 1184 non
2994 1127 3168 1183 solum
3205 1139 3312 1178 non
3338 1118 3581 1179 occidit,
3604 1115 3719 1185 quod

2166 1229 2417 1300 prohibet
2446 1227 2569 1287 lex;
2607 1225 2702 1280 sed
2733 1239 2832 1278 nec
2861 1221 3114 1277 irascitur
3141 1215 3299 1272 fratri
3331 1227 3438 1268 suo
3473 1210 3614 1281 (29).
3641 1207 3720 1273 Qui
3786 1217 3787 1252 1

2170 1322 2244 1376 ita
2281 1319 2582 1374 delectatur
2612 1315 2703 1370 illo
2726 1330 2892 1385 quem
2931 1312 3121 1383 diligit,
3144 1325 3249 1364 non
3282 1307 3462 1362 solum
3483 1317 3596 1356 non
3624 1300 3725 1354 facit

2170 1411 2529 1476 adulterium,
2559 1408 2653 1462 sed
2699 1421 2798 1460 nec
2843 1405 3126 1460 mulierem
3169 1397 3396 1467 respicit
3445 1394 3517 1448 ad
3551 1405 3725 1446 concu-

2170 1502 2488 1572 piscendum
2515 1515 2531 1563 ;
2565 1498 2657 1553 sed
2691 1497 2823 1551 dicit
2852 1497 2918 1548 ad
2947 1497 3122 1562 ipsum
3153 1488 3326 1556 magis
3354 1502 3369 1538 ³
3411 1481 3726 1572 ϐοησιιξρίιξέι

2169 1569 2602 1658 etdeficitanima
2619 1603 2732 1641 mea
2757 1587 2812 1638 in
2829 1584 2992 1638 Deum
3023 1578 3266 1635 vivum“.
3293 1573 3469 1645 658
3501 1570 3606 1637 Qui
3635 1569 3729 1620 dili—

2173 1684 2252 1753 git
2285 1681 2564 1738 Christum
2588 1721 2604 1746 ,
2636 1676 2913 1748 quomodo
2935 1676 3001 1728 de
3033 1671 3182 1724 furto
3199 1669 3440 1736 cogitet,
3475 1663 3571 1731 qui
3594 1663 3729 1715 etiam

2177 1789 2269 1829 sua
2313 1771 2494 1830 omnia
2545 1782 2878 1841 quaecunque
2913 1766 3078 1820 habet
3119 1757 3373 1826 relinquit
3421 1755 3537 1824 (30)
3581 1763 3635 1804 ut
3666 1765 3733 1841 se-

498 1902 648 1938 mum
669 1839 1091 1950 tuumdanquam
1117 1882 1334 1949 teipsum
1366 1880 1430 1932 ⁸⁵.
1457 1879 1521 1932 Ει
1545 1878 1610 1930 ad
1636 1839 2078 1932 ultiniumrratio-
2107 1839 2151 1893 Β
2181 1873 2378 1934 qualur
2417 1839 2736 1918 Christum?
2799 1855 2901 1924 Qui
2950 1853 3228 1909 Christum
3277 1847 3460 1916 diligit
3480 1886 3496 1909 ,
3545 1840 3734 1911 quando

507 1993 633 2032 nem
667 1976 799 2030 tanti
853 1975 1012 2043 hujus
1051 1975 1174 2028 boni
1214 1973 1326 2041 (25)
1369 1971 1608 2026 breviter
1652 1969 1916 2039 colligens
1955 1967 2075 2020 ait:

509 2068 733 2122 Dilectio
780 2067 1006 2138 proximi
1052 2066 1252 2119 malum
1294 2081 1397 2118 non
1444 2073 1694 2133 operatur
1740 2079 1759 2117 :
1807 2062 2079 2126 plenitudo

507 2177 630 2230 ergo
647 2156 774 2230 legis
802 2169 880 2214 est
906 2159 1136 2212 dilectio.
1173 2158 1348 2227 Supra
1377 2157 1589 2210 dixerat
1615 2155 1742 2224 quia
1781 2155 1871 2224 qui
1904 2153 2079 2222 diligit

509 2254 808 2322 proximum
828 2291 841 2316 ,
869 2251 1031 2321 legem
1064 2249 1332 2317 implevit;
1361 2257 1414 2301 et
1453 2249 1576 2316 quia
1608 2245 1824 2300 diﬂicile
1869 2244 2080 2298 videba-
2127 2261 2129 2263 ·

512 2357 602 2398 tur
635 2343 904 2412 quomodo
930 2341 1101 2410 possit
1127 2339 1250 2406 quis
1275 2355 1490 2394 omnem
1522 2339 1690 2406 legem
1738 2337 1790 2392 in
1823 2335 1939 2405 (24)
1975 2349 2080 2389 uno

509 2448 766 2489 sermone
814 2432 1110 2502 complere,
1169 2430 1538 2500 plenissimam
1589 2427 1766 2482 reddit
1811 2427 2077 2481 rationem

510 2523 745 2578 dicens:
793 2520 1016 2574 Dilectio
1067 2519 1288 2582 proximi
1326 2516 1526 2570 malum
1573 2531 1677 2567 non
1719 2523 1995 2581 operatur,
2027 2520 2084 2564 et

509 2615 636 2668 ideo
663 2611 932 2682 plenitudo
956 2613 1082 2682 legis
1115 2621 1190 2664 est
1219 2608 1450 2662 dilectio.
1493 2606 1640 2660 Pone
1670 2604 1812 2660 enim
1840 2620 1936 2674 per
1962 2602 2082 2656 sin-

512 2704 636 2771 gula
662 2701 914 2757 mandata
943 2699 1076 2770 legis
1103 2699 1442 2754 dilectionem
1464 2737 1479 2761 ,
1527 2706 1582 2750 et
1618 2695 1740 2749 vide
1781 2707 1944 2761 quam
1999 2691 2080 2744 fu-

507 2793 617 2849 cile
645 2800 841 2848 cuncta
873 2790 1230 2861 complentur.
1260 2787 1511 2856 Nunquid
1549 2785 1641 2855 qui
1686 2784 1860 2854 diligit
1900 2781 2081 2851 prosi-

514 2899 686 2946 mum,
717 2880 964 2937 occidere
994 2895 1117 2934 eum
1145 2879 1367 2947 potest?
1392 2877 1616 2932 Certum
1644 2884 1728 2930 est
1749 2875 1895 2944 quod
1918 2885 2081 2925 nemo

499 2987 673 3042 quem
709 2970 886 3041 diligit
909 2969 1223 3024 interﬁciat.
1251 2966 1343 3022 Est
1375 2981 1503 3037 ergo
1537 2965 1755 3020 dilectio
1796 2977 1892 3032 per
1919 2977 2079 3030 quam

513 3058 807 3129 impleatur
853 3059 1160 3112 mandatum
1213 3070 1321 3123 quo
1387 3051 1697 3122 praecipitur
1738 3048 1850 3118 (25)
1892 3065 1906 3101 :
1957 3047 2079 3100 Non

2182 1958 2378 2013 falsum
2411 1953 2778 2011 testimonium
2823 1949 2986 2012 dicit,
3026 1961 3150 2000 cum
3192 1940 3334 1996 sciat
3369 1939 3561 2005 ipsum
3601 1947 3733 2001 quem

2181 2055 2358 2123 diligit
2390 2051 2528 2106 falso
2573 2045 2884 2105 testimonio
2926 2041 3199 2113 proditum
3234 2033 3400 2105 (δην
3435 2026 3736 2084 Necessario

2181 2122 2358 2200 autem
2393 2142 2481 2211 qui
2530 2139 2710 2210 diligit
2761 2136 3078 2195 Christum,
3131 2129 3308 2198 diligit
3356 2134 3416 2179 et
3455 2122 3736 2211 proximum

2179 2253 2336 2293 suum
2363 2210 2433 2288 '°.
2472 2233 2586 2288 Hoc
2607 2232 2751 2286 enim
2787 2227 2902 2284 solo
2954 2224 3154 2280 indicio
3180 2219 3388 2277 Christi
3440 2229 3568 2270 esse
3605 2210 3741 2265 disci-

2184 2328 2342 2398 pulus
2375 2325 2705 2394 designatur,
2750 2321 2795 2374 si
2830 2318 3148 2373 cltaritatem
3189 2327 3317 2367 cum
3357 2306 3632 2378 proximis
3672 2301 3742 2353 ha-

2181 2394 2308 2473 bent
2336 2417 2405 2470 δ’.
2440 2415 2662 2470 Certum
2693 2418 2776 2464 est
2799 2408 2942 2463 enim
2977 2405 3118 2472 quod
3147 2402 3238 2471 qui
3274 2415 3385 2453 non
3434 2394 3611 2464 diligit
3634 2407 3741 2460 pro-

2181 2508 2408 2570 ximum,
2447 2506 2656 2560 nesciat
2685 2500 2961 2557 Christum
2991 2498 3060 2550 ".

2248 2599 2337 2655 52.
2376 2597 2442 2650 Et
2471 2597 2567 2650 hoc
2590 2595 2810 2648 scientes
2841 2601 3062 2657 tempus,
3092 2586 3345 2657 quoniam
3382 2583 3528 2634 hora
3563 2588 3633 2631 est
3651 2576 3745 2644 jam

2181 2695 2245 2747 de
2273 2707 2454 2746 somno
2481 2703 2712 2758 surgere.
2740 2685 2897 2740 Nunc
2935 2683 3068 2736 enim
3111 2679 3329 2748 propior
3363 2684 3446 2728 est
3476 2681 3652 2725 nostra
3673 2685 3744 2720 sa-

2181 2785 2284 2848 lus,
2313 2798 2469 2852 quam
2495 2795 2613 2834 cum
2636 2776 2976 2833 credidimus.
3010 2770 3132 2825 Non:
3182 2767 3463 2838 prrscessit
3484 2807 3500 2830 ,
3529 2767 3638 2817 dies
3666 2777 3746 2812 es.

2182 2886 2283 2928 tem
2305 2871 2764 2942 apprOpinquavit.
2799 2867 3125 2935 Abjiciamus
3159 2877 3284 2930 ergo
3313 2875 3485 2925 opera
3530 2857 3750 2908 tenebrae

2182 2981 2328 3026 rum,
2369 2964 2650 3015 induamus
2681 2968 2852 3012 autem
2891 2971 3037 3017 arma
3069 2953 3231 3016 lucis,
3273 2951 3415 3003 sicut
3454 2951 3511 3000 in
3551 2948 3637 2998 die
3675 2945 3750 2995 lto-

2182 3063 2322 3109 neste
2376 3051 2704 3106 ambulemus
2731 3049 2800 3102 ⁸³.
2869 3046 3002 3101 Cum
3065 3052 3183 3112 post
3231 3043 3356 3096 illas
3408 3041 3754 3094 dissertiones

509 3151 740 3204 occides.
761 3148 825 3202 Et
850 3149 1062 3211 iterum,
1095 3145 1331 3213 nunquid
1359 3140 1469 3214 (26)
1495 3141 1584 3208 qui
1604 3141 1906 3211 proximum
1924 3151 2078 3190 suum
2109 3167 2150 3224 C
2183 3159 2320 3215 quas
2351 3141 2436 3196 vel
2458 3140 2526 3195 de
2557 3139 2805 3210 gentibus
2827 3178 2843 3202 ,
2870 3137 2953 3190 vel
2992 3138 3058 3190 de
3083 3132 3286 3188 Iudaeis
3320 3131 3622 3200 Apostolus
3646 3141 3756 3198 pro-

513 3239 713 3311 diligit,
744 3239 798 3293 in
826 3253 1048 3292 uxorem
1085 3237 1202 3305 ejus
1225 3234 1545 3288 adulterium
1575 3229 1906 3287 committit?
1935 3227 2084 3282 Nun—

513 3345 680 3400 quam
729 3329 994 3398 profecto.
1057 3326 1112 3380 Si
1167 3341 1296 3393 ergo
1339 3325 1533 3394 diligas
1594 3322 1933 3392 proximum,
1986 3333 2088 3374 nec

518 3421 846 3476 adulterium
876 3418 1206 3474 committes.
1247 3414 1515 3469 Similiter
1551 3423 1606 3467 et
1633 3412 1725 3481 qui
1757 3411 1936 3480 diligit
1964 3424 2088 3478 pro-

523 3511 728 3565 ximum
753 3547 768 3572 ,
817 3522 936 3577 quae
961 3507 1078 3575 ejus
1103 3516 1227 3560 sunt
1256 3519 1360 3558 non
1397 3502 1644 3568 furatur;
1678 3511 1732 3556 et
1772 3500 1867 3571 qui
1915 3498 2092 3568 diligit

521 3601 858 3672 proximum,
893 3598 1087 3653 falsum
1118 3599 1381 3653 adversus
1411 3610 1533 3651 eum
1567 3593 1934 3649 testimonium
1983 3606 2088 3646 nou

519 3695 681 3750 dicit.
723 3692 986 3749 Similiter
1007 3699 1061 3744 et
1083 3699 1278 3746 caetera
1310 3687 1562 3742 mandata
1596 3685 1749 3751 legis,
1784 3684 1832 3739 si
1859 3684 1929 3740 sit
1961 3698 2089 3752 erga

530 3789 834 3857 proximum
853 3786 1090 3850 dilectio,
1129 3785 1332 3853 absque
1361 3783 1543 3852 aliquo
1571 3780 1757 3834 labore
1782 3785 2088 3833 servantur.

519 3881 664 3936 Puto
717 3888 897 3934 tamen
946 3877 1088 3945 quod
1139 3876 1278 3931 etin
1311 3874 1412 3928 hoc
1467 3872 1632 3926 voluit
1660 3884 1761 3924 nos
1799 3867 2093 3938 Apostolus

527 3970 731 4041 aliquid
761 3967 1196 4038 compendiosius
1218 3967 1427 4020 discere
1455 3962 1591 4034 (27).
1620 3961 1757 4016 Nam
1783 3961 1831 4016 si
1867 3960 2095 4028 diligen-

521 4063 640 4116 tius
686 4059 932 4129 requiras
967 4057 1090 4128 quis
1145 4058 1218 4112 sit
1258 4055 1536 4126 prosimus
1567 4061 1786 4118 noster,
1827 4051 2007 4106 disces
2037 4051 2092 4104 in

529 4151 823 4220 Evangelia
854 4150 894 4182 "'
926 4149 1073 4202 illum
1102 4163 1222 4203 esse
1249 4147 1554 4214 proximum
1592 4153 1838 4200 nostrum
1879 4140 1972 4211 qui
2004 4154 2096 4195 ve-

523 4241 634 4306 nit,
661 4249 717 4294 et
744 4239 989 4307 jacentes
1017 4251 1114 4291 nos
1142 4236 1454 4288 vulneratos
1484 4248 1511 4286 a
1545 4232 1870 4294 latronibus,
1906 4239 1962 4284 et
1995 4245 2096 4284 nu-

531 4332 687 4384 datos
714 4345 746 4384 a
777 4329 1106 4384 daemonibus
1132 4329 1377 4396 jumento
1403 4324 1650 4395 corporis
1704 4325 1786 4378 sui
1839 4337 2096 4392 superpo-

523 4422 664 4486 suit,
693 4431 750 4474 et
769 4421 836 4474 ad
867 4418 1136 4472 stabulum
1181 4418 1441 4473 Ecclesia
1497 4417 1726 4479 detulit,
1775 4424 1832 4468 et
1857 4414 2098 4469 stabula-

2187 3241 2404 3288 secutus
2445 3240 2562 3298 est,
2609 3229 3001 3285 introduxisset
3040 3227 3202 3282 etiam
3250 3224 3532 3278 moralem
3577 3223 3755 3280 locum,

2188 3338 2295 3393 quo
2321 3323 2492 3390 magis
2525 3337 2590 3376 ac
2618 3322 2791 3389 magis
2817 3319 3094 3374 auditores
3126 3315 3314 3369 incitet
3351 3313 3426 3368 ad
3457 3311 3755 3369 conversio-

2189 3428 2332 3478 nem,
2360 3413 2659 3467 introducit
2699 3427 2840 3466 nunc
2870 3412 3034 3466 etiam
3065 3414 3460 3477 perurgentem
3497 3404 3614 3475 (32)
3645 3414 3757 3456 tem-

2188 3503 2337 3574 poris
2354 3503 2646 3569 rationem,
2668 3501 2809 3572 quod
2829 3510 2914 3556 est
2938 3501 2989 3554 in
3011 3500 3170 3554 rebus
3197 3497 3462 3551 omnibus
3481 3509 3756 3549 summum.

2190 3592 2363 3649 Nemo
2395 3593 2541 3648 enim
2593 3593 2669 3647 ita
2709 3591 3080 3647 somnolentus
3130 3598 3185 3644 et
3223 3590 3377 3658 piger
3432 3597 3564 3650 est,
3621 3598 3759 3652 que

2191 3683 2525 3738 advenientis
2575 3683 2680 3738 diei
2727 3698 2834 3737 non
2881 3683 3082 3736 excitet
3133 3680 3394 3740 claritas,
3452 3687 3515 3732 et
3566 3677 3652 3731 cui
3693 3674 3759 3726 sal

2191 3778 2362 3835 oculis
2386 3779 2592 3833 infusus
2618 3792 2724 3832 non
2756 3777 2963 3846 aperiat
2992 3783 3290 3844 aspectum.
3323 3770 3424 3826 Est
3451 3785 3594 3840 ergo
3617 3769 3760 3822 etiam

2193 3871 2386 3925 animae
2417 3883 2636 3926 somnus
2663 3867 2900 3937 quidam.
2937 3867 2996 3922 Si
3036 3866 3183 3920 enim
3211 3874 3339 3918 sunt
3382 3864 3438 3917 ei
3466 3904 3484 3928 ,
3531 3874 3595 3917 ut
3642 3873 3764 3926 sape

2186 3957 2298 4028 jam
2350 3958 2622 4022 diximus,
2656 3957 2856 4026 proprii
2895 3957 3070 4018 oculi,
3114 3965 3170 4009 et
3211 3967 3373 4008 aures
3403 3954 3690 4022 propriae,
3723 3959 3766 4000 et

2197 4065 2388 4106 manus
2410 4062 2464 4105 et
2489 4052 2657 4121 pedes
2683 4067 2698 4115 ;
2724 4065 2843 4120 quae
2865 4047 3070 4118 singula
3095 4061 3201 4100 non
3234 4056 3342 4100 tam
3375 4044 3640 4098 membra
3660 4056 3764 4094 cor-

2196 4141 2398 4212 poralia
2432 4141 2609 4196 inesse
2636 4142 2684 4195 ei
2715 4180 2730 4204 ,
2763 4155 2922 4208 quam
2955 4139 3186 4191 virtutes
3229 4135 3432 4204 quibus
3471 4136 3547 4187 ad
3588 4146 3766 4187 unum-

2197 4231 2449 4302 quodque
2478 4240 2726 4286 movetur
2753 4240 2808 4286 et
2843 4231 3104 4284 incitatur
3136 4227 3453 4297 reputandae
3479 4234 3616 4280 sunt
3636 4265 3651 4286 ,
3699 4237 3771 4274 ac-

2197 4324 2331 4379 cidit
2379 4323 2498 4378 siue
2557 4322 2723 4377 dubio
2779 4321 2831 4376 ei
2860 4321 3152 4376 secundum
3201 4317 3388 4371 oculos
3446 4332 3589 4371 suos
3620 4316 3770 4369 etiam

2199 4427 2439 4467 somnus.
2483 4411 2539 4465 Si
2574 4411 2718 4465 enim
2755 4425 2857 4464 non
2885 4419 3009 4479 agat
3035 4417 3276 4477 tempore
3307 4416 3636 4475 opportuno
3667 4416 3772 4471 qua:

523 4516 616 4568 rrio
647 4528 745 4583 pro
786 4526 921 4568 cura
965 4523 1149 4568 nostra
1194 4521 1250 4564 et
1301 4509 1580 4578 diligentia
1627 4507 1736 4579 (vel
1767 4507 1867 4577 ipsi
1901 4505 2093 4571 Paulo,
2125 4511 2172 4571 D
2198 4504 2294 4558 Dei
2325 4513 2472 4568 sunt,
2501 4503 2594 4559 sed
2626 4501 2829 4558 desidia
2861 4509 3159 4570 torpescat,
3189 4497 3382 4569 merito
3411 4498 3670 4551 dormire
3704 4494 3774 4548 di-

532 4606 617 4660 vel
643 4605 788 4660 omni
820 4607 908 4674 qui
948 4604 1200 4660 Ecclesiae
1241 4601 1457 4673 praeest)
1496 4603 1633 4656 duos
1676 4599 1932 4655 denarios
1964 4596 2099 4652 Novi

604 4747 652 4778 “
689 4746 850 4801 Rom.
883 4761 1004 4804 xm.
1035 4745 1098 4809 8,
1128 4746 1184 4800 9.
1238 4745 1281 4775 ⁵⁷
1301 4743 1433 4797 Luc.
1461 4758 1516 4803 ι,
1541 4741 1613 4796 29
1637 4755 1751 4808 seq.
1823 4739 1870 4771 "
1899 4739 2049 4794 Rom.

2190 4771 2211 4793 ι.
2286 4739 2330 4772 ⁸⁸
2355 4737 2498 4793 Psal.
2527 4736 2829 4801 Lxxxut,3.
2904 4734 2951 4767 ⁵⁸
2971 4731 3126 4788 Joan.
3157 4746 3232 4796 tv,
3252 4729 3343 4792 20.
3369 4729 3431 4783 2i
3449 4767 3468 4783 .

537 4831 663 4881 xm,
692 4817 783 4871 35.
851 4816 902 4848 “
933 4813 1129 4893 lJoau.
1165 4830 1236 4880 tv,
1267 4814 1320 4868 8.
1396 4814 1442 4846 ⁸³
1473 4814 1627 4866 lion].
1661 4825 1782 4874 xm,
1807 4809 1993 4865 11-15.

612 4933 729 5008 (eo)
765 4934 925 5008 Deest
949 4945 999 4988 et
1030 4933 1082 5008 in
1104 4933 1283 4987 editis.

769 5003 896 5059 Mss.
955 5003 1209 5073 quidam,
1265 5011 1313 5056 et
1364 4999 1596 5072 quotidie
1654 4998 1838 5051 debere
1889 4997 2102 5065 expedit

643 5095 711 5127 18.

543 5094 711 5131 110018.

613 5145 726 5215 (22)
762 5145 961 5215 l—uquit.
995 5143 1156 5215 Dicest‘
1181 5142 1232 5196 in
1265 5140 1444 5195 editis.

614 5204 727 5284 (25)
769 5204 862 5269 Sic
891 5227 994 5268 nis.
1026 5212 1228 5284 Regius
1252 5205 1574 5284 num._ll_33$l
1603 5216 1657 5260 et
1689 5204 2104 5284 Rabanusz‘Cfe:

546 5273 647 5339 tari
686 5273 816 5340 vero
858 5299 990 5338 mss.
1018 5294 1072 5338 et
1103 5273 1230 5337 Editi
1251 5322 1266 5346 ,
1293 5279 1428 5331 tanti
1473 5276 1631 5344 hujus
1657 5275 1925 5342 prwcepti.
1955 5273 2100 5328 Editi

551 5358 799 5410 )mittuut
815 5354 1001 5410 huius.
1396 5352 1401 5357 ’

611 5423 843 5495 (2.4)1n.
876 5419 1160 5495 Omittitur
1183 5421 1235 5472 in
1253 5419 1440 5495 editis.

759 5494 920 5565 Editi,
943 5485 1428 5565 quod_pra’cipitur,
1455 5485 1617 5565 male.

619 5554 736 5632 (26)
771 5554 1045 5632 Nunquid.
1078 5554 1421 5632 Deside'ratur
1455 5559 1508 5632 in
1544 5554 2103 5632 librisantea‘editis.

621 5621 937 5707 (27ngditi',
972 5642 1120 5707 puto
1145 5629 1307 5707 etiam
1330 5629 1548 5707 φωτὶ-ᾳ
1587 5627 1642 5678 in
1684 5625 1782 5707 {ioc
1820 5621 1983 5707 uoluit
2013 5639 2108 5707 nos

547 5689 750 5774 aliquid
776 5689 1188 5774 compendiosius
1216 5689 1425 5774 docere.
1477 5696 1605 5774 μεθ.
1650 5695 1889 5774 aliquot,
1937 5689 2108 5774 Putas

551 5765 655 5830 non
687 5782 737 5828 et
764 5765 912 5825 aliud
943 5775 996 5824 in
1025 5773 1121 5823 hoc
1143 5768 1303 5823 voluit
1338 5783 1428 5820 nos
1462 5765 1774 5834 Apostolus,
1795 5771 1926 5834 etc.,
1963 5771 2023 5816 ut
2055 5765 2104 5816 iu

545 5856 721 5902 testu.
757 5842 866 5910 Sed
905 5841 1108 5897 rectius
1144 5839 1398 5894 [tabanus
1440 5847 1494 5892 et
1533 5850 1634 5891 ms.
1683 5833 1918 5903 Regius,
1955 5848 2104 5886 num.

2207 4607 2364 4652 cetur
2385 4597 2519 4668 (35).
2558 4596 2764 4651 Idcirco
2797 4593 2960 4664 igitur
2987 4590 3185 4646 Paulus
3212 4603 3390 4659 praeco
3426 4587 3648 4644 Christi
3678 4586 3773 4638 cir-

3555 4730 3603 4761 ⁸⁸
3632 4725 3772 4782 Joan.

2206 4925 2365 4984 1659,
2405 4923 2543 4976 Puto
2570 4933 2743 4975 tamen
2769 4925 2910 4989 quod
2936 4929 2984 4974 et
3012 4935 3067 4972 tn
3090 4923 3208 4989 hoc,
3232 4924 3342 4989 etc:

2277 4982 2387 5065 (28)
2421 4993 2517 5065 Sic
2539 5008 2644 5065 ins.
2675 4982 2877 5060 Regius
2903 5005 3049 5042 num.
3079 4986 3216 5065 1659
3239 4997 3293 5039 et
3313 4982 3775 5065 Rabanus..Ed_iti

2203 5056 2444 5126 vero.'et
2471 5063 2710 5132 plerique
2737 5056 2895 5125 mss,
2941 5069 2986 5112 et
3029 5060 3270 5110 uniuersa
3309 5056 3584 5108 mandata
3624 5056 3776 5122 ipsis:

2203 5134 2560 5278 coggfms'i‘c;
2580 5209 2726 5278 recte
2767 5214 2871 5256 ms.
2917 5197 3115 5278 Eegius
3143 5209 3340 5278 mutua
3372 5194 3558 5261 £639;
3606 5205 3776 5278 caeteri

2205 5263 2333 5328 vero
2361 5263 2489 5325 mss.
2523 5270 2780 5324 Rabanus
2807 5279 2862 5324 et
2885 5263 3037 5331 editi,
3064 5267 3187 5336 quia
3219 5263 3536 5334 (Rubanus,
3570 5264 3687 5333 qui)
3713 5263 3778 5314 its

2207 5343 2500 5464 delecta:ur
2547 5340 2637 5394 ille
2679 5339 2799 5411 (aL,
2855 5336 2968 5406 illo)
2999 5335 3150 5404 quem
3194 5335 3389 5403 diligit,
3443 5348 3501 5387 et
3555 5353 3663 5388 non
3705 5351 3780 5386 so-

2233 5429 2341 5464 um.
2371 5427 2400 5464 e
2428 5426 2476 5464 c.

2233 5429 2341 5474 um,
2371 5421 2476 5466 etc.

2287 5483 2397 5551 (30)
2427 5480 2592 5551 Alias,
2621 5480 2812 5551 cogitat
2843 5475 3192 5551 ...._t:eliquit.

2285 5545 2398 5624 (ἓὲ)
2426 5548 2600 5624 Editi,
2630 5545 2920 5624 perditum.
2941 5545 3096 5599 Male.

2285 5615 2397 5692 (52)
2426 5619 2568 5673 Editi
2589 5661 2605 5683 ,
2630 5615 2737 5689 quo
2784 5618 2950 5686 magis
3009 5615 3279 5668 auditores
3309 5651 3323 5665 .
3349 5658 3360 5669 .
3385 5652 3398 5666 .
3419 5650 3433 5664 .

2213 5693 2367 5745 modo
2398 5698 2774 5757 perurgentern,
2797 5698 2902 5744 etc.

2285 5753 2407 5832 (55)
2428 5753 2594 5832 Editi,
2620 5759 2708 5832 sed
2731 5757 3000 5832 desideriis
3027 5754 3323 5832 (Rabattus,
3341 5753 3788 5832 deside-rienes-

2211 5823 2410 5900 pescai.
2442 5831 2618 5883 merito
2642 5827 2868 5882 dormire
2891 5823 3106 5880 dicitur.
3140 5823 3267 5880 Mss.
3299 5826 3557 5894 plerique
3594 5823 3788 5877 halxat

3489 5613 3787 5667 introducit
