3812 6536
65 461 84 513 1
93 460 189 513 255

962 413 1356 515 .COMMENT.
1395 456 1462 511 ΙΝ
1500 455 1720 513 EPIST.
1761 455 1850 509 AD
1889 454 2058 512 ROM.
2100 455 2228 510 LIB.
2272 456 2360 512 IX.

3158 461 3296 518 123‘

58 581 236 636 etiiens
262 574 514 630 mundum
539 574 594 629 in
621 589 811 631 somno
831 575 1050 632 desidiae
1069 579 1629 648 positum,annuntiat
1655 585 1700 637 Α
1731 575 1855 628 bilia
1906 576 2170 644 appellata
2223 583 2378 638 sunt,
2419 591 2540 642 quas
2581 592 2683 630 non
2732 587 2839 632 tam
2885 579 3297 636 rationabilibus

60 673 238 727 adesse
274 667 382 737 jam
421 667 595 722 lucem
619 706 636 733 ,
683 675 739 722 et
773 676 985 739 tempus
1019 684 1143 724 esse
1192 678 1251 724 ut
1294 679 1550 740 surgatur
1589 685 1621 726 e

61 772 276 827 somno;
331 769 690 830 noctemque,
759 761 863 817 hoc
919 771 1005 818 est
1069 772 1281 832 tempus
1335 763 1466 818 illud
1511 779 1619 833 quo

66 854 354 925 ignorantia
375 851 685 908 hominibus
703 853 977 908 dominata
998 864 1104 918 est,
1120 856 1463 924 praecessisse
1479 855 1616 926 (54),

62 961 106 1002 et
133 946 468 1016 proximante
488 943 714 1014 iustitia:
752 945 884 1002 solis
923 947 1188 1012 adventu,
1221 947 1620 1002 rarescentibus

63 1037 325 1101 tenebris,
372 1037 659 1091 imminere
704 1036 816 1108 jam
865 1037 1161 1106 agnitionis
1209 1037 1353 1090 diem
1397 1053 1410 1089 :
1456 1046 1618 1106 atque

63 1126 170 1179 ideo
195 1124 397 1179 clamat
430 1125 917 1196 expergiscendum
944 1140 1088 1189 esse,
1115 1139 1184 1180 ne
1209 1141 1306 1196 per
1335 1127 1618 1194 segnitiem

61 1216 170 1285 quis
204 1224 414 1269 noctem
452 1215 698 1284 patiatur
755 1216 808 1271 in
845 1215 1010 1276 luce;
1055 1226 1111 1270 et
1157 1217 1460 1285 abjicienda
1500 1231 1619 1270 esse

60 1322 208 1375 opera
257 1307 642 1373 tenebrarum,
708 1316 872 1377 atque
921 1321 1072 1360 arma
1127 1305 1269 1361 lucis
1321 1306 1616 1361 induenda.

62 1397 218 1461 Opera
248 1402 582 1453 tenebrarum
619 1406 751 1453 sunt
793 1409 949 1452 actus
986 1397 1064 1452 illi
1107 1397 1200 1465 qni
1235 1411 1266 1450 a
1309 1396 1419 1452 Deo
1454 1396 1616 1449 alieni

63 1487 160 1557 ('55)
185 1497 344 1554 sunt;
371 1507 522 1544 arma
545 1504 679 1545 vero
702 1489 859 1554 lucis,
892 1491 1195 1558 assumptio
1226 1489 1506 1543 virtutum.
1552 1486 1619 1540 Et

62 1581 188 1634 sicut
218 1579 452 1634 diximus
477 1561 866 1636 dedecorosum
895 1595 1016 1635 esse
1047 1581 1133 1634 die
1159 1581 1269 1647 jam
1299 1591 1619 1648 perurgente

64 1673 315 1737 dormire,
348 1672 516 1726 multo
548 1680 632 1726 est
662 1671 1048 1726 dedecorosius
1087 1669 1188 1726 sub
1219 1671 1331 1742 (56)
1373 1680 1618 1739 tempore

63 1766 152 1819 diei
185 1774 238 1818 et
271 1763 408 1820 lucis
430 1779 596 1833 opera
615 1777 804 1832 gerere
835 1748 1203 1819 tenebrarum.
1227 1761 1425 1817 Verum
1449 1763 1617 1818 scien-

66 1857 173 1911 dum
205 1867 325 1920 est,
357 1858 648 1910 adventum
677 1856 813 1911 lucis
840 1855 1001 1924 hujus
1016 1870 1071 1911 et
1096 1856 1204 1910 diei
1232 1855 1439 1925 duplici
1459 1857 1618 1910 modo

1728 669 1842 740 (40)
1873 670 2163 723 videantur
2185 667 2516 734 hominibus,
2547 685 2709 740 quam
2735 671 2864 725 leris
2889 681 2944 725 et
2965 671 3157 726 belluis
3176 689 3296 728 con-

1725 761 1935 816 venire.
1981 759 2106 814 Non
2134 761 2188 812 in
2226 763 2554 815 contentione
2587 771 2636 814 et
2659 761 3018 815 cemulatione.
3054 761 3146 815 Illa
3177 777 3298 832 quas

1725 868 1887 924 supra
1913 852 2049 907 dixit
2069 851 2180 921 (41)
2202 853 2384 908 carnis
2405 854 2674 907 suntvitia
2704 871 2717 907 :
2743 855 2856 908 haec
2877 852 2987 922 jam
3020 864 3075 908 et
3095 856 3293 909 animi:

1724 942 1973 1014 quamvis
2001 943 2182 996 omnia
2229 942 2390 997 simul
2426 941 2537 1011 (42)
2585 942 2770 996 carnis
2807 957 2973 1012 opera
3021 944 3306 1006 dicantur,

1725 1044 1783 1090 et
1801 1048 1964 1103 opera
1992 1031 2360 1096 tenebrarum,
2385 1035 2508 1102 quia
2535 1049 2723 1088 revera
2749 1034 3031 1088 contentio
3055 1046 3112 1090 et
3131 1049 3298 1089 temu-

1723 1121 1927 1176 latioin
1958 1121 2156 1177 animis
2170 1136 2358 1176 eorum
2385 1133 2467 1177 est
2488 1123 2579 1191 qui
2609 1123 2722 1193 (45)
2751 1127 3044 1179 secundum
3078 1141 3296 1180 carnem

1724 1215 1946 1278 vivunt,
1976 1222 2033 1268 et
2061 1213 2156 1282 qui
2192 1213 2248 1267 in
2291 1213 2528 1268 tenebris
2555 1215 2850 1269 ambulant.
2882 1214 2984 1282 Qui
3028 1226 3210 1269 autem
3242 1220 3296 1269 in

1725 1305 1846 1362 luce
1871 1317 1985 1371 est,
2012 1315 2069 1362 et
2097 1307 2242 1362 sicut
2266 1307 2318 1360 in
2343 1305 2430 1360 die
2465 1305 2691 1360 honeste
2732 1306 3006 1370 ambulat,
3037 1306 3171 1360 nihil
3204 1323 3298 1376 per

1725 1399 2149 1466 contentionem,
2177 1398 2313 1452 nihil
2338 1413 2434 1467 per
2463 1398 2675 1452 inanem
2703 1397 2932 1468 gloriam
2979 1399 3118 1467 gerit
3157 1398 3297 1470 (44).

1724 1489 1840 1546 lloc
1876 1506 2006 1561 ergo
2034 1491 2191 1545 modo
2223 1491 2409 1558 abjicit
2437 1492 2560 1560 quis
2597 1490 2761 1560 (quod
2802 1490 2879 1543 ait
2911 1492 3092 1560 supra)
3132 1505 3300 1560 Opera

1727 1582 1945 1637 tenebra
1955 1597 2092 1638 rum.
3127 1593 3135 1600 -

1793 1671 1960 1744 659
1987 1673 2077 1728 54.
2111 1671 2261 1739 Quod
2298 1687 2424 1726 vero
2445 1671 2582 1726 dixit
2602 1693 2615 1725 ;
2638 1671 2931 1726 lnduamus
2959 1689 3109 1725 arma
3140 1673 3298 1736 lucis,

1723 1767 2003 1836 quomodo
2043 1764 2236 1819 debeat
2269 1763 2384 1816 ﬁeri
2419 1778 2566 1816 nunc
2618 1765 2860 1830 exponit.
2897 1762 3000 1816 Sed
3051 1765 3254 1816 induite
3279 1805 3294 1828 ,

1726 1857 1928 1926 inquit,
1965 1855 2248 1910 Dominum
2273 1855 2456 1909 Jesum
2489 1853 2780 1920 Christum,
2817 1865 2864 1907 et
2902 1856 3076 1909 carnis
3116 1873 3296 1908 curam

66 1948 420 2018 accipiendum
463 1965 477 2002 :
512 1958 567 2002 et
595 1948 904 2018 generalem
931 1949 1204 2012 omnibus,
1244 1959 1300 2003 et
1330 1948 1623 2017 unicuique
1653 1944 1697 1999 Β
1725 1959 1787 1996 ne
1814 1943 2038 2013 feceritis
2063 1944 2117 1996 in
2152 1941 2588 2010 concupiscentiis
2635 1941 2762 2011 (45).
2796 1941 3131 2012 Frequenter
3158 1945 3298 1998 dixi-

65 2041 336 2109 specialem
378 2040 516 2109 ('57).
565 2039 850 2095 Generalis
888 2040 1142 2094 omnibus
1211 2039 1387 2094 aderit
1431 2039 1522 2093 lux
1567 2047 1622 2094 et

75 2131 172 2183 dies
194 2169 208 2193 ,
237 2145 359 2183 cum
393 2129 558 2183 futuri
591 2129 773 2183 saeculi
828 2140 1041 2199 tempus
1077 2130 1355 2184 advenerit
1384 2146 1397 2181 :
1429 2131 1494 2182 ad
1526 2145 1622 2184 cu-

65 2223 132 2289 jus
162 2222 621 2293 comparationem
651 2223 934 2291 praesentis
963 2222 1121 2290 hujus
1163 2223 1347 2276 mundi
1389 2222 1618 2290 spatium

69 2315 284 2368 tenebras
326 2314 692 2383 appellantur.
755 2314 910 2380 Quod
951 2322 1164 2383 tempus
1219 2312 1621 2367 labascentibus

68 2405 278 2474 quotidie
309 2405 498 2462 diebus
533 2407 836 2475 appropiat,
871 2414 926 2460 et
947 2405 1125 2474 spatia
1156 2419 1278 2473 qua:
1331 2405 1620 2474 praeteritis

71 2509 332 2565 augentur,
389 2498 586 2553 tuturis
641 2499 757 2552 sine
803 2499 966 2553 dubio
1013 2499 1376 2552 minuuntur:
1413 2509 1468 2552 et
1500 2499 1620 2553 ideo

67 2593 252 2657 propior
291 2599 369 2643 est
403 2589 541 2659 (38),
563 2589 755 2658 inquit,
776 2605 914 2643 nunc
938 2599 1117 2642 nostra
1137 2589 1306 2652 salus,
1326 2605 1480 2654 quam
1503 2607 1620 2643 cum

70 2683 397 2744 credidimus,
438 2690 494 2735 et
520 2681 761 2748 quotidie
785 2681 840 2734 ﬁt
875 2681 1096 2750 propior
1124 2696 1138 2732 :
1172 2681 1316 2735 sicut
1360 2691 1414 2735 et
1438 2680 1619 2735 Domi-

69 2785 153 2824 nus
184 2787 302 2825 cum
329 2771 811 2826 consummationis
846 2771 1027 2826 smculi
1063 2773 1212 2840 signa
1239 2771 1617 2840 distingueret.

73 2864 185 2916 dixit
207 2862 253 2894 “
283 2878 300 2917 :
333 2859 467 2916 Cum
494 2871 670 2915 autem
714 2861 949 2916 videritis
983 2863 1093 2915 hwc
1139 2863 1314 2914 omnia
1335 2903 1350 2926 ,
1401 2859 1620 2914 allevate

71 2957 220 3023 capita
255 2965 431 3009 vestra
454 2995 469 3021 ,
506 2956 756 3023 quoniam
795 2953 1067 3022 appropiat
1107 2953 1388 3020 redemptio
1423 2964 1616 3005 vestra.

69 3045 138 3099 Fit
164 3054 342 3100 autem
374 3053 429 3100 et
465 3060 561 3112 per
611 3044 857 3114 singulos
893 3043 999 3097 diei
1036 3040 1196 3110 hujus
1235 3045 1520 3098 adventus.
1554 3043 1619 3097 Et

70 3137 198 3193 nobis
223 3140 370 3194 enim
399 3138 443 3193 si
468 3137 720 3193 Christus
747 3137 801 3191 in
829 3138 992 3190 corde
1017 3137 1089 3190 sit
1117 3135 1254 3207 (59),
1283 3136 1425 3191 diem
1464 3137 1615 3192 nobis

70 3230 178 3285 facit
210 3248 222 3283 :
257 3232 303 3286 si
337 3231 676 3299 ignorantias
724 3237 941 3284 nostras
983 3229 1226 3284 scientiae
1259 3230 1398 3283 ratio
1447 3227 1614 3298 fuget,

69 3329 111 3374 et
134 3321 372 3390 indignos
399 3330 554 3375 actus
579 3320 918 3374 declinantes
946 3319 1030 3388 pia
1052 3334 1279 3388 quaeque
1304 3331 1359 3373 et
1388 3320 1612 3375 honesta

72 3421 345 3477 sectemur,
381 3413 432 3466 in
465 3413 583 3468 luce
609 3427 796 3468 sumus
821 3411 1020 3480 positi,
1054 3420 1110 3466 et
1132 3410 1288 3480 quasi
1314 3411 1367 3466 in
1400 3411 1486 3467 die
1515 3413 1615 3467 ho-

71 3512 198 3554 neste
220 3501 582 3582 ambulamus.

125 3591 204 3644 33.
242 3590 375 3658 Quae
403 3591 510 3645 sint
533 3601 714 3646 autem
745 3605 905 3658 opera
940 3589 1288 3646 tenebrarum
1326 3606 1448 3659 qua:
1474 3592 1613 3660 abji-

71 3684 230 3738 cienda
253 3694 402 3750 sunt,
445 3693 841 3752 consequenter
868 3690 1170 3747 enumerat,
1200 3693 1254 3735 et
1280 3682 1409 3735 dicit
1439 3699 1451 3734 :
1489 3681 1610 3736 Non

74 3775 115 3824 in
136 3775 592 3830 comessationibus
629 3783 681 3827 et
722 3773 1063 3828 ebrietatibus
1089 3789 1108 3837 ;
1137 3788 1240 3826 non
1270 3775 1322 3825 in
1357 3773 1614 3827 cubilibus

74 3875 109 3917 et
131 3868 502 3935 impudicitiis;
531 3883 634 3920 non
665 3867 721 3918 in
748 3865 1079 3918 contentione
1102 3873 1153 3917 et
1189 3863 1522 3917 aemulatione
1544 3865 1612 3918 ⁸⁵.

74 3956 154 4009 Ista
180 3968 296 4012 sunt
340 3972 506 4028 opera
547 3958 927 4021 tenebrarum,
971 3970 1092 4023 quae
1133 3965 1190 4009 et
1221 3956 1403 4023 carnis
1448 3972 1613 4025 opera

76 4049 399 4116 appellantur,
432 4049 484 4103 in
517 4049 602 4104 bis
627 4050 717 4118 qui
746 4059 965 4102 carnem
994 4060 1149 4100 suam
1176 4047 1401 4102 luxuriae
1427 4057 1480 4102 et
1511 4050 1614 4102 im-

76 4142 350 4207 pudicitiae,
383 4158 486 4196 non
507 4142 798 4196 .sanctitati
850 4157 1024 4211 neque
1060 4142 1286 4195 Domino
1328 4141 1612 4209 mancipa-

74 4241 191 4287 runt.
227 4233 666 4289 Comessationes
708 4235 883 4299 enim,
937 4234 1040 4289 hoc
1079 4243 1164 4288 est
1221 4233 1504 4287 inhonesta
1545 4245 1610 4286 ac

77 4321 318 4381 luxuriosa
363 4326 650 4393 convivia,
693 4326 889 4395 quibus
933 4325 1250 4380 necessario
1297 4338 1479 4379 comes
1528 4332 1611 4379 est

78 4421 356 4488 turpissima
385 4420 722 4485 temulentia,
757 4419 886 4488 quid
910 4419 1054 4473 aliud
1086 4419 1472 4489 subsequetur,
1503 4420 1607 4473 nisi

76 4511 238 4565 cubilia
263 4521 316 4566 et
347 4510 731 4582 impudicitiae?
765 4511 809 4563 A
841 4509 1003 4564 foedis
1049 4509 1474 4563 cubitationibus
1513 4523 1611 4563 cu-

125 4627 307 4686 “Luc.
342 4648 458 4698 XXI,
502 4630 593 4685 28.
667 4630 715 4662 ”
745 4627 903 4685 Rom.
930 4645 1054 4695 xm,
1090 4629 1172 4682 15.

1273 4629 1319 4660 ⁸⁸
1353 4627 1509 4686 Rom.
1554 4645 1665 4695 xiv,
1696 4631 1758 4697 1,
1797 4631 1853 4687 2.

1726 2049 1847 2088 mus
1870 2033 2146 2088 Christum
2177 2031 2497 2102 sapientiam
2526 2046 2671 2097 esse,
2698 2035 3061 2102 etlustitiam,
3093 2045 3147 2089 et
3167 2052 3295 2088 sau-

1722 2125 2137 2192 ctiﬁcationem,
2167 2134 2221 2179 et
2249 2124 2554 2189 veritatem,
2591 2133 2645 2178 et
2687 2139 2880 2180 omnes
2908 2126 3067 2180 simul
3120 2130 3292 2180 virtu-

1721 2224 1806 2271 tes
1845 2230 1861 2268 :
1897 2230 2034 2284 quas
2066 2217 2254 2286 utique
2277 2221 2367 2284 qui
2391 2217 2764 2284 assumpserit.
2794 2215 3068 2270 Christum
3100 2218 3298 2272 dicitur

1722 2307 1981 2362 induisse.
2015 2307 2074 2363 Si
2111 2309 2254 2362 enim
2277 2311 2389 2364 hzec
2416 2309 2599 2365 omnia
2627 2307 2878 2362 Christus
2907 2317 3008 2374 est,
3043 2323 3292 2362 necessa-

1722 2399 1805 2454 rio
1846 2399 1939 2468 qui
1970 2400 2085 2453 hac
2118 2399 2318 2466 habet,
2353 2399 2523 2454 habet
2564 2408 2617 2453 et
2663 2397 2964 2451 Christum.
2999 2396 3101 2464 Qui
3149 2401 3299 2452 enim

1720 2489 1836 2544 haec
1886 2490 2051 2543 habet
2082 2528 2098 2553 ,
2129 2489 2312 2544 carnis
2363 2504 2549 2544 curam
2581 2486 2694 2558 (16)
2745 2486 2798 2539 in
2835 2489 3296 2556 concupiscentiis

1721 2597 1828 2639 non
1860 2581 2010 2636 facit.
2050 2581 2261 2638 Modera
2275 2583 2417 2638 tione
2449 2584 2608 2638 solita
2639 2582 2931 2652 Apostolus
2959 2585 3294 2648 utitur,cum

1721 2692 1824 2729 non
1853 2691 1950 2745 per
1990 2675 2172 2729 omnia
2197 2676 2378 2729 carnis
2405 2691 2589 2738 curam
2619 2685 2783 2746 negat
2807 2675 3133 2730 habendam.
3165 2677 3296 2730 Cer-

1723 2776 1833 2819 tum
1862 2775 1946 2820 est
1971 2767 2115 2819 enim
2145 2767 2286 2836 quod
2319 2770 2372 2819 in
2401 2769 2722 2822 necessariis
2753 2768 2999 2821 habenda
3037 2778 3125 2822 est
3153 2785 3166 2831 ;
3231 2768 3286 2821 in

1720 2857 1927 2912 deliciis
1955 2873 2109 2923 vero,
2136 2869 2188 2914 et
2224 2861 2440 2913 luxuria
2469 2900 2484 2923 ,
2511 2869 2674 2928 atque
2713 2859 2860 2914 oumi
2897 2863 3293 2931 concupiscen-

1722 2947 1817 3013 tia,
1844 2950 2061 3017 penitus
2085 2948 2443 3003 excludenda.

1789 3039 1880 3094 55.
1915 3039 2198 3109 Inﬁrmum
2221 3052 2397 3095 autem
2431 3043 2483 3094 in
2517 3041 2622 3110 ﬁde
2661 3042 2932 3103 assumite,
2964 3057 3067 3095 non
3097 3041 3154 3095 in
3200 3041 3285 3093 di-

1717 3132 2125 3200 sceptationibus
2184 3133 2581 3202 cogitationum.
2643 3132 2795 3187 Alius
2847 3133 3056 3202 quidem
3121 3134 3289 3185 credit

1719 3222 2039 3275 manducare
2065 3238 2120 3275 se
2148 3223 2322 3276 omnia
2355 3235 2375 3276 :
2407 3223 2498 3292 qui
2532 3233 2708 3277 autem
2746 3222 2987 3293 inﬁrmus
3009 3232 3107 3288 est,
3143 3223 3290 3277 olera

1723 3318 1997 3371 manducet
2035 3317 2102 3373 ⁵⁸.
2143 3316 2211 3372 Et
2242 3318 2294 3372 in
2320 3319 2693 3388 superioribus
2724 3321 2792 3374 de
2820 3319 2942 3374 ﬁdei
2972 3319 3290 3374 inﬁrmitate

1723 3409 2050 3463 mentionem
2095 3408 2222 3465 fecit
2255 3409 2370 3480 (47)
2405 3411 2698 3480 Apostolus
2722 3452 2738 3477 ,
2780 3411 2869 3467 ubi
2903 3413 2982 3466 ait
3025 3411 3092 3468 de
3118 3412 3290 3466 Abra-

1721 3501 1847 3555 ham
1874 3522 1886 3555 :
1915 3500 2046 3556 Cum
2076 3501 2183 3571 fere
2207 3517 2410 3558 centum
2441 3520 2701 3558 annorum
2727 3517 2880 3569 esset,
2915 3522 3018 3559 non
3049 3506 3289 3575 inﬁrma-

1720 3606 1802 3647 tus
1835 3602 1910 3647 est
1946 3593 2051 3660 ﬁde
2069 3594 2134 3646 ⁸⁷.
2171 3591 2244 3647 De
2279 3609 2384 3664 qua
2422 3594 2739 3649 inﬁrmitate
2769 3595 2894 3649 ﬁdei
2930 3596 2983 3650 in
3017 3596 3122 3650 illis
3149 3598 3288 3652 locis

1717 3701 1837 3754 quae
1863 3700 2153 3740 occurrere
2182 3695 2468 3754 potuerunt
2492 3690 2861 3756 exposuimus.
2877 3689 2981 3743 Sed
2996 3699 3048 3742 et
3065 3704 3207 3743 nunc
3224 3691 3290 3746 de

1719 3779 1934 3833 inﬁrmo
1971 3779 2024 3834 in
2062 3780 2164 3834 ﬁde
2194 3788 2585 3833 commemorat
2615 3778 2751 3849 (48),
2781 3796 2942 3849 quem
2978 3781 3029 3834 in
3061 3795 3128 3836 eo
3158 3780 3292 3834 dicit

1722 3871 1997 3926 inﬁrmum
2022 3911 2038 3936 ,
2072 3872 2199 3942 quia
2236 3887 2343 3927 non
2374 3873 2549 3925 credit
2577 3874 2909 3927 manducare
2936 3873 3118 3927 omnia
3141 3911 3157 3936 ,
3187 3872 3284 3927 sed

1721 3973 1831 4016 tam
1863 3963 2057 4033 exigua
2088 3972 2184 4018 est
2215 3963 2348 4019 ﬁdes
2379 3965 2519 4031 ejus,
2557 3973 2614 4017 ut
2645 3964 2761 4020 sola
2796 3965 2944 4019 olera
2972 3973 3286 4033 competen-

1723 4066 1827 4110 tem
1871 4055 1974 4110 sibi
2009 4071 2135 4111 esse
2176 4057 2450 4112 existimet
2495 4055 2696 4110 cibum.
2746 4056 2897 4124 Quod
2947 4068 3123 4128 potest
3166 4060 3289 4128 qui-

1717 4147 1840 4200 dem
1868 4147 1979 4219 (49)
2008 4148 2180 4203 videri
2224 4150 2426 4204 dictum
2454 4150 2520 4206 ad
2549 4167 2642 4206 eos
2665 4151 2758 4220 qui
2779 4168 2844 4206 ex
2875 4152 3128 4222 gentibus
3157 4167 3281 4207 cre-

1717 4239 2010 4305 diderunt,
2055 4240 2378 4296 extollentes
2412 4257 2470 4296 se
2514 4243 2565 4296 in
2604 4243 2905 4299 libertatem
2939 4243 3102 4308 ﬁdei,
3153 4243 3280 4313 quia

1716 4330 1850 4384 nihil
1876 4346 2163 4387 commune
2212 4341 2303 4386 aut
2334 4335 2667 4390 immundum
2707 4350 2826 4390 esse
2859 4337 3146 4390 crederent
3169 4332 3282 4404 (50)

1715 4425 1998 4476 adversum
2049 4437 2144 4478 eos
2185 4426 2277 4494 qui
2323 4442 2391 4480 ex
2432 4428 2850 4482 circumcisione
2893 4428 3282 4492 crediderunt,

1713 4512 2072 4570 observantes
2118 4515 2293 4571 adhuc
2331 4517 2629 4572 secundum
2665 4519 3013 4574 traditionem
3047 4519 3181 4589 legis
3205 4519 3284 4572 ci-

1953 4635 1996 4666 ⁸⁷
2027 4635 2187 4689 Rom.
2218 4651 2290 4699 iv,
2324 4637 2410 4692 19.

76 4723 201 4777 etiam
218 4727 415 4804 dicitur
438 4768 455 4792 ,
480 4728 574 4783 sed
602 4744 705 4784 ms.
733 4727 933 4798 Regius
963 4743 1112 4780 num.
1149 4725 1285 4780 1659
1309 4765 1323 4790 ,
1361 4735 1416 4780 et
1441 4725 1613 4782 Raba-

1727 4727 2114 4804 qloriamgerit.
2147 4732 2244 4787 Ms.
2270 4733 2472 4802 Regius
2507 4750 2651 4787 nmn.
2689 4734 2852 4800 1659,
2881 4749 3044 4804 neque
3067 4749 3157 4802 per
3197 4734 3280 4786 in-

77 4806 168 4855 nus,
198 4797 417 4852 dicetur.

128 4864 223 4937 (54)
252 4867 413 4934 Editi,
443 4870 777 4937 processisse.
801 4868 960 4924 male.

129 4935 225 5007 (55)
267 4937 396 5007 Mss.
427 4935 671 5007 quidam,
699 4939 936 4993 alienati.

128 5003 226 5070 (56)
266 5003 550 5062 Deestsub
582 5011 636 5063 in
667 5010 820 5062 libris
847 5019 1005 5061 antea
1037 5009 1221 5062 editis.

130 5075 224 5144 (57)
247 5075 340 5132 Ms.
365 5077 566 5146 Regius
601 5096 748 5133 num.
785 5078 943 5144 1659,
976 5077 1071 5131 Est
1098 5089 1145 5132 et
1171 5077 1414 5148 generale
1433 5079 1604 5132 omni-

77 5142 165 5216 bus,
190 5142 228 5197 et
255 5142 530 5216 unicuique
560 5151 802 5215 speciale.
928 5142 936 5144 ν
1134 5163 1136 5166 ’

129 5215 220 5288 (38)
253 5218 324 5270 Ita
357 5215 454 5270 Ms.
497 5219 693 5288 Regius
729 5235 877 5271 num.
906 5218 1062 5273 1659.
1093 5219 1283 5273 εἱειετί
1313 5230 1608 5282 veromss.,

76 5277 312 5358 Rabanus,
353 5302 407 5340 et
453 5277 604 5344 editi:
647 5299 693 5342 et
730 5289 846 5342 ideo
885 5291 1102 5355 propior
1144 5299 1219 5342 est
1261 5289 1412 5358 (editi
1449 5277 1604 5342 omit;

78 5357 269 5426 luqtcst)
293 5372 470 5409 nostra
489 5360 657 5423 salus,
692 5370 828 5424 etc.,
857 5360 1061 5413 omisso
1090 5357 1278 5426 inquit.

129 5423 222 5491 (59)
251 5423 387 5481 Editi
415 5466 430 5488 ,
473 5430 529 5495 ﬁt
579 5442 752 5482 autent
786 5423 833 5480 et
878 5445 969 5493 per
995 5423 1225 5496 singulos
1265 5430 1376 5482 dies
1415 5427 1600 5497 hujus-

77 5497 184 5543 tnodi
213 5500 460 5550 adventus
492 5499 636 5552 nobis
666 5513 683 5551 :
716 5501 810 5552 etsi
836 5497 1075 5552 Christus
1098 5501 1152 5550 in
1182 5501 1336 5552 corde
1368 5501 1458 5560 sit,
1487 5509 1591 5552 etc.

130 5563 221 5638 (40)
257 5568 352 5620 Ms.
386 5569 582 5635 Regius
611 5585 760 5622 num.
795 5568 955 5630 1659,
993 5569 1037 5619 Α
1077 5569 1228 5638 {aedis
1264 5569 1601 5637 cogitationi-

79 5630 164 5682 bus.
204 5630 396 5691 Deinde
427 5630 581 5702 editi,
614 5656 733 5692 cum
768 5654 871 5692 non
895 5647 1002 5691 tam
1031 5630 1456 5702 rationabilibus,
1493 5648 1602 5693 etc.

139 5703 233 5775 (11)
268 5708 430 5770 Editi,
452 5725 610 5775 supra
637 5710 769 5762 dixi.

132 5773 225 5840 ΗΞ)
255 5777 409 5830 Deest
430 5773 590 5830 simul
625 5779 674 5831 in
707 5777 863 5832 libris
895 5787 1050 5833 antea
1086 5778 1264 5833 editis.

134 5844 226 5917 (i3)
255 5847 421 5913 Alias,
459 5847 510 5898 in
538 5849 692 5900 malis
722 5864 903 5902 eorum
927 5859 1000 5901 est
1025 5849 1110 5917 qui
1129 5888 1144 5910 ,
1177 5857 1282 5902 etc.

139 5916 230 5983 (14)
280 5917 370 5970 Sic
421 5932 552 5971 mss.
595 5919 862 5987 plerique.
908 5916 1047 5973 Editi
1095 5933 1254 5988 vero,
1303 5929 1348 5975 et
1392 5919 1601 5973 inanem

1703 5509 1788 5552 etc

1716 4801 2120 4873 uriem__gloriam
2147 4805 2299 4871 gerit,
2338 4801 2407 4855 al.
2446 4809 2651 4873 quaerit.
2837 4864 2846 4870 _

1713 4937 1748 4988 ά
1785 4867 2093 4949 Editi,
2126 4867 2431 4940 exponitur.
2457 4867 2571 4928 'Sed
2611 4867 2985 4928 induimini....
3024 4875 3080 4926 in
3132 4876 3276 4930 desi-

1751 4953 1893 4990 erus.

1931 5010 2093 5074 Editi,
2129 5014 2173 5065 si
2204 5014 2341 5065 enim
2381 5013 2490 5066 Ιιαιε
2523 5014 2703 5066 omnia
2744 5014 3004 5077 Christus,
3043 5031 3280 5069 necessa-

1712 5078 1792 5130 rio
1813 5082 1903 5147 qui
1935 5085 2047 5133 lucc
2077 5083 2246 5142 habet,
2274 5084 2426 5135 habet
2448 5081 2736 5135 Christum.
2760 5084 2862 5146 Qui
2893 5085 3068 5147 habet,
3103 5088 3278 5138 carnis

1711 5163 1914 5220 curam,
1947 5160 2055 5204 etc.
2084 5150 2282 5205 Deinde
2317 5165 2449 5205 mss.
2478 5152 2740 5220 plerique,
2775 5154 3031 5208 Rabanus
3051 5164 3106 5207 et
3121 5156 3274 5220 editi,

1712 5215 2081 5272 Moderatione
2105 5220 2334 5272 sollicita
2365 5215 2649 5288 Apostolus
2687 5225 2872 5283 utitur,
2911 5239 3012 5274 non
3043 5240 3134 5282 per
3164 5215 3280 5278 om;

1710 5289 1822 5350 uia,
1867 5300 1972 5343 etc.
2015 5291 2118 5344 Sed
2154 5292 2354 5344 reetius
2392 5307 2494 5344 nis.
2540 5292 2738 5361 Regius
2775 5309 2926 5346 unm.
2965 5292 3102 5346 1659
3133 5305 3188 5347 ιιι
3222 5299 3275 5349 in

1708 5368 1900 5412 nostro
1930 5368 2099 5414 textu.
3198 5389 3200 5391 ’

1776 5426 1910 5498 (47)
1956 5429 2096 5484 Editi
2125 5471 2141 5496 ,
2179 5430 2242 5483 de
2283 5429 2407 5492 ﬁdei
2449 5428 2700 5496 ﬁrmitate
2749 5434 3057 5487 mentionem
3103 5433 3225 5501 fecit
3258 5473 3273 5497 ,

1791 5535 1899 5638 (48)
1949 5569 2131 5634 Editi,
2177 5570 2241 5622 de
2285 5570 2594 5638 inﬁrmitate
2637 5573 2691 5624 in
2733 5570 2838 5639 ﬁde
2881 5581 3274 5628 commemorat.

1706 5637 1862 5692 Male.

1776 5708 1886 5780 (49)
1913 5708 2004 5763 Sic
2028 5719 2174 5782 recte
2207 5723 2308 5782 ms.
2345 5711 2544 5782 Regius
2577 5725 2722 5764 num.
2745 5712 2905 5771 1659.
2928 5712 3116 5768 Οωιθτὶ
3138 5725 3270 5766 tero

1705 5778 2099 5854 inssr.wet_et_liti,
2133 5778 2273 5843 Quia
2293 5778 2458 5854 potest
2493 5784 2718 5854 quidem,
2753 5795 2860 5838 etc.

1773 5849 1884 5921 (50)
1912 5851 2077 5918 Editi,
2104 5865 2213 5905 esse
2235 5853 2472 5905 credunt.
