  <div class='ocr_page' id='page_1' title='image "/cluster/home/n/w/nwhite01/storage/ocr_20150623/14/hvd.32044024333478/625.png"; bbox 0 0 3796 6540; ppageno 0'>
   <div class='ocr_carea' id='block_1_1' title="bbox 458 493 595 551">
    <p class='ocr_par' dir='ltr' id='par_1_1' title="bbox 458 493 595 551">
     <span class='ocr_line' id='line_1_1' title="bbox 458 493 595 551; baseline -0.036 0"><span class='ocrx_word' id='word_1_1' title='bbox 458 493 595 551; x_wconf 69' lang='grc'>1255</span> 
     </span>
    </p>
   </div>
   <div class='ocr_carea' id='block_1_2' title="bbox 457 577 2100 672">
    <p class='ocr_par' dir='ltr' id='par_1_2' title="bbox 457 577 2100 672">
     <span class='ocr_line' id='line_1_2' title="bbox 457 577 2100 672; baseline -0.03 -2"><span class='ocrx_word' id='word_1_2' title='bbox 457 617 652 672; x_wconf 91' lang='lat' dir='ltr'><strong>borum</strong></span> <span class='ocrx_word' id='word_1_3' title='bbox 691 602 1062 663; x_wconf 73' lang='lat' dir='ltr'><strong>differentiam</strong></span> <span class='ocrx_word' id='word_1_4' title='bbox 1102 615 1116 652; x_wconf 90' lang='lat'><strong>:</strong></span> <span class='ocrx_word' id='word_1_5' title='bbox 1157 603 1216 651; x_wconf 94' lang='lat' dir='ltr'><strong>ut</strong></span> <span class='ocrx_word' id='word_1_6' title='bbox 1242 607 1337 649; x_wconf 90' lang='lat' dir='ltr'><strong>eos</strong></span> <span class='ocrx_word' id='word_1_7' title='bbox 1368 587 1667 659; x_wconf 82' lang='lat' dir='ltr'><strong>reprimere</strong></span> <span class='ocrx_word' id='word_1_8' title='bbox 1694 577 1938 634; x_wconf 88' lang='lat' dir='ltr'><strong>videatur</strong></span> <span class='ocrx_word' id='word_1_9' title='bbox 1967 581 2023 672; x_wconf 77' lang='lat' dir='ltr'><strong>et</strong></span> <span class='ocrx_word' id='word_1_10' title='bbox 2052 579 2100 634; x_wconf 77' lang='grc' dir='ltr'><strong>Α</strong></span> 
     </span>
    </p>
   </div>
   <div class='ocr_carea' id='block_1_3' title="bbox 459 661 2024 759">
    <p class='ocr_par' dir='ltr' id='par_1_3' title="bbox 459 661 2024 759">
     <span class='ocr_line' id='line_1_3' title="bbox 459 661 2024 759; baseline -0.029 1"><span class='ocrx_word' id='word_1_11' title='bbox 459 718 682 759; x_wconf 89' lang='lat' dir='ltr'><strong>monere</strong></span> <span class='ocrx_word' id='word_1_12' title='bbox 711 715 778 754; x_wconf 90' lang='lat' dir='ltr'><strong>ne</strong></span> <span class='ocrx_word' id='word_1_13' title='bbox 827 694 1090 750; x_wconf 75' lang='lat' dir='ltr'><strong>insultent</strong></span> <span class='ocrx_word' id='word_1_14' title='bbox 1131 688 1212 744; x_wconf 90' lang='lat' dir='ltr'><strong>eis</strong></span> <span class='ocrx_word' id='word_1_15' title='bbox 1241 684 1437 756; x_wconf 84' lang='lat' dir='ltr'><strong>quibus</strong></span> <span class='ocrx_word' id='word_1_16' title='bbox 1480 679 1640 746; x_wconf 81' lang='lat' dir='ltr'><strong>longa</strong></span> <span class='ocrx_word' id='word_1_17' title='bbox 1684 661 2024 727; x_wconf 91' lang='lat' dir='ltr'><strong>consuetudo</strong></span> 
     </span>
    </p>
   </div>
   <div class='ocr_carea' id='block_1_4' title="bbox 461 758 2027 851">
    <p class='ocr_par' dir='ltr' id='par_1_4' title="bbox 461 758 2027 851">
     <span class='ocr_line' id='line_1_4' title="bbox 461 758 2027 851; baseline -0.028 0"><span class='ocrx_word' id='word_1_18' title='bbox 461 758 917 851; x_wconf 76' lang='lat' dir='ltr'><strong>inobservandis</strong></span> <span class='ocrx_word' id='word_1_19' title='bbox 962 783 1100 842; x_wconf 87' lang='lat' dir='ltr'><strong>cibis</strong></span> <span class='ocrx_word' id='word_1_20' title='bbox 1145 775 1530 835; x_wconf 83' lang='lat' dir='ltr'><strong>discretionem</strong></span> <span class='ocrx_word' id='word_1_21' title='bbox 1578 765 1755 821; x_wconf 89' lang='lat' dir='ltr'><strong>adhuc</strong></span> <span class='ocrx_word' id='word_1_22' title='bbox 1790 758 2027 851; x_wconf 84' lang='lat' dir='ltr'><strong>aliquam</strong></span> 
     </span>
    </p>
   </div>
   <div class='ocr_carea' id='block_1_5' title="bbox 460 847 2027 944">
    <p class='ocr_par' dir='ltr' id='par_1_5' title="bbox 460 847 2027 944">
     <span class='ocr_line' id='line_1_5' title="bbox 460 847 2027 944; baseline -0.03 1"><span class='ocrx_word' id='word_1_23' title='bbox 460 900 517 944; x_wconf 88' lang='lat' dir='ltr'><strong>et</strong></span> <span class='ocrx_word' id='word_1_24' title='bbox 543 885 945 944; x_wconf 86' lang='lat' dir='ltr'><strong>cunctationem</strong></span> <span class='ocrx_word' id='word_1_25' title='bbox 977 876 1248 934; x_wconf 82' lang='lat' dir='ltr'><strong>movebat.</strong></span> <span class='ocrx_word' id='word_1_26' title='bbox 1279 870 1441 925; x_wconf 73' lang='lat' dir='ltr'><strong>lubet</strong></span> <span class='ocrx_word' id='word_1_27' title='bbox 1485 877 1615 934; x_wconf 82' lang='lat' dir='ltr'><strong>ergo</strong></span> <span class='ocrx_word' id='word_1_28' title='bbox 1663 873 1788 916; x_wconf 89' lang='lat' dir='ltr'><strong>eum</strong></span> <span class='ocrx_word' id='word_1_29' title='bbox 1825 849 1916 921; x_wconf 91' lang='lat' dir='ltr'><strong>qui</strong></span> <span class='ocrx_word' id='word_1_30' title='bbox 1950 847 2027 902; x_wconf 88' lang='lat' dir='ltr'><strong>ita</strong></span> 
     </span>
    </p>
   </div>
   <div class='ocr_carea' id='block_1_6' title="bbox 462 947 2030 1036">
    <p class='ocr_par' dir='ltr' id='par_1_6' title="bbox 462 947 2030 1036">
     <span class='ocr_line' id='line_1_6' title="bbox 462 947 2030 1036; baseline -0.025 2"><span class='ocrx_word' id='word_1_31' title='bbox 462 983 518 1036; x_wconf 92' lang='lat' dir='ltr'><strong>in</strong></span> <span class='ocrx_word' id='word_1_32' title='bbox 549 981 653 1035; x_wconf 87' lang='lat' dir='ltr'><strong>hac</strong></span> <span class='ocrx_word' id='word_1_33' title='bbox 687 977 788 1032; x_wconf 90' lang='lat' dir='ltr'><strong>ﬁde</strong></span> <span class='ocrx_word' id='word_1_34' title='bbox 812 973 1060 1030; x_wconf 89' lang='lat' dir='ltr'><strong>inﬁrmus</strong></span> <span class='ocrx_word' id='word_1_35' title='bbox 1085 976 1190 1030; x_wconf 92' lang='lat' dir='ltr'><strong>est,</strong></span> <span class='ocrx_word' id='word_1_36' title='bbox 1229 960 1428 1018; x_wconf 82' lang='lat' dir='ltr'><strong>assumi</strong></span> <span class='ocrx_word' id='word_1_37' title='bbox 1460 955 1651 1026; x_wconf 85' lang='lat' dir='ltr'><strong>magis,</strong></span> <span class='ocrx_word' id='word_1_38' title='bbox 1673 961 1728 1007; x_wconf 91' lang='lat' dir='ltr'><strong>et</strong></span> <span class='ocrx_word' id='word_1_39' title='bbox 1759 965 1866 1006; x_wconf 91' lang='lat' dir='ltr'><strong>non</strong></span> <span class='ocrx_word' id='word_1_40' title='bbox 1894 947 2030 1015; x_wconf 88' lang='lat' dir='ltr'><strong>abji-</strong></span> 
     </span>
    </p>
   </div>
   <div class='ocr_carea' id='block_1_7' title="bbox 460 1041 2029 1136">
    <p class='ocr_par' dir='ltr' id='par_1_7' title="bbox 460 1041 2029 1136">
     <span class='ocr_line' id='line_1_7' title="bbox 460 1041 2029 1136; baseline -0.024 -8"><span class='ocrx_word' id='word_1_41' title='bbox 460 1073 554 1136; x_wconf 90' lang='lat' dir='ltr'><strong>ci,</strong></span> <span class='ocrx_word' id='word_1_42' title='bbox 609 1083 711 1124; x_wconf 90' lang='lat' dir='ltr'><strong>nec</strong></span> <span class='ocrx_word' id='word_1_43' title='bbox 754 1064 908 1136; x_wconf 88' lang='lat' dir='ltr'><strong>quasi</strong></span> <span class='ocrx_word' id='word_1_44' title='bbox 944 1057 1216 1116; x_wconf 89' lang='lat' dir='ltr'><strong>inﬁdelem</strong></span> <span class='ocrx_word' id='word_1_45' title='bbox 1252 1050 1512 1122; x_wconf 76' lang='lat' dir='ltr'><strong>iudicari.</strong></span> <span class='ocrx_word' id='word_1_46' title='bbox 1555 1045 1713 1100; x_wconf 84' lang='lat' dir='ltr'><strong>Aliud</strong></span> <span class='ocrx_word' id='word_1_47' title='bbox 1747 1050 1833 1098; x_wconf 90' lang='lat' dir='ltr'><strong>est</strong></span> <span class='ocrx_word' id='word_1_48' title='bbox 1883 1041 2029 1094; x_wconf 91' lang='lat' dir='ltr'><strong>enim</strong></span> 
     </span>
    </p>
   </div>
   <div class='ocr_carea' id='block_1_8' title="bbox 461 1128 2032 1218">
    <p class='ocr_par' dir='ltr' id='par_1_8' title="bbox 461 1128 2032 1218">
     <span class='ocr_line' id='line_1_8' title="bbox 461 1128 2032 1218; baseline -0.023 1"><span class='ocrx_word' id='word_1_49' title='bbox 461 1128 736 1218; x_wconf 73' lang='lat' dir='ltr'><strong>infidelem</strong></span> <span class='ocrx_word' id='word_1_50' title='bbox 757 1128 900 1218; x_wconf 73' lang='lat' dir='ltr'><strong>esse,</strong></span> <span class='ocrx_word' id='word_1_51' title='bbox 931 1150 1073 1206; x_wconf 91' lang='lat' dir='ltr'><strong>aliud</strong></span> <span class='ocrx_word' id='word_1_52' title='bbox 1098 1143 1360 1202; x_wconf 89' lang='lat' dir='ltr'><strong>inﬁrmari</strong></span> <span class='ocrx_word' id='word_1_53' title='bbox 1387 1143 1440 1196; x_wconf 90' lang='lat' dir='ltr'><strong>in</strong></span> <span class='ocrx_word' id='word_1_54' title='bbox 1474 1138 1598 1193; x_wconf 89' lang='lat' dir='ltr'><strong>ﬁde.</strong></span> <span class='ocrx_word' id='word_1_55' title='bbox 1623 1133 1762 1190; x_wconf 83' lang='lat' dir='ltr'><strong>Nam</strong></span> <span class='ocrx_word' id='word_1_56' title='bbox 1796 1128 2032 1186; x_wconf 86' lang='lat' dir='ltr'><strong>inﬁdelis</strong></span> 
     </span>
    </p>
   </div>
   <div class='ocr_carea' id='block_1_9' title="bbox 465 1222 2031 1320">
    <p class='ocr_par' dir='ltr' id='par_1_9' title="bbox 465 1222 2031 1320">
     <span class='ocr_line' id='line_1_9' title="bbox 465 1222 2031 1320; baseline -0.022 -9"><span class='ocrx_word' id='word_1_57' title='bbox 465 1257 664 1310; x_wconf 89' lang='lat' dir='ltr'><strong>dicitur</strong></span> <span class='ocrx_word' id='word_1_58' title='bbox 684 1250 776 1320; x_wconf 91' lang='lat' dir='ltr'><strong>qui</strong></span> <span class='ocrx_word' id='word_1_59' title='bbox 811 1262 913 1302; x_wconf 82' lang='lat' dir='ltr'><strong>non</strong></span> <span class='ocrx_word' id='word_1_60' title='bbox 946 1239 1319 1298; x_wconf 86' lang='lat' dir='ltr'><strong>habetﬁdem;</strong></span> <span class='ocrx_word' id='word_1_61' title='bbox 1353 1234 1601 1288; x_wconf 87' lang='lat' dir='ltr'><strong>inﬁrmus</strong></span> <span class='ocrx_word' id='word_1_62' title='bbox 1627 1239 1804 1282; x_wconf 91' lang='lat' dir='ltr'><strong>autem</strong></span> <span class='ocrx_word' id='word_1_63' title='bbox 1823 1225 1876 1279; x_wconf 91' lang='lat' dir='ltr'><strong>in</strong></span> <span class='ocrx_word' id='word_1_64' title='bbox 1903 1222 2031 1287; x_wconf 89' lang='lat' dir='ltr'><strong>ﬁde,</strong></span> 
     </span>
    </p>
   </div>
   <div class='ocr_carea' id='block_1_10' title="bbox 463 1324 1436 1418">
    <p class='ocr_par' dir='ltr' id='par_1_10' title="bbox 463 1324 1436 1418">
     <span class='ocr_line' id='line_1_10' title="bbox 463 1324 1436 1418; baseline -0.022 -17"><span class='ocrx_word' id='word_1_65' title='bbox 463 1347 558 1418; x_wconf 89' lang='lat' dir='ltr'><strong>qui</strong></span> <span class='ocrx_word' id='word_1_66' title='bbox 578 1344 789 1400; x_wconf 84' lang='lat' dir='ltr'><strong>dubitat</strong></span> <span class='ocrx_word' id='word_1_67' title='bbox 816 1342 869 1396; x_wconf 89' lang='lat' dir='ltr'><strong>in</strong></span> <span class='ocrx_word' id='word_1_68' title='bbox 900 1345 1050 1406; x_wconf 89' lang='lat' dir='ltr'><strong>parte</strong></span> <span class='ocrx_word' id='word_1_69' title='bbox 1079 1324 1258 1400; x_wconf 85' lang='lat' dir='ltr'><strong>aliqua</strong></span> <span class='ocrx_word' id='word_1_70' title='bbox 1295 1328 1436 1382; x_wconf 90' lang='lat' dir='ltr'><strong>ﬁdei.</strong></span> 
     </span>
    </p>
   </div>
   <div class='ocr_carea' id='block_1_11' title="bbox 532 1435 2036 1523">
    <p class='ocr_par' dir='ltr' id='par_1_11' title="bbox 532 1435 2036 1523">
     <span class='ocr_line' id='line_1_11' title="bbox 532 1435 2036 1523; baseline -0.025 -8"><span class='ocrx_word' id='word_1_71' title='bbox 532 1458 626 1514; x_wconf 76' lang='lat'><strong>36.</strong></span> <span class='ocrx_word' id='word_1_72' title='bbox 669 1455 1014 1523; x_wconf 87' lang='lat' dir='ltr'><strong>Componens</strong></span> <span class='ocrx_word' id='word_1_73' title='bbox 1051 1446 1218 1516; x_wconf 79' lang='lat' dir='ltr'><strong>igitur</strong></span> <span class='ocrx_word' id='word_1_74' title='bbox 1255 1436 1544 1509; x_wconf 79' lang='lat' dir='ltr'><strong>Apostolus</strong></span> <span class='ocrx_word' id='word_1_75' title='bbox 1574 1435 1626 1488; x_wconf 91' lang='lat' dir='ltr'><strong>in</strong></span> <span class='ocrx_word' id='word_1_76' title='bbox 1659 1445 1793 1500; x_wconf 89' lang='lat' dir='ltr'><strong>pace</strong></span> <span class='ocrx_word' id='word_1_77' title='bbox 1834 1439 2036 1495; x_wconf 90' lang='lat' dir='ltr'><strong>corpus</strong></span> 
     </span>
    </p>
   </div>
   <div class='ocr_carea' id='block_1_12' title="bbox 464 1519 2035 1610">
    <p class='ocr_par' dir='ltr' id='par_1_12' title="bbox 464 1519 2035 1610">
     <span class='ocr_line' id='line_1_12' title="bbox 464 1519 2035 1610; baseline -0.025 -3"><span class='ocrx_word' id='word_1_78' title='bbox 464 1549 722 1607; x_wconf 66' lang='lat' dir='ltr'><strong>Ecclesiae</strong></span> <span class='ocrx_word' id='word_1_79' title='bbox 745 1585 763 1610; x_wconf 97' lang='lat'><strong>,</strong></span> <span class='ocrx_word' id='word_1_80' title='bbox 800 1519 930 1599; x_wconf 79' lang='lat' dir='ltr'><strong>dicit</strong></span> <span class='ocrx_word' id='word_1_81' title='bbox 960 1539 1072 1610; x_wconf 90' lang='grc'>(51)</span> <span class='ocrx_word' id='word_1_82' title='bbox 1109 1555 1123 1591; x_wconf 92' lang='lat'><strong>:</strong></span> <span class='ocrx_word' id='word_1_83' title='bbox 1162 1535 1265 1600; x_wconf 86' lang='lat' dir='ltr'><strong>Qui</strong></span> <span class='ocrx_word' id='word_1_84' title='bbox 1301 1530 1620 1590; x_wconf 87' lang='lat' dir='ltr'><strong>manducat,</strong></span> <span class='ocrx_word' id='word_1_85' title='bbox 1658 1539 1761 1578; x_wconf 86' lang='lat' dir='ltr'><strong>non</strong></span> <span class='ocrx_word' id='word_1_86' title='bbox 1806 1519 2035 1573; x_wconf 86' lang='lat' dir='ltr'><strong>mandu-</strong></span> 
     </span>
    </p>
   </div>
   <div class='ocr_carea' id='block_1_13' title="bbox 463 1610 2038 1700">
    <p class='ocr_par' dir='ltr' id='par_1_13' title="bbox 463 1610 2038 1700">
     <span class='ocr_line' id='line_1_13' title="bbox 463 1610 2038 1700; baseline -0.023 -4"><span class='ocrx_word' id='word_1_87' title='bbox 463 1649 670 1696; x_wconf 82' lang='lat' dir='ltr'><strong>cantem</strong></span> <span class='ocrx_word' id='word_1_88' title='bbox 708 1651 810 1688; x_wconf 90' lang='lat' dir='ltr'><strong>non</strong></span> <span class='ocrx_word' id='word_1_89' title='bbox 837 1641 1048 1700; x_wconf 87' lang='lat' dir='ltr'><strong>spernat</strong></span> <span class='ocrx_word' id='word_1_90' title='bbox 1076 1644 1094 1682; x_wconf 89' lang='lat'><strong><em>:</em></strong></span> <span class='ocrx_word' id='word_1_91' title='bbox 1122 1636 1170 1681; x_wconf 87' lang='lat' dir='ltr'><strong>et</strong></span> <span class='ocrx_word' id='word_1_92' title='bbox 1199 1626 1291 1694; x_wconf 93' lang='lat' dir='ltr'><strong>qui</strong></span> <span class='ocrx_word' id='word_1_93' title='bbox 1323 1639 1423 1676; x_wconf 89' lang='lat' dir='ltr'><strong>non</strong></span> <span class='ocrx_word' id='word_1_94' title='bbox 1454 1620 1775 1678; x_wconf 81' lang='lat' dir='ltr'><strong>mandarat,</strong></span> <span class='ocrx_word' id='word_1_95' title='bbox 1810 1610 2038 1665; x_wconf 83' lang='lat' dir='ltr'><strong>mandu-</strong></span> 
     </span>
    </p>
   </div>
   <div class='ocr_carea' id='block_1_14' title="bbox 464 1699 2037 1795">
    <p class='ocr_par' dir='ltr' id='par_1_14' title="bbox 464 1699 2037 1795">
     <span class='ocr_line' id='line_1_14' title="bbox 464 1699 2037 1795; baseline -0.022 -7"><span class='ocrx_word' id='word_1_96' title='bbox 464 1742 668 1788; x_wconf 81' lang='lat' dir='ltr'><strong>cantem</strong></span> <span class='ocrx_word' id='word_1_97' title='bbox 699 1744 802 1782; x_wconf 91' lang='lat' dir='ltr'><strong>non</strong></span> <span class='ocrx_word' id='word_1_98' title='bbox 833 1724 1073 1795; x_wconf 85' lang='lat' dir='ltr'><strong>judicet;</strong></span> <span class='ocrx_word' id='word_1_99' title='bbox 1096 1719 1237 1774; x_wconf 87' lang='lat' dir='ltr'><strong>Deus</strong></span> <span class='ocrx_word' id='word_1_100' title='bbox 1266 1718 1406 1770; x_wconf 86' lang='lat' dir='ltr'><strong>enim</strong></span> <span class='ocrx_word' id='word_1_101' title='bbox 1435 1708 1586 1766; x_wconf 84' lang='lat' dir='ltr'><strong>illuni</strong></span> <span class='ocrx_word' id='word_1_102' title='bbox 1617 1705 1924 1773; x_wconf 89' lang='lat' dir='ltr'><strong>assumpsit.</strong></span> <span class='ocrx_word' id='word_1_103' title='bbox 1959 1699 2037 1754; x_wconf 84' lang='lat' dir='ltr'><strong>Tu</strong></span> 
     </span>
    </p>
   </div>
   <div class='ocr_carea' id='block_1_15' title="bbox 464 1793 2038 1894">
    <p class='ocr_par' dir='ltr' id='par_1_15' title="bbox 464 1793 2038 1894">
     <span class='ocr_line' id='line_1_15' title="bbox 464 1793 2038 1894; baseline -0.022 -15"><span class='ocrx_word' id='word_1_104' title='bbox 464 1827 584 1894; x_wconf 88' lang='lat' dir='ltr'><strong>quis</strong></span> <span class='ocrx_word' id='word_1_105' title='bbox 613 1839 665 1876; x_wconf 89' lang='lat' dir='ltr'><strong>es</strong></span> <span class='ocrx_word' id='word_1_106' title='bbox 697 1818 808 1894; x_wconf 71' lang='lat'><strong>(52)</strong></span> <span class='ocrx_word' id='word_1_107' title='bbox 870 1817 961 1886; x_wconf 86' lang='lat' dir='ltr'><strong>qui</strong></span> <span class='ocrx_word' id='word_1_108' title='bbox 985 1814 1199 1884; x_wconf 82' lang='lat' dir='ltr'><strong>judicas</strong></span> <span class='ocrx_word' id='word_1_109' title='bbox 1239 1809 1470 1862; x_wconf 87' lang='lat' dir='ltr'><strong>alienum</strong></span> <span class='ocrx_word' id='word_1_110' title='bbox 1493 1816 1697 1857; x_wconf 76' lang='lat' dir='ltr'><strong>servum</strong></span> <span class='ocrx_word' id='word_1_111' title='bbox 1738 1799 1761 1851; x_wconf 84' lang='lat'><strong><em>?</em></strong></span> <span class='ocrx_word' id='word_1_112' title='bbox 1795 1793 1906 1850; x_wconf 89' lang='lat' dir='ltr'><strong>Suo</strong></span> <span class='ocrx_word' id='word_1_113' title='bbox 1941 1793 2038 1846; x_wconf 90' lang='lat' dir='ltr'><strong>do-</strong></span> 
     </span>
    </p>
   </div>
   <div class='ocr_carea' id='block_1_16' title="bbox 466 1884 2034 1971">
    <p class='ocr_par' dir='ltr' id='par_1_16' title="bbox 466 1884 2034 1971">
     <span class='ocr_line' id='line_1_16' title="bbox 466 1884 2034 1971; baseline -0.022 -3"><span class='ocrx_word' id='word_1_114' title='bbox 466 1884 610 1968; x_wconf 73' lang='lat' dir='ltr'><strong>mino</strong></span> <span class='ocrx_word' id='word_1_115' title='bbox 660 1884 810 1971; x_wconf 38' lang='lat' dir='ltr'><strong>st‘at&#39;,</strong></span> <span class='ocrx_word' id='word_1_116' title='bbox 847 1884 940 1960; x_wconf 80' lang='lat' dir='ltr'><strong>aut</strong></span> <span class='ocrx_word' id='word_1_117' title='bbox 991 1903 1134 1957; x_wconf 83' lang='lat' dir='ltr'><strong>cadit</strong></span> <span class='ocrx_word' id='word_1_118' title='bbox 1169 1915 1187 1951; x_wconf 92' lang='lat'><em>:</em></span> <span class='ocrx_word' id='word_1_119' title='bbox 1218 1899 1376 1952; x_wconf 87' lang='lat' dir='ltr'><strong>stabit</strong></span> <span class='ocrx_word' id='word_1_120' title='bbox 1421 1904 1597 1948; x_wconf 85' lang='lat' dir='ltr'><strong>autem</strong></span> <span class='ocrx_word' id='word_1_121' title='bbox 1637 1906 1652 1942; x_wconf 91' lang='lat'><strong><em>:</em></strong></span> <span class='ocrx_word' id='word_1_122' title='bbox 1685 1897 1851 1958; x_wconf 79' lang='lat' dir='ltr'><strong>potest</strong></span> <span class='ocrx_word' id='word_1_123' title='bbox 1896 1884 2034 1940; x_wconf 88' lang='lat' dir='ltr'><strong>enim</strong></span> 
     </span>
    </p>
   </div>
   <div class='ocr_carea' id='block_1_17' title="bbox 468 1975 2036 2060">
    <p class='ocr_par' dir='ltr' id='par_1_17' title="bbox 468 1975 2036 2060">
     <span class='ocr_line' id='line_1_17' title="bbox 468 1975 2036 2060; baseline -0.019 -1"><span class='ocrx_word' id='word_1_124' title='bbox 468 2005 611 2060; x_wconf 78' lang='lat' dir='ltr'><strong>Deus</strong></span> <span class='ocrx_word' id='word_1_125' title='bbox 657 2011 884 2056; x_wconf 81' lang='lat' dir='ltr'><strong>statuere</strong></span> <span class='ocrx_word' id='word_1_126' title='bbox 913 1996 1065 2050; x_wconf 90' lang='lat' dir='ltr'><strong>illum</strong></span> <span class='ocrx_word' id='word_1_127' title='bbox 1110 1994 1192 2058; x_wconf 59' lang='lat'><strong>&#39;9;</strong></span> <span class='ocrx_word' id='word_1_128' title='bbox 1226 2004 1334 2060; x_wconf 91' lang='lat' dir='ltr'><strong>quo</strong></span> <span class='ocrx_word' id='word_1_129' title='bbox 1361 1989 1569 2043; x_wconf 88' lang='lat' dir='ltr'><strong>scilicet</strong></span> <span class='ocrx_word' id='word_1_130' title='bbox 1612 1998 1712 2053; x_wconf 90' lang='lat' dir='ltr'><strong>per</strong></span> <span class='ocrx_word' id='word_1_131' title='bbox 1745 1982 1859 2035; x_wconf 56' lang='lat' dir='ltr'><strong>haec</strong></span> <span class='ocrx_word' id='word_1_132' title='bbox 1891 1975 2036 2032; x_wconf 91' lang='lat' dir='ltr'><strong>nulla</strong></span> 
     </span>
    </p>
   </div>
   <div class='ocr_carea' id='block_1_18' title="bbox 467 2067 2040 2149">
    <p class='ocr_par' dir='ltr' id='par_1_18' title="bbox 467 2067 2040 2149">
     <span class='ocr_line' id='line_1_18' title="bbox 467 2067 2040 2149; baseline -0.018 1"><span class='ocrx_word' id='word_1_133' title='bbox 467 2104 614 2149; x_wconf 88' lang='lat' dir='ltr'><strong>esset</strong></span> <span class='ocrx_word' id='word_1_134' title='bbox 644 2093 790 2146; x_wconf 87' lang='lat' dir='ltr'><strong>inter</strong></span> <span class='ocrx_word' id='word_1_135' title='bbox 831 2088 1115 2143; x_wconf 89' lang='lat' dir='ltr'><strong>credentes</strong></span> <span class='ocrx_word' id='word_1_136' title='bbox 1139 2084 1383 2140; x_wconf 89' lang='lat' dir='ltr'><strong>ciborum</strong></span> <span class='ocrx_word' id='word_1_137' title='bbox 1411 2093 1574 2134; x_wconf 89' lang='lat' dir='ltr'><strong>causa</strong></span> <span class='ocrx_word' id='word_1_138' title='bbox 1607 2075 1892 2129; x_wconf 84' lang='lat' dir='ltr'><strong>dissensio.</strong></span> <span class='ocrx_word' id='word_1_139' title='bbox 1932 2067 2040 2123; x_wconf 90' lang='lat' dir='ltr'><strong>Sed</strong></span> 
     </span>
    </p>
   </div>
   <div class='ocr_carea' id='block_1_19' title="bbox 468 2161 2041 2247">
    <p class='ocr_par' dir='ltr' id='par_1_19' title="bbox 468 2161 2041 2247">
     <span class='ocr_line' id='line_1_19' title="bbox 468 2161 2041 2247; baseline -0.019 -4"><span class='ocrx_word' id='word_1_140' title='bbox 468 2187 686 2244; x_wconf 86' lang='lat' dir='ltr'><strong>videtur</strong></span> <span class='ocrx_word' id='word_1_141' title='bbox 734 2183 849 2237; x_wconf 65' lang='lat' dir='ltr'><strong>haec</strong></span> <span class='ocrx_word' id='word_1_142' title='bbox 895 2179 1094 2235; x_wconf 90' lang='lat' dir='ltr'><strong>Paulus</strong></span> <span class='ocrx_word' id='word_1_143' title='bbox 1123 2173 1477 2247; x_wconf 81' lang='lat' dir='ltr'><strong>profundiore</strong></span> <span class='ocrx_word' id='word_1_144' title='bbox 1516 2167 1688 2234; x_wconf 83' lang='lat' dir='ltr'><strong>magis</strong></span> <span class='ocrx_word' id='word_1_145' title='bbox 1719 2176 1881 2218; x_wconf 89' lang='lat' dir='ltr'><strong>sensu</strong></span> <span class='ocrx_word' id='word_1_146' title='bbox 1932 2161 2041 2214; x_wconf 83' lang='lat' dir='ltr'><strong>elo-</strong></span> 
     </span>
    </p>
   </div>
   <div class='ocr_carea' id='block_1_20' title="bbox 470 2250 2042 2346">
    <p class='ocr_par' dir='ltr' id='par_1_20' title="bbox 470 2250 2042 2346">
     <span class='ocr_line' id='line_1_20' title="bbox 470 2250 2042 2346; baseline -0.02 -11"><span class='ocrx_word' id='word_1_147' title='bbox 470 2290 652 2335; x_wconf 90' lang='lat' dir='ltr'><strong>cutus.</strong></span> <span class='ocrx_word' id='word_1_148' title='bbox 688 2276 875 2346; x_wconf 79' lang='lat' dir='ltr'><strong>Neque</strong></span> <span class='ocrx_word' id='word_1_149' title='bbox 900 2274 1046 2328; x_wconf 88' lang='lat' dir='ltr'><strong>enim</strong></span> <span class='ocrx_word' id='word_1_150' title='bbox 1075 2285 1142 2325; x_wconf 84' lang='lat' dir='ltr'><strong>ex</strong></span> <span class='ocrx_word' id='word_1_151' title='bbox 1169 2263 1584 2322; x_wconf 84' lang='lat' dir='ltr'><strong>circumcisione</strong></span> <span class='ocrx_word' id='word_1_152' title='bbox 1617 2253 1953 2311; x_wconf 89' lang='lat' dir='ltr'><strong>venientibus</strong></span> <span class='ocrx_word' id='word_1_153' title='bbox 1975 2250 2042 2305; x_wconf 88' lang='lat' dir='ltr'><strong>de</strong></span> 
     </span>
    </p>
   </div>
   <div class='ocr_carea' id='block_1_21' title="bbox 471 2343 2043 2429">
    <p class='ocr_par' dir='ltr' id='par_1_21' title="bbox 471 2343 2043 2429">
     <span class='ocr_line' id='line_1_21' title="bbox 471 2343 2043 2429; baseline -0.02 1"><span class='ocrx_word' id='word_1_154' title='bbox 471 2373 696 2429; x_wconf 88' lang='lat' dir='ltr'><strong>edendis</strong></span> <span class='ocrx_word' id='word_1_155' title='bbox 735 2343 976 2424; x_wconf 76' lang='lat' dir='ltr'><strong>oleribus</strong></span> <span class='ocrx_word' id='word_1_156' title='bbox 1010 2364 1096 2418; x_wconf 84' lang='lat' dir='ltr'><strong>lex</strong></span> <span class='ocrx_word' id='word_1_157' title='bbox 1127 2357 1331 2427; x_wconf 89' lang='lat' dir='ltr'><strong>aliquid</strong></span> <span class='ocrx_word' id='word_1_158' title='bbox 1380 2352 1778 2410; x_wconf 90' lang='lat' dir='ltr'><strong>mandaverat,</strong></span> <span class='ocrx_word' id='word_1_159' title='bbox 1812 2354 1870 2400; x_wconf 94' lang='lat' dir='ltr'><strong>ut</strong></span> <span class='ocrx_word' id='word_1_160' title='bbox 1910 2343 2043 2413; x_wconf 83' lang='lat' dir='ltr'><strong>ipsis</strong></span> 
     </span>
    </p>
   </div>
   <div class='ocr_carea' id='block_1_22' title="bbox 473 2439 2040 2523">
    <p class='ocr_par' dir='ltr' id='par_1_22' title="bbox 473 2439 2040 2523">
     <span class='ocr_line' id='line_1_22' title="bbox 473 2439 2040 2523; baseline -0.023 -1"><span class='ocrx_word' id='word_1_161' title='bbox 473 2465 771 2522; x_wconf 86' lang='lat' dir='ltr'><strong>convenire</strong></span> <span class='ocrx_word' id='word_1_162' title='bbox 807 2461 1058 2515; x_wconf 90' lang='lat' dir='ltr'><strong>videatur</strong></span> <span class='ocrx_word' id='word_1_163' title='bbox 1098 2453 1243 2523; x_wconf 88' lang='lat' dir='ltr'><strong>quod</strong></span> <span class='ocrx_word' id='word_1_164' title='bbox 1281 2450 1360 2504; x_wconf 86' lang='lat' dir='ltr'><strong>ait</strong></span> <span class='ocrx_word' id='word_1_165' title='bbox 1393 2465 1406 2501; x_wconf 89' lang='lat'><strong>:</strong></span> <span class='ocrx_word' id='word_1_166' title='bbox 1447 2445 1552 2511; x_wconf 88' lang='lat' dir='ltr'><strong>Qui</strong></span> <span class='ocrx_word' id='word_1_167' title='bbox 1582 2451 1756 2496; x_wconf 86' lang='lat' dir='ltr'><strong>autem</strong></span> <span class='ocrx_word' id='word_1_168' title='bbox 1796 2439 2040 2505; x_wconf 68' lang='lat' dir='ltr'><strong>infirmus</strong></span> 
     </span>
    </p>
   </div>
   <div class='ocr_carea' id='block_1_23' title="bbox 473 2529 2041 2625">
    <p class='ocr_par' dir='ltr' id='par_1_23' title="bbox 473 2529 2041 2625">
     <span class='ocr_line' id='line_1_23' title="bbox 473 2529 2041 2625; baseline -0.022 -8"><span class='ocrx_word' id='word_1_169' title='bbox 473 2570 573 2625; x_wconf 89' lang='lat' dir='ltr'><strong>est,</strong></span> <span class='ocrx_word' id='word_1_170' title='bbox 597 2556 743 2614; x_wconf 93' lang='lat' dir='ltr'><strong>olera</strong></span> <span class='ocrx_word' id='word_1_171' title='bbox 771 2553 1076 2609; x_wconf 81' lang='lat' dir='ltr'><strong>manducet.</strong></span> <span class='ocrx_word' id='word_1_172' title='bbox 1103 2545 1255 2602; x_wconf 87' lang='lat' dir='ltr'><strong>Unde</strong></span> <span class='ocrx_word' id='word_1_173' title='bbox 1273 2549 1486 2598; x_wconf 81' lang='lat' dir='ltr'><strong>constat</strong></span> <span class='ocrx_word' id='word_1_174' title='bbox 1512 2552 1632 2592; x_wconf 88' lang='lat' dir='ltr'><strong>eum</strong></span> <span class='ocrx_word' id='word_1_175' title='bbox 1656 2536 1723 2590; x_wconf 91' lang='lat' dir='ltr'><strong>de</strong></span> <span class='ocrx_word' id='word_1_176' title='bbox 1751 2535 1872 2588; x_wconf 87' lang='lat' dir='ltr'><strong>cibo</strong></span> <span class='ocrx_word' id='word_1_177' title='bbox 1888 2529 2041 2587; x_wconf 85' lang='lat' dir='ltr'><strong>verbi</strong></span> 
     </span>
    </p>
   </div>
   <div class='ocr_carea' id='block_1_24' title="bbox 473 2622 2044 2711">
    <p class='ocr_par' dir='ltr' id='par_1_24' title="bbox 473 2622 2044 2711">
     <span class='ocr_line' id='line_1_24' title="bbox 473 2622 2044 2711; baseline -0.022 -2"><span class='ocrx_word' id='word_1_178' title='bbox 473 2622 580 2709; x_wconf 83' lang='lat' dir='ltr'><strong>ista</strong></span> <span class='ocrx_word' id='word_1_179' title='bbox 625 2657 900 2711; x_wconf 86' lang='lat' dir='ltr'><strong>tractare,</strong></span> <span class='ocrx_word' id='word_1_180' title='bbox 941 2650 996 2697; x_wconf 86' lang='lat' dir='ltr'><strong>et</strong></span> <span class='ocrx_word' id='word_1_181' title='bbox 1026 2639 1298 2694; x_wconf 90' lang='lat' dir='ltr'><strong>inﬁrmum</strong></span> <span class='ocrx_word' id='word_1_182' title='bbox 1333 2635 1515 2691; x_wconf 90' lang='lat' dir='ltr'><strong>dicere</strong></span> <span class='ocrx_word' id='word_1_183' title='bbox 1556 2642 1678 2684; x_wconf 89' lang='lat' dir='ltr'><strong>esse</strong></span> <span class='ocrx_word' id='word_1_184' title='bbox 1709 2624 1821 2697; x_wconf 79' lang='lat'><strong>(5&#39;5)</strong></span> <span class='ocrx_word' id='word_1_185' title='bbox 1855 2624 1906 2678; x_wconf 91' lang='lat' dir='ltr'><strong>in</strong></span> <span class='ocrx_word' id='word_1_186' title='bbox 1939 2622 2044 2676; x_wconf 92' lang='lat' dir='ltr'><strong>ﬁde</strong></span> 
     </span>
    </p>
   </div>
   <div class='ocr_carea' id='block_1_25' title="bbox 473 2715 2044 2811">
    <p class='ocr_par' dir='ltr' id='par_1_25' title="bbox 473 2715 2044 2811">
     <span class='ocr_line' id='line_1_25' title="bbox 473 2715 2044 2811; baseline -0.022 -11"><span class='ocrx_word' id='word_1_187' title='bbox 473 2759 597 2800; x_wconf 90' lang='lat' dir='ltr'><strong>eum</strong></span> <span class='ocrx_word' id='word_1_188' title='bbox 639 2740 732 2811; x_wconf 91' lang='lat' dir='ltr'><strong>qui</strong></span> <span class='ocrx_word' id='word_1_189' title='bbox 781 2751 886 2792; x_wconf 93' lang='lat' dir='ltr'><strong>non</strong></span> <span class='ocrx_word' id='word_1_190' title='bbox 931 2735 1005 2789; x_wconf 90' lang='lat' dir='ltr'><strong>ita</strong></span> <span class='ocrx_word' id='word_1_191' title='bbox 1049 2729 1326 2802; x_wconf 84' lang='lat' dir='ltr'><strong>perfectus</strong></span> <span class='ocrx_word' id='word_1_192' title='bbox 1371 2733 1454 2779; x_wconf 90' lang='lat' dir='ltr'><strong>est</strong></span> <span class='ocrx_word' id='word_1_193' title='bbox 1493 2721 1742 2776; x_wconf 86' lang='lat' dir='ltr'><strong>sensibus</strong></span> <span class='ocrx_word' id='word_1_194' title='bbox 1789 2727 1846 2771; x_wconf 92' lang='lat' dir='ltr'><strong>ut</strong></span> <span class='ocrx_word' id='word_1_195' title='bbox 1873 2715 2044 2784; x_wconf 89' lang='lat' dir='ltr'><strong>possit</strong></span> 
     </span>
    </p>
   </div>
   <div class='ocr_carea' id='block_1_26' title="bbox 473 2807 2045 2894">
    <p class='ocr_par' dir='ltr' id='par_1_26' title="bbox 473 2807 2045 2894">
     <span class='ocr_line' id='line_1_26' title="bbox 473 2807 2045 2894; baseline -0.022 0"><span class='ocrx_word' id='word_1_196' title='bbox 473 2849 690 2894; x_wconf 88' lang='lat' dir='ltr'><strong>omnem</strong></span> <span class='ocrx_word' id='word_1_197' title='bbox 727 2832 908 2886; x_wconf 89' lang='lat' dir='ltr'><strong>cibum</strong></span> <span class='ocrx_word' id='word_1_198' title='bbox 936 2824 1085 2880; x_wconf 86' lang='lat' dir='ltr'><strong>verbi</strong></span> <span class='ocrx_word' id='word_1_199' title='bbox 1124 2821 1217 2876; x_wconf 88' lang='lat' dir='ltr'><strong>Dei</strong></span> <span class='ocrx_word' id='word_1_200' title='bbox 1241 2830 1478 2880; x_wconf 90' lang='lat' dir='ltr'><strong>sumere,</strong></span> <span class='ocrx_word' id='word_1_201' title='bbox 1508 2814 1653 2868; x_wconf 88' lang='lat' dir='ltr'><strong>sicut</strong></span> <span class='ocrx_word' id='word_1_202' title='bbox 1675 2819 1731 2865; x_wconf 90' lang='lat' dir='ltr'><strong>et</strong></span> <span class='ocrx_word' id='word_1_203' title='bbox 1757 2811 1871 2878; x_wconf 91' lang='lat' dir='ltr'><strong>ipse</strong></span> <span class='ocrx_word' id='word_1_204' title='bbox 1903 2807 2045 2876; x_wconf 85' lang='lat' dir='ltr'><strong>Apo-</strong></span> 
     </span>
    </p>
   </div>
   <div class='ocr_carea' id='block_1_27' title="bbox 474 2903 2043 2988">
    <p class='ocr_par' dir='ltr' id='par_1_27' title="bbox 474 2903 2043 2988">
     <span class='ocr_line' id='line_1_27' title="bbox 474 2903 2043 2988; baseline -0.022 0"><span class='ocrx_word' id='word_1_205' title='bbox 474 2931 648 2988; x_wconf 84' lang='lat' dir='ltr'><strong>stolus</strong></span> <span class='ocrx_word' id='word_1_206' title='bbox 679 2929 730 2982; x_wconf 92' lang='lat' dir='ltr'><strong>in</strong></span> <span class='ocrx_word' id='word_1_207' title='bbox 772 2924 893 2979; x_wconf 88' lang='lat' dir='ltr'><strong>aliis</strong></span> <span class='ocrx_word' id='word_1_208' title='bbox 936 2919 1068 2975; x_wconf 90' lang='lat' dir='ltr'><strong>dicit</strong></span> <span class='ocrx_word' id='word_1_209' title='bbox 1101 2931 1115 2969; x_wconf 91' lang='lat'><strong>:</strong></span> <span class='ocrx_word' id='word_1_210' title='bbox 1144 2913 1508 2981; x_wconf 80' lang='lat' dir='ltr'><strong>Perfectorum</strong></span> <span class='ocrx_word' id='word_1_211' title='bbox 1555 2916 1731 2960; x_wconf 87' lang='lat' dir='ltr'><strong>autem</strong></span> <span class='ocrx_word' id='word_1_212' title='bbox 1771 2913 1846 2957; x_wconf 87' lang='lat' dir='ltr'><strong>est</strong></span> <span class='ocrx_word' id='word_1_213' title='bbox 1895 2903 2043 2956; x_wconf 83' lang='lat' dir='ltr'><strong>cibus</strong></span> 
     </span>
    </p>
   </div>
   <div class='ocr_carea' id='block_1_28' title="bbox 476 2994 2044 3081">
    <p class='ocr_par' dir='ltr' id='par_1_28' title="bbox 476 2994 2044 3081">
     <span class='ocr_line' id='line_1_28' title="bbox 476 2994 2044 3081; baseline -0.021 -4"><span class='ocrx_word' id='word_1_214' title='bbox 476 3021 698 3081; x_wconf 88' lang='lat' dir='ltr'><strong>solidus,</strong></span> <span class='ocrx_word' id='word_1_215' title='bbox 726 3028 907 3070; x_wconf 84' lang='lat' dir='ltr'><strong>eorum</strong></span> <span class='ocrx_word' id='word_1_216' title='bbox 944 3011 1033 3081; x_wconf 88' lang='lat' dir='ltr'><strong>qui</strong></span> <span class='ocrx_word' id='word_1_217' title='bbox 1062 3023 1154 3077; x_wconf 89' lang='lat' dir='ltr'><strong>pro</strong></span> <span class='ocrx_word' id='word_1_218' title='bbox 1184 3002 1531 3072; x_wconf 81' lang='lat' dir='ltr'><strong>possibilitate</strong></span> <span class='ocrx_word' id='word_1_219' title='bbox 1561 2996 1803 3052; x_wconf 83' lang='lat' dir='ltr'><strong>sumendi</strong></span> <span class='ocrx_word' id='word_1_220' title='bbox 1839 2994 2044 3048; x_wconf 73' lang='lat' dir='ltr'><strong>exerci-</strong></span> 
     </span>
    </p>
   </div>
   <div class='ocr_carea' id='block_1_29' title="bbox 479 3083 2042 3168">
    <p class='ocr_par' dir='ltr' id='par_1_29' title="bbox 479 3083 2042 3168">
     <span class='ocr_line' id='line_1_29' title="bbox 479 3083 2042 3168; baseline -0.021 0"><span class='ocrx_word' id='word_1_221' title='bbox 479 3124 616 3168; x_wconf 87' lang='lat' dir='ltr'><strong>tatos</strong></span> <span class='ocrx_word' id='word_1_222' title='bbox 655 3108 843 3162; x_wconf 85' lang='lat' dir='ltr'><strong>habent</strong></span> <span class='ocrx_word' id='word_1_223' title='bbox 873 3119 1055 3158; x_wconf 87' lang='lat' dir='ltr'><strong>sensus</strong></span> <span class='ocrx_word' id='word_1_224' title='bbox 1085 3100 1152 3152; x_wconf 87' lang='lat' dir='ltr'><strong>ad</strong></span> <span class='ocrx_word' id='word_1_225' title='bbox 1177 3096 1542 3152; x_wconf 83' lang='lat' dir='ltr'><strong>discretionem</strong></span> <span class='ocrx_word' id='word_1_226' title='bbox 1582 3091 1704 3144; x_wconf 86' lang='lat' dir='ltr'><strong>boni</strong></span> <span class='ocrx_word' id='word_1_227' title='bbox 1734 3099 1783 3142; x_wconf 89' lang='lat' dir='ltr'><strong>et</strong></span> <span class='ocrx_word' id='word_1_228' title='bbox 1819 3086 1945 3140; x_wconf 86' lang='lat' dir='ltr'><strong>mali</strong></span> <span class='ocrx_word' id='word_1_229' title='bbox 1972 3083 2042 3135; x_wconf 86' lang='lat'><strong>”.</strong></span> 
     </span>
    </p>
   </div>
   <div class='ocr_carea' id='block_1_30' title="bbox 1953 447 2274 512">
    <p class='ocr_par' dir='ltr' id='par_1_30' title="bbox 1953 447 2274 512">
     <span class='ocr_line' id='line_1_30' title="bbox 1953 447 2274 512; baseline -0.031 1"><span class='ocrx_word' id='word_1_230' title='bbox 1953 452 2112 512; x_wconf 68' lang='lat' dir='ltr'><strong>OlilG</strong></span> <span class='ocrx_word' id='word_1_231' title='bbox 2121 447 2274 505; x_wconf 81' lang='lat' dir='ltr'><strong>ENIS</strong></span> 
     </span>
    </p>
   </div>
   <div class='ocr_carea' id='block_1_31' title="bbox 3561 417 3681 474">
    <p class='ocr_par' dir='ltr' id='par_1_31' title="bbox 3561 417 3681 474">
     <span class='ocr_line' id='line_1_31' title="bbox 3561 417 3681 474; baseline -0.025 0"><span class='ocrx_word' id='word_1_232' title='bbox 3561 417 3681 474; x_wconf 66' lang='grc' dir='ltr'><strong>ηδε</strong></span> 
     </span>
    </p>
   </div>
   <div class='ocr_carea' id='block_1_32' title="bbox 2126 533 3679 624">
    <p class='ocr_par' dir='ltr' id='par_1_32' title="bbox 2126 533 3679 624">
     <span class='ocr_line' id='line_1_32' title="bbox 2126 533 3679 624; baseline -0.023 -4"><span class='ocrx_word' id='word_1_233' title='bbox 2126 583 2245 620; x_wconf 86' lang='lat' dir='ltr'><strong>care</strong></span> <span class='ocrx_word' id='word_1_234' title='bbox 2274 561 2478 618; x_wconf 87' lang='lat' dir='ltr'><strong>omnia.</strong></span> <span class='ocrx_word' id='word_1_235' title='bbox 2508 557 2753 624; x_wconf 86' lang='lat' dir='ltr'><strong>Denique</strong></span> <span class='ocrx_word' id='word_1_236' title='bbox 2781 559 2838 607; x_wconf 91' lang='lat' dir='ltr'><strong>et</strong></span> <span class='ocrx_word' id='word_1_237' title='bbox 2868 545 3144 620; x_wconf 83' lang='lat' dir='ltr'><strong>apostolis‘,</strong></span> <span class='ocrx_word' id='word_1_238' title='bbox 3182 548 3480 610; x_wconf 88' lang='lat' dir='ltr'><strong>antequam</strong></span> <span class='ocrx_word' id='word_1_239' title='bbox 3522 533 3679 603; x_wconf 85' lang='lat' dir='ltr'><strong>Spiri-</strong></span> 
     </span>
    </p>
   </div>
   <div class='ocr_carea' id='block_1_33' title="bbox 2131 626 3678 715">
    <p class='ocr_par' dir='ltr' id='par_1_33' title="bbox 2131 626 3678 715">
     <span class='ocr_line' id='line_1_33' title="bbox 2131 626 3678 715; baseline -0.021 -4"><span class='ocrx_word' id='word_1_240' title='bbox 2131 666 2242 710; x_wconf 94' lang='lat' dir='ltr'><strong>tum</strong></span> <span class='ocrx_word' id='word_1_241' title='bbox 2293 661 2543 707; x_wconf 85' lang='lat' dir='ltr'><strong>sanctum</strong></span> <span class='ocrx_word' id='word_1_242' title='bbox 2593 647 2948 715; x_wconf 88' lang='lat' dir='ltr'><strong>acciperent,</strong></span> <span class='ocrx_word' id='word_1_243' title='bbox 2995 637 3281 694; x_wconf 88' lang='lat' dir='ltr'><strong>dicebatur</strong></span> <span class='ocrx_word' id='word_1_244' title='bbox 3333 645 3365 682; x_wconf 90' lang='lat' dir='ltr'><strong>a</strong></span> <span class='ocrx_word' id='word_1_245' title='bbox 3416 626 3678 681; x_wconf 88' lang='lat' dir='ltr'><strong>Domino:</strong></span> 
     </span>
    </p>
   </div>
   <div class='ocr_carea' id='block_1_34' title="bbox 2130 722 3683 808">
    <p class='ocr_par' dir='ltr' id='par_1_34' title="bbox 2130 722 3683 808">
     <span class='ocr_line' id='line_1_34' title="bbox 2130 722 3683 808; baseline -0.022 -6"><span class='ocrx_word' id='word_1_246' title='bbox 2130 747 2305 802; x_wconf 79' lang='lat' dir='ltr'><strong>Multa</strong></span> <span class='ocrx_word' id='word_1_247' title='bbox 2343 743 2513 798; x_wconf 87' lang='lat' dir='ltr'><strong>adhuc</strong></span> <span class='ocrx_word' id='word_1_248' title='bbox 2544 740 2708 794; x_wconf 80' lang='lat' dir='ltr'><strong>habeo</strong></span> <span class='ocrx_word' id='word_1_249' title='bbox 2730 752 2844 808; x_wconf 78' lang='lat' dir='ltr'><strong>qute</strong></span> <span class='ocrx_word' id='word_1_250' title='bbox 2871 734 3055 802; x_wconf 84' lang='lat' dir='ltr'><strong>loquar</strong></span> <span class='ocrx_word' id='word_1_251' title='bbox 3088 728 3267 786; x_wconf 83' lang='lat' dir='ltr'><strong>vobis;</strong></span> <span class='ocrx_word' id='word_1_252' title='bbox 3299 722 3393 779; x_wconf 85' lang='lat' dir='ltr'><strong>sed</strong></span> <span class='ocrx_word' id='word_1_253' title='bbox 3429 735 3536 774; x_wconf 84' lang='lat' dir='ltr'><strong>non</strong></span> <span class='ocrx_word' id='word_1_254' title='bbox 3557 727 3683 786; x_wconf 88' lang='lat' dir='ltr'><strong>pote-</strong></span> 
     </span>
    </p>
   </div>
   <div class='ocr_carea' id='block_1_35' title="bbox 2129 809 3686 892">
    <p class='ocr_par' dir='ltr' id='par_1_35' title="bbox 2129 809 3686 892">
     <span class='ocr_line' id='line_1_35' title="bbox 2129 809 3686 892; baseline -0.022 0"><span class='ocrx_word' id='word_1_255' title='bbox 2129 839 2223 892; x_wconf 89' lang='lat' dir='ltr'><strong>stis</strong></span> <span class='ocrx_word' id='word_1_256' title='bbox 2248 834 2343 889; x_wconf 85' lang='lat' dir='ltr'><strong>illa</strong></span> <span class='ocrx_word' id='word_1_257' title='bbox 2365 833 2519 888; x_wconf 89' lang='lat' dir='ltr'><strong>modo</strong></span> <span class='ocrx_word' id='word_1_258' title='bbox 2547 830 2754 885; x_wconf 85' lang='lat' dir='ltr'><strong>audire.</strong></span> <span class='ocrx_word' id='word_1_259' title='bbox 2794 824 2976 880; x_wconf 85' lang='lat' dir='ltr'><strong>Veniet</strong></span> <span class='ocrx_word' id='word_1_260' title='bbox 3013 830 3189 876; x_wconf 88' lang='lat' dir='ltr'><strong>autem</strong></span> <span class='ocrx_word' id='word_1_261' title='bbox 3225 811 3542 870; x_wconf 81' lang='lat' dir='ltr'><strong>Paracletus</strong></span> <span class='ocrx_word' id='word_1_262' title='bbox 3577 809 3686 876; x_wconf 87' lang='lat' dir='ltr'><strong>Spi-</strong></span> 
     </span>
    </p>
   </div>
   <div class='ocr_carea' id='block_1_36' title="bbox 2130 901 3692 990">
    <p class='ocr_par' dir='ltr' id='par_1_36' title="bbox 2130 901 3692 990">
     <span class='ocr_line' id='line_1_36' title="bbox 2130 901 3692 990; baseline -0.019 -7"><span class='ocrx_word' id='word_1_263' title='bbox 2130 930 2268 983; x_wconf 85' lang='lat' dir='ltr'><strong>ritus</strong></span> <span class='ocrx_word' id='word_1_264' title='bbox 2298 924 2563 988; x_wconf 79' lang='lat' dir='ltr'><strong>veritatis,</strong></span> <span class='ocrx_word' id='word_1_265' title='bbox 2584 935 2631 976; x_wconf 91' lang='lat' dir='ltr'><strong>et</strong></span> <span class='ocrx_word' id='word_1_266' title='bbox 2656 922 2766 990; x_wconf 89' lang='lat' dir='ltr'><strong>ipse</strong></span> <span class='ocrx_word' id='word_1_267' title='bbox 2799 932 2889 971; x_wconf 77' lang='lat' dir='ltr'><strong>vos</strong></span> <span class='ocrx_word' id='word_1_268' title='bbox 2909 912 3107 968; x_wconf 84' lang='lat' dir='ltr'><strong>docebit</strong></span> <span class='ocrx_word' id='word_1_269' title='bbox 3131 909 3314 964; x_wconf 87' lang='lat' dir='ltr'><strong>omnia</strong></span> <span class='ocrx_word' id='word_1_270' title='bbox 3333 905 3405 960; x_wconf 84' lang='lat'><strong>“.</strong></span> <span class='ocrx_word' id='word_1_271' title='bbox 3439 901 3547 957; x_wconf 86' lang='lat' dir='ltr'><strong>lsta</strong></span> <span class='ocrx_word' id='word_1_272' title='bbox 3580 907 3692 954; x_wconf 89' lang='lat' dir='ltr'><strong>sunt</strong></span> 
     </span>
    </p>
   </div>
   <div class='ocr_carea' id='block_1_37' title="bbox 2131 989 3692 1086">
    <p class='ocr_par' dir='ltr' id='par_1_37' title="bbox 2131 989 3692 1086">
     <span class='ocr_line' id='line_1_37' title="bbox 2131 989 3692 1086; baseline -0.018 -15"><span class='ocrx_word' id='word_1_273' title='bbox 2131 1031 2262 1086; x_wconf 83' lang='lat' dir='ltr'><strong>ergo</strong></span> <span class='ocrx_word' id='word_1_274' title='bbox 2293 1013 2474 1069; x_wconf 87' lang='lat' dir='ltr'><strong>omnia</strong></span> <span class='ocrx_word' id='word_1_275' title='bbox 2517 1025 2639 1080; x_wconf 64' lang='lat' dir='ltr'><strong>quae</strong></span> <span class='ocrx_word' id='word_1_276' title='bbox 2673 989 2848 1064; x_wconf 81' lang='lat' dir='ltr'><strong>credit</strong></span> <span class='ocrx_word' id='word_1_277' title='bbox 2877 1003 3206 1059; x_wconf 87' lang='lat' dir='ltr'><strong>manducare</strong></span> <span class='ocrx_word' id='word_1_278' title='bbox 3232 998 3280 1052; x_wconf 92' lang='lat' dir='ltr'><strong>is</strong></span> <span class='ocrx_word' id='word_1_279' title='bbox 3309 995 3405 1066; x_wconf 89' lang='lat' dir='ltr'><strong>qui</strong></span> <span class='ocrx_word' id='word_1_280' title='bbox 3449 1006 3547 1061; x_wconf 84' lang='lat' dir='ltr'><strong>pro</strong></span> <span class='ocrx_word' id='word_1_281' title='bbox 3583 989 3692 1044; x_wconf 88' lang='lat' dir='ltr'><strong>ﬁdei</strong></span> 
     </span>
    </p>
   </div>
   <div class='ocr_carea' id='block_1_38' title="bbox 2131 1081 3692 1178">
    <p class='ocr_par' dir='ltr' id='par_1_38' title="bbox 2131 1081 3692 1178">
     <span class='ocr_line' id='line_1_38' title="bbox 2131 1081 3692 1178; baseline -0.019 -15"><span class='ocrx_word' id='word_1_282' title='bbox 2131 1081 2470 1178; x_wconf 69' lang='lat' dir='ltr'><strong>perfectione</strong></span> <span class='ocrx_word' id='word_1_283' title='bbox 2502 1117 2600 1173; x_wconf 91' lang='lat' dir='ltr'><strong>per</strong></span> <span class='ocrx_word' id='word_1_284' title='bbox 2635 1099 2868 1170; x_wconf 81' lang='lat' dir='ltr'><strong>gratiam</strong></span> <span class='ocrx_word' id='word_1_285' title='bbox 2898 1093 3072 1150; x_wconf 90' lang='lat' dir='ltr'><strong>sancti</strong></span> <span class='ocrx_word' id='word_1_286' title='bbox 3097 1088 3340 1160; x_wconf 88' lang='lat' dir='ltr'><strong>Spiritus</strong></span> <span class='ocrx_word' id='word_1_287' title='bbox 3365 1099 3539 1153; x_wconf 80' lang='lat' dir='ltr'><strong>capax</strong></span> <span class='ocrx_word' id='word_1_288' title='bbox 3559 1081 3692 1136; x_wconf 89' lang='lat' dir='ltr'><strong>verbi</strong></span> 
     </span>
    </p>
   </div>
   <div class='ocr_carea' id='block_1_39' title="bbox 2133 1172 3693 1254">
    <p class='ocr_par' dir='ltr' id='par_1_39' title="bbox 2133 1172 3693 1254">
     <span class='ocr_line' id='line_1_39' title="bbox 2133 1172 3693 1254; baseline -0.017 -2"><span class='ocrx_word' id='word_1_289' title='bbox 2133 1172 2449 1254; x_wconf 77' lang='lat' dir='ltr'><strong>secretioris</strong></span> <span class='ocrx_word' id='word_1_290' title='bbox 2475 1172 2766 1250; x_wconf 83' lang='lat' dir='ltr'><strong>exstiterit.</strong></span> <span class='ocrx_word' id='word_1_291' title='bbox 2793 1187 2966 1244; x_wconf 88' lang='lat' dir='ltr'><strong>Habet</strong></span> <span class='ocrx_word' id='word_1_292' title='bbox 2999 1195 3179 1242; x_wconf 90' lang='lat' dir='ltr'><strong>tamen</strong></span> <span class='ocrx_word' id='word_1_293' title='bbox 3211 1188 3267 1237; x_wconf 88' lang='lat' dir='ltr'><strong>et</strong></span> <span class='ocrx_word' id='word_1_294' title='bbox 3290 1177 3546 1235; x_wconf 90' lang='lat' dir='ltr'><strong>inﬁrmus</strong></span> <span class='ocrx_word' id='word_1_295' title='bbox 3563 1172 3693 1244; x_wconf 88' lang='lat' dir='ltr'><strong>quod</strong></span> 
     </span>
    </p>
   </div>
   <div class='ocr_carea' id='block_1_40' title="bbox 2134 1264 3695 1348">
    <p class='ocr_par' dir='ltr' id='par_1_40' title="bbox 2134 1264 3695 1348">
     <span class='ocr_line' id='line_1_40' title="bbox 2134 1264 3695 1348; baseline -0.02 -2"><span class='ocrx_word' id='word_1_296' title='bbox 2134 1298 2312 1348; x_wconf 86' lang='lat' dir='ltr'><strong>sumat</strong></span> <span class='ocrx_word' id='word_1_297' title='bbox 2355 1304 2420 1343; x_wconf 80' lang='lat' dir='ltr'><strong>ex</strong></span> <span class='ocrx_word' id='word_1_298' title='bbox 2466 1285 2630 1340; x_wconf 89' lang='lat' dir='ltr'><strong>verbo</strong></span> <span class='ocrx_word' id='word_1_299' title='bbox 2659 1283 2796 1346; x_wconf 90' lang='lat' dir='ltr'><strong>Dei,</strong></span> <span class='ocrx_word' id='word_1_300' title='bbox 2839 1288 2896 1334; x_wconf 90' lang='lat' dir='ltr'><strong>et</strong></span> <span class='ocrx_word' id='word_1_301' title='bbox 2921 1286 3005 1334; x_wconf 89' lang='lat' dir='ltr'><strong>est</strong></span> <span class='ocrx_word' id='word_1_302' title='bbox 3032 1274 3243 1346; x_wconf 88' lang='lat' dir='ltr'><strong>species</strong></span> <span class='ocrx_word' id='word_1_303' title='bbox 3272 1270 3529 1343; x_wconf 68' lang='lat' dir='ltr'><strong>quaedam</strong></span> <span class='ocrx_word' id='word_1_304' title='bbox 3560 1264 3695 1318; x_wconf 88' lang='lat' dir='ltr'><strong>verbi</strong></span> 
     </span>
    </p>
   </div>
   <div class='ocr_carea' id='block_1_41' title="bbox 2134 1353 3695 1452">
    <p class='ocr_par' dir='ltr' id='par_1_41' title="bbox 2134 1353 3695 1452">
     <span class='ocr_line' id='line_1_41' title="bbox 2134 1353 3695 1452; baseline -0.019 -16"><span class='ocrx_word' id='word_1_305' title='bbox 2134 1397 2299 1452; x_wconf 91' lang='lat' dir='ltr'><strong>quam</strong></span> <span class='ocrx_word' id='word_1_306' title='bbox 2325 1380 2411 1434; x_wconf 91' lang='lat' dir='ltr'><strong>hic</strong></span> <span class='ocrx_word' id='word_1_307' title='bbox 2443 1373 2728 1446; x_wconf 75' lang='lat' dir='ltr'><strong>Apostolus</strong></span> <span class='ocrx_word' id='word_1_308' title='bbox 2753 1371 2900 1426; x_wconf 82' lang='lat' dir='ltr'><strong>olera</strong></span> <span class='ocrx_word' id='word_1_309' title='bbox 2930 1366 3246 1439; x_wconf 84' lang='lat' dir='ltr'><strong>appellavit,</strong></span> <span class='ocrx_word' id='word_1_310' title='bbox 3279 1375 3407 1432; x_wconf 66' lang='lat' dir='ltr'><strong>quae</strong></span> <span class='ocrx_word' id='word_1_311' title='bbox 3438 1353 3695 1412; x_wconf 87' lang='lat' dir='ltr'><strong>audientis</strong></span> 
     </span>
    </p>
   </div>
   <div class='ocr_carea' id='block_1_42' title="bbox 2135 1451 3697 1526">
    <p class='ocr_par' dir='ltr' id='par_1_42' title="bbox 2135 1451 3697 1526">
     <span class='ocr_line' id='line_1_42' title="bbox 2135 1451 3697 1526; baseline -0.019 -1"><span class='ocrx_word' id='word_1_312' title='bbox 2135 1451 2360 1526; x_wconf 82' lang='lat' dir='ltr'><strong>sensum</strong></span> <span class='ocrx_word' id='word_1_313' title='bbox 2385 1481 2492 1522; x_wconf 89' lang='lat' dir='ltr'><strong>non</strong></span> <span class='ocrx_word' id='word_1_314' title='bbox 2521 1474 2632 1519; x_wconf 91' lang='lat' dir='ltr'><strong>tam</strong></span> <span class='ocrx_word' id='word_1_315' title='bbox 2669 1462 2948 1517; x_wconf 89' lang='lat' dir='ltr'><strong>robustum</strong></span> <span class='ocrx_word' id='word_1_316' title='bbox 2977 1457 3170 1512; x_wconf 86' lang='lat' dir='ltr'><strong>reddat</strong></span> <span class='ocrx_word' id='word_1_317' title='bbox 3193 1463 3250 1509; x_wconf 90' lang='lat' dir='ltr'><strong>et</strong></span> <span class='ocrx_word' id='word_1_318' title='bbox 3286 1451 3514 1511; x_wconf 78' lang='lat' dir='ltr'><strong>fortem,</strong></span> <span class='ocrx_word' id='word_1_319' title='bbox 3549 1457 3697 1513; x_wconf 85' lang='lat' dir='ltr'><strong>quam</strong></span> 
     </span>
    </p>
   </div>
   <div class='ocr_carea' id='block_1_43' title="bbox 2134 1533 3700 1630">
    <p class='ocr_par' dir='ltr' id='par_1_43' title="bbox 2134 1533 3700 1630">
     <span class='ocr_line' id='line_1_43' title="bbox 2134 1533 3700 1630; baseline -0.02 -14"><span class='ocrx_word' id='word_1_320' title='bbox 2134 1557 2304 1630; x_wconf 76' lang='lat'><strong>660</strong></span> <span class='ocrx_word' id='word_1_321' title='bbox 2341 1561 2611 1612; x_wconf 89' lang='lat' dir='ltr'><strong>sustentet</strong></span> <span class='ocrx_word' id='word_1_322' title='bbox 2640 1562 2697 1612; x_wconf 88' lang='lat' dir='ltr'><strong>et</strong></span> <span class='ocrx_word' id='word_1_323' title='bbox 2730 1549 2957 1604; x_wconf 90' lang='lat' dir='ltr'><strong>interire</strong></span> <span class='ocrx_word' id='word_1_324' title='bbox 2987 1561 3094 1601; x_wconf 89' lang='lat' dir='ltr'><strong>non</strong></span> <span class='ocrx_word' id='word_1_325' title='bbox 3124 1543 3292 1599; x_wconf 89' lang='lat' dir='ltr'><strong>faciat</strong></span> <span class='ocrx_word' id='word_1_326' title='bbox 3319 1538 3464 1612; x_wconf 85' lang='lat'><strong>(57).</strong></span> <span class='ocrx_word' id='word_1_327' title='bbox 3494 1535 3551 1590; x_wconf 88' lang='lat' dir='ltr'><strong>lu</strong></span> <span class='ocrx_word' id='word_1_328' title='bbox 3575 1533 3700 1588; x_wconf 85' lang='lat' dir='ltr'><strong>mul-</strong></span> 
     </span>
    </p>
   </div>
   <div class='ocr_carea' id='block_1_44' title="bbox 2139 1630 3699 1708">
    <p class='ocr_par' dir='ltr' id='par_1_44' title="bbox 2139 1630 3699 1708">
     <span class='ocr_line' id='line_1_44' title="bbox 2139 1630 3699 1708; baseline -0.016 -1"><span class='ocrx_word' id='word_1_329' title='bbox 2139 1653 2209 1708; x_wconf 90' lang='lat' dir='ltr'><strong>tis</strong></span> <span class='ocrx_word' id='word_1_330' title='bbox 2243 1648 2441 1706; x_wconf 89' lang='lat' dir='ltr'><strong>etenim</strong></span> <span class='ocrx_word' id='word_1_331' title='bbox 2472 1647 2538 1702; x_wconf 92' lang='lat' dir='ltr'><strong>de</strong></span> <span class='ocrx_word' id='word_1_332' title='bbox 2555 1643 2910 1700; x_wconf 90' lang='lat' dir='ltr'><strong>interioribus</strong></span> <span class='ocrx_word' id='word_1_333' title='bbox 2934 1639 3129 1694; x_wconf 69' lang='lat' dir='ltr'><strong>animai</strong></span> <span class='ocrx_word' id='word_1_334' title='bbox 3156 1635 3413 1691; x_wconf 87' lang='lat' dir='ltr'><strong>sensibus</strong></span> <span class='ocrx_word' id='word_1_335' title='bbox 3431 1630 3699 1699; x_wconf 81' lang='lat' dir='ltr'><strong>Scriptura</strong></span> 
     </span>
    </p>
   </div>
   <div class='ocr_carea' id='block_1_45' title="bbox 2139 1725 3700 1810">
    <p class='ocr_par' dir='ltr' id='par_1_45' title="bbox 2139 1725 3700 1810">
     <span class='ocr_line' id='line_1_45' title="bbox 2139 1725 3700 1810; baseline -0.016 -11"><span class='ocrx_word' id='word_1_336' title='bbox 2139 1742 2320 1799; x_wconf 88' lang='lat' dir='ltr'><strong>divina</strong></span> <span class='ocrx_word' id='word_1_337' title='bbox 2347 1739 2499 1810; x_wconf 90' lang='lat' dir='ltr'><strong>quasi</strong></span> <span class='ocrx_word' id='word_1_338' title='bbox 2529 1737 2600 1793; x_wconf 76' lang='lat' dir='ltr'><strong>de</strong></span> <span class='ocrx_word' id='word_1_339' title='bbox 2614 1733 2979 1791; x_wconf 81' lang='lat' dir='ltr'><strong>exterioribus</strong></span> <span class='ocrx_word' id='word_1_340' title='bbox 3006 1729 3252 1798; x_wconf 89' lang='lat' dir='ltr'><strong>corporis</strong></span> <span class='ocrx_word' id='word_1_341' title='bbox 3273 1725 3526 1797; x_wconf 90' lang='lat' dir='ltr'><strong>loquitur</strong></span> <span class='ocrx_word' id='word_1_342' title='bbox 3546 1735 3700 1776; x_wconf 83' lang='lat' dir='ltr'><strong>mem-</strong></span> 
     </span>
    </p>
   </div>
   <div class='ocr_carea' id='block_1_46' title="bbox 2139 1819 3698 1901">
    <p class='ocr_par' dir='ltr' id='par_1_46' title="bbox 2139 1819 3698 1901">
     <span class='ocr_line' id='line_1_46' title="bbox 2139 1819 3698 1901; baseline -0.015 -7"><span class='ocrx_word' id='word_1_343' title='bbox 2139 1839 2288 1900; x_wconf 88' lang='lat' dir='ltr'><strong>bris;</strong></span> <span class='ocrx_word' id='word_1_344' title='bbox 2323 1845 2379 1890; x_wconf 93' lang='lat' dir='ltr'><strong>et</strong></span> <span class='ocrx_word' id='word_1_345' title='bbox 2407 1835 2547 1890; x_wconf 90' lang='lat' dir='ltr'><strong>sicut</strong></span> <span class='ocrx_word' id='word_1_346' title='bbox 2587 1845 2728 1901; x_wconf 67' lang='lat' dir='ltr'><strong>saepe</strong></span> <span class='ocrx_word' id='word_1_347' title='bbox 2756 1827 3041 1884; x_wconf 90' lang='lat' dir='ltr'><strong>docuimus</strong></span> <span class='ocrx_word' id='word_1_348' title='bbox 3072 1824 3389 1880; x_wconf 88' lang='lat' dir='ltr'><strong>interiorem</strong></span> <span class='ocrx_word' id='word_1_349' title='bbox 3436 1819 3698 1875; x_wconf 87' lang='lat' dir='ltr'><strong>hominem</strong></span> 
     </span>
    </p>
   </div>
   <div class='ocr_carea' id='block_1_47' title="bbox 2070 1905 3702 1989">
    <p class='ocr_par' dir='ltr' id='par_1_47' title="bbox 2070 1905 3702 1989">
     <span class='ocr_line' id='line_1_47' title="bbox 2070 1905 3702 1989; baseline -0.016 -6"><span class='ocrx_word' id='word_1_350' title='bbox 2070 1919 2112 1974; x_wconf 86' lang='grc' dir='ltr'><strong><em>Β</em></strong></span> <span class='ocrx_word' id='word_1_351' title='bbox 2144 1928 2228 1984; x_wconf 87' lang='lat' dir='ltr'><strong>vel</strong></span> <span class='ocrx_word' id='word_1_352' title='bbox 2252 1926 2439 1981; x_wconf 90' lang='lat' dir='ltr'><strong>videre</strong></span> <span class='ocrx_word' id='word_1_353' title='bbox 2465 1963 2482 1989; x_wconf 94' lang='lat'><strong>,</strong></span> <span class='ocrx_word' id='word_1_354' title='bbox 2510 1922 2594 1976; x_wconf 88' lang='lat' dir='ltr'><strong>vel</strong></span> <span class='ocrx_word' id='word_1_355' title='bbox 2626 1919 2815 1974; x_wconf 90' lang='lat' dir='ltr'><strong>audire</strong></span> <span class='ocrx_word' id='word_1_356' title='bbox 2838 1957 2855 1982; x_wconf 95' lang='lat'><strong>,</strong></span> <span class='ocrx_word' id='word_1_357' title='bbox 2879 1915 2964 1971; x_wconf 88' lang='lat' dir='ltr'><strong>vel</strong></span> <span class='ocrx_word' id='word_1_358' title='bbox 3004 1911 3288 1969; x_wconf 90' lang='lat' dir='ltr'><strong>ambulare</strong></span> <span class='ocrx_word' id='word_1_359' title='bbox 3315 1907 3609 1972; x_wconf 88' lang='lat' dir='ltr'><strong>nominari,</strong></span> <span class='ocrx_word' id='word_1_360' title='bbox 3636 1905 3702 1958; x_wconf 83' lang='lat' dir='ltr'><strong>its</strong></span> 
     </span>
    </p>
   </div>
   <div class='ocr_carea' id='block_1_48' title="bbox 2141 1996 3702 2082">
    <p class='ocr_par' dir='ltr' id='par_1_48' title="bbox 2141 1996 3702 2082">
     <span class='ocr_line' id='line_1_48' title="bbox 2141 1996 3702 2082; baseline -0.015 -10"><span class='ocrx_word' id='word_1_361' title='bbox 2141 2027 2196 2073; x_wconf 90' lang='lat' dir='ltr'><strong>et</strong></span> <span class='ocrx_word' id='word_1_362' title='bbox 2229 2030 2374 2071; x_wconf 90' lang='lat' dir='ltr'><strong>nunc</strong></span> <span class='ocrx_word' id='word_1_363' title='bbox 2407 2016 2525 2082; x_wconf 90' lang='lat' dir='ltr'><strong>ipse</strong></span> <span class='ocrx_word' id='word_1_364' title='bbox 2571 2009 2801 2066; x_wconf 90' lang='lat' dir='ltr'><strong>interior</strong></span> <span class='ocrx_word' id='word_1_365' title='bbox 2846 2009 3009 2063; x_wconf 91' lang='lat' dir='ltr'><strong>homo</strong></span> <span class='ocrx_word' id='word_1_366' title='bbox 3041 2013 3135 2059; x_wconf 91' lang='lat' dir='ltr'><strong>aut</strong></span> <span class='ocrx_word' id='word_1_367' title='bbox 3161 2016 3384 2059; x_wconf 91' lang='lat' dir='ltr'><strong>omnem</strong></span> <span class='ocrx_word' id='word_1_368' title='bbox 3419 1999 3601 2054; x_wconf 88' lang='lat' dir='ltr'><strong>cibum</strong></span> <span class='ocrx_word' id='word_1_369' title='bbox 3630 1996 3702 2050; x_wconf 86' lang='lat' dir='ltr'><strong>di-</strong></span> 
     </span>
    </p>
   </div>
   <div class='ocr_carea' id='block_1_49' title="bbox 2143 2088 3702 2175">
    <p class='ocr_par' dir='ltr' id='par_1_49' title="bbox 2143 2088 3702 2175">
     <span class='ocr_line' id='line_1_49' title="bbox 2143 2088 3702 2175; baseline -0.015 -11"><span class='ocrx_word' id='word_1_370' title='bbox 2143 2110 2285 2166; x_wconf 91' lang='lat' dir='ltr'><strong>citur</strong></span> <span class='ocrx_word' id='word_1_371' title='bbox 2311 2119 2470 2175; x_wconf 89' lang='lat' dir='ltr'><strong>posse</strong></span> <span class='ocrx_word' id='word_1_372' title='bbox 2496 2103 2772 2174; x_wconf 85' lang='lat' dir='ltr'><strong>percipere</strong></span> <span class='ocrx_word' id='word_1_373' title='bbox 2809 2099 2854 2154; x_wconf 88' lang='lat' dir='ltr'><strong>si</strong></span> <span class='ocrx_word' id='word_1_374' title='bbox 2891 2096 3167 2168; x_wconf 84' lang='lat' dir='ltr'><strong>perlectus</strong></span> <span class='ocrx_word' id='word_1_375' title='bbox 3193 2103 3307 2158; x_wconf 90' lang='lat' dir='ltr'><strong>est,</strong></span> <span class='ocrx_word' id='word_1_376' title='bbox 3339 2099 3437 2146; x_wconf 87' lang='lat' dir='ltr'><strong>aut</strong></span> <span class='ocrx_word' id='word_1_377' title='bbox 3477 2092 3524 2146; x_wconf 85' lang='lat' dir='ltr'><strong>si</strong></span> <span class='ocrx_word' id='word_1_378' title='bbox 3565 2088 3702 2142; x_wconf 88' lang='lat' dir='ltr'><strong>inﬁr-</strong></span> 
     </span>
    </p>
   </div>
   <div class='ocr_carea' id='block_1_50' title="bbox 2142 2180 3700 2256">
    <p class='ocr_par' dir='ltr' id='par_1_50' title="bbox 2142 2180 3700 2256">
     <span class='ocr_line' id='line_1_50' title="bbox 2142 2180 3700 2256; baseline -0.015 0"><span class='ocrx_word' id='word_1_379' title='bbox 2142 2215 2264 2256; x_wconf 92' lang='lat' dir='ltr'><strong>mus</strong></span> <span class='ocrx_word' id='word_1_380' title='bbox 2293 2207 2376 2254; x_wconf 89' lang='lat' dir='ltr'><strong>est</strong></span> <span class='ocrx_word' id='word_1_381' title='bbox 2404 2197 2552 2252; x_wconf 87' lang='lat' dir='ltr'><strong>olera</strong></span> <span class='ocrx_word' id='word_1_382' title='bbox 2601 2191 2956 2248; x_wconf 84' lang='lat' dir='ltr'><strong>manducare.</strong></span> <span class='ocrx_word' id='word_1_383' title='bbox 2988 2188 3097 2244; x_wconf 90' lang='lat' dir='ltr'><strong>Sed</strong></span> <span class='ocrx_word' id='word_1_384' title='bbox 3149 2195 3212 2241; x_wconf 90' lang='lat' dir='ltr'><strong>ut</strong></span> <span class='ocrx_word' id='word_1_385' title='bbox 3253 2182 3624 2255; x_wconf 85' lang='lat' dir='ltr'><strong>perfecturum</strong></span> <span class='ocrx_word' id='word_1_386' title='bbox 3653 2180 3700 2234; x_wconf 86' lang='lat' dir='ltr'><strong>in</strong></span> 
     </span>
    </p>
   </div>
   <div class='ocr_carea' id='block_1_51' title="bbox 2142 2272 3706 2348">
    <p class='ocr_par' dir='ltr' id='par_1_51' title="bbox 2142 2272 3706 2348">
     <span class='ocr_line' id='line_1_51' title="bbox 2142 2272 3706 2348; baseline -0.016 0"><span class='ocrx_word' id='word_1_387' title='bbox 2142 2289 2386 2348; x_wconf 87' lang='lat' dir='ltr'><strong>Ecclesia</strong></span> <span class='ocrx_word' id='word_1_388' title='bbox 2432 2284 2781 2342; x_wconf 89' lang='lat' dir='ltr'><strong>concordiam</strong></span> <span class='ocrx_word' id='word_1_389' title='bbox 2825 2289 2881 2336; x_wconf 92' lang='lat' dir='ltr'><strong>et</strong></span> <span class='ocrx_word' id='word_1_390' title='bbox 2920 2277 3365 2348; x_wconf 86' lang='lat' dir='ltr'><strong>imperfectorum</strong></span> <span class='ocrx_word' id='word_1_391' title='bbox 3411 2272 3567 2343; x_wconf 86' lang='lat'><strong>(58),</strong></span> <span class='ocrx_word' id='word_1_392' title='bbox 3598 2280 3706 2324; x_wconf 85' lang='lat' dir='ltr'><strong>tan-</strong></span> 
     </span>
    </p>
   </div>
   <div class='ocr_carea' id='block_1_52' title="bbox 2143 2365 3704 2454">
    <p class='ocr_par' dir='ltr' id='par_1_52' title="bbox 2143 2365 3704 2454">
     <span class='ocr_line' id='line_1_52' title="bbox 2143 2365 3704 2454; baseline -0.016 -14"><span class='ocrx_word' id='word_1_393' title='bbox 2143 2398 2306 2454; x_wconf 88' lang='lat' dir='ltr'><strong>quam</strong></span> <span class='ocrx_word' id='word_1_394' title='bbox 2337 2382 2746 2437; x_wconf 88' lang='lat' dir='ltr'><strong>inhonestorum</strong></span> <span class='ocrx_word' id='word_1_395' title='bbox 2773 2375 2830 2428; x_wconf 93' lang='lat' dir='ltr'><strong>in</strong></span> <span class='ocrx_word' id='word_1_396' title='bbox 2864 2383 3095 2439; x_wconf 85' lang='lat' dir='ltr'><strong>corpore</strong></span> <span class='ocrx_word' id='word_1_397' title='bbox 3146 2367 3520 2423; x_wconf 89' lang='lat' dir='ltr'><strong>membrorum</strong></span> <span class='ocrx_word' id='word_1_398' title='bbox 3553 2365 3704 2418; x_wconf 87' lang='lat' dir='ltr'><strong>hone-</strong></span> 
     </span>
    </p>
   </div>
   <div class='ocr_carea' id='block_1_53' title="bbox 2143 2454 3705 2544">
    <p class='ocr_par' dir='ltr' id='par_1_53' title="bbox 2143 2454 3705 2544">
     <span class='ocr_line' id='line_1_53' title="bbox 2143 2454 3705 2544; baseline -0.017 -11"><span class='ocrx_word' id='word_1_399' title='bbox 2143 2485 2463 2544; x_wconf 89' lang='lat' dir='ltr'><strong>storumque</strong></span> <span class='ocrx_word' id='word_1_400' title='bbox 2494 2473 2806 2540; x_wconf 85' lang='lat' dir='ltr'><strong>componat,</strong></span> <span class='ocrx_word' id='word_1_401' title='bbox 2835 2477 2938 2520; x_wconf 90' lang='lat' dir='ltr'><strong>nec</strong></span> <span class='ocrx_word' id='word_1_402' title='bbox 2960 2461 3230 2517; x_wconf 90' lang='lat' dir='ltr'><strong>habeatur</strong></span> <span class='ocrx_word' id='word_1_403' title='bbox 3267 2461 3327 2513; x_wconf 92' lang='lat' dir='ltr'><strong>in</strong></span> <span class='ocrx_word' id='word_1_404' title='bbox 3361 2457 3446 2511; x_wconf 89' lang='lat' dir='ltr'><strong>eis</strong></span> <span class='ocrx_word' id='word_1_405' title='bbox 3473 2455 3580 2509; x_wconf 90' lang='lat' dir='ltr'><strong>ulla</strong></span> <span class='ocrx_word' id='word_1_406' title='bbox 3603 2454 3705 2508; x_wconf 89' lang='lat' dir='ltr'><strong>dis-</strong></span> 
     </span>
    </p>
   </div>
   <div class='ocr_carea' id='block_1_54' title="bbox 2142 2549 3707 2630">
    <p class='ocr_par' dir='ltr' id='par_1_54' title="bbox 2142 2549 3707 2630">
     <span class='ocr_line' id='line_1_54' title="bbox 2142 2549 3707 2630; baseline -0.018 -4"><span class='ocrx_word' id='word_1_407' title='bbox 2142 2567 2348 2630; x_wconf 85' lang='lat' dir='ltr'><strong>sensio,</strong></span> <span class='ocrx_word' id='word_1_408' title='bbox 2377 2562 2512 2619; x_wconf 84' lang='lat' dir='ltr'><strong>dicit</strong></span> <span class='ocrx_word' id='word_1_409' title='bbox 2534 2560 2579 2593; x_wconf 82' lang='grc'><strong>⁶³</strong></span> <span class='ocrx_word' id='word_1_410' title='bbox 2609 2577 2626 2616; x_wconf 90' lang='lat'><strong>:</strong></span> <span class='ocrx_word' id='word_1_411' title='bbox 2661 2558 2766 2622; x_wconf 87' lang='lat' dir='ltr'><strong>Qui</strong></span> <span class='ocrx_word' id='word_1_412' title='bbox 2799 2555 3087 2610; x_wconf 87' lang='lat' dir='ltr'><strong>manducat</strong></span> <span class='ocrx_word' id='word_1_413' title='bbox 3107 2592 3126 2619; x_wconf 93' lang='lat'><strong>,</strong></span> <span class='ocrx_word' id='word_1_414' title='bbox 3165 2567 3270 2606; x_wconf 90' lang='lat' dir='ltr'><strong>non</strong></span> <span class='ocrx_word' id='word_1_415' title='bbox 3307 2549 3707 2604; x_wconf 78' lang='lat' dir='ltr'><strong>manducantem</strong></span> 
     </span>
    </p>
   </div>
   <div class='ocr_carea' id='block_1_55' title="bbox 2145 2640 3708 2726">
    <p class='ocr_par' dir='ltr' id='par_1_55' title="bbox 2145 2640 3708 2726">
     <span class='ocr_line' id='line_1_55' title="bbox 2145 2640 3708 2726; baseline -0.015 -13"><span class='ocrx_word' id='word_1_416' title='bbox 2145 2675 2251 2713; x_wconf 88' lang='lat' dir='ltr'><strong>non</strong></span> <span class='ocrx_word' id='word_1_417' title='bbox 2283 2662 2491 2726; x_wconf 82' lang='lat' dir='ltr'><strong>spernat</strong></span> <span class='ocrx_word' id='word_1_418' title='bbox 2526 2667 2546 2707; x_wconf 89' lang='lat'><strong><em>:</em></strong></span> <span class='ocrx_word' id='word_1_419' title='bbox 2584 2661 2632 2705; x_wconf 88' lang='lat' dir='ltr'><strong>et</strong></span> <span class='ocrx_word' id='word_1_420' title='bbox 2670 2649 2759 2719; x_wconf 89' lang='lat' dir='ltr'><strong>qui</strong></span> <span class='ocrx_word' id='word_1_421' title='bbox 2796 2663 2900 2701; x_wconf 87' lang='lat' dir='ltr'><strong>non</strong></span> <span class='ocrx_word' id='word_1_422' title='bbox 2943 2645 3232 2699; x_wconf 88' lang='lat' dir='ltr'><strong>manducat</strong></span> <span class='ocrx_word' id='word_1_423' title='bbox 3254 2678 3275 2707; x_wconf 88' lang='lat'><strong>,</strong></span> <span class='ocrx_word' id='word_1_424' title='bbox 3310 2640 3708 2695; x_wconf 74' lang='lat' dir='ltr'><strong>manducantem</strong></span> 
     </span>
    </p>
   </div>
   <div class='ocr_carea' id='block_1_56' title="bbox 2145 2729 3712 2816">
    <p class='ocr_par' dir='ltr' id='par_1_56' title="bbox 2145 2729 3712 2816">
     <span class='ocr_line' id='line_1_56' title="bbox 2145 2729 3712 2816; baseline -0.015 -13"><span class='ocrx_word' id='word_1_425' title='bbox 2145 2765 2247 2804; x_wconf 91' lang='lat' dir='ltr'><strong>non</strong></span> <span class='ocrx_word' id='word_1_426' title='bbox 2281 2747 2509 2816; x_wconf 86' lang='lat' dir='ltr'><strong>judicet.</strong></span> <span class='ocrx_word' id='word_1_427' title='bbox 2550 2741 2663 2796; x_wconf 86' lang='lat' dir='ltr'><strong>lloc</strong></span> <span class='ocrx_word' id='word_1_428' title='bbox 2689 2749 2774 2794; x_wconf 90' lang='lat' dir='ltr'><strong>est</strong></span> <span class='ocrx_word' id='word_1_429' title='bbox 2804 2737 2946 2808; x_wconf 89' lang='lat' dir='ltr'><strong>quod</strong></span> <span class='ocrx_word' id='word_1_430' title='bbox 2974 2745 3028 2789; x_wconf 89' lang='lat' dir='ltr'><strong>et</strong></span> <span class='ocrx_word' id='word_1_431' title='bbox 3070 2733 3200 2788; x_wconf 86' lang='lat' dir='ltr'><strong>alibi</strong></span> <span class='ocrx_word' id='word_1_432' title='bbox 3241 2731 3378 2786; x_wconf 91' lang='lat' dir='ltr'><strong>dicit</strong></span> <span class='ocrx_word' id='word_1_433' title='bbox 3408 2748 3423 2784; x_wconf 91' lang='lat'><strong>:</strong></span> <span class='ocrx_word' id='word_1_434' title='bbox 3456 2729 3591 2796; x_wconf 85' lang='lat' dir='ltr'><strong>Quia</strong></span> <span class='ocrx_word' id='word_1_435' title='bbox 3617 2743 3712 2781; x_wconf 79' lang='lat' dir='ltr'><strong>non</strong></span> 
     </span>
    </p>
   </div>
   <div class='ocr_carea' id='block_1_57' title="bbox 2145 2818 3711 2908">
    <p class='ocr_par' dir='ltr' id='par_1_57' title="bbox 2145 2818 3711 2908">
     <span class='ocr_line' id='line_1_57' title="bbox 2145 2818 3711 2908; baseline -0.015 -15"><span class='ocrx_word' id='word_1_436' title='bbox 2145 2846 2306 2908; x_wconf 87' lang='lat' dir='ltr'><strong>potest</strong></span> <span class='ocrx_word' id='word_1_437' title='bbox 2329 2837 2503 2890; x_wconf 87' lang='lat' dir='ltr'><strong>dicere</strong></span> <span class='ocrx_word' id='word_1_438' title='bbox 2533 2829 2714 2886; x_wconf 84' lang='lat' dir='ltr'><strong>oculus</strong></span> <span class='ocrx_word' id='word_1_439' title='bbox 2746 2830 2929 2883; x_wconf 87' lang='lat' dir='ltr'><strong>manui</strong></span> <span class='ocrx_word' id='word_1_440' title='bbox 2948 2845 2967 2880; x_wconf 77' lang='lat'><strong>.°</strong></span> <span class='ocrx_word' id='word_1_441' title='bbox 2987 2825 3113 2879; x_wconf 85' lang='lat' dir='ltr'><strong>Non</strong></span> <span class='ocrx_word' id='word_1_442' title='bbox 3141 2840 3196 2877; x_wconf 88' lang='lat' dir='ltr'><strong>es</strong></span> <span class='ocrx_word' id='word_1_443' title='bbox 3226 2824 3360 2876; x_wconf 90' lang='lat' dir='ltr'><strong>mihi</strong></span> <span class='ocrx_word' id='word_1_444' title='bbox 3388 2818 3711 2883; x_wconf 81' lang='lat' dir='ltr'><strong>necessaria;</strong></span> 
     </span>
    </p>
   </div>
   <div class='ocr_carea' id='block_1_58' title="bbox 2145 2907 3712 2996">
    <p class='ocr_par' dir='ltr' id='par_1_58' title="bbox 2145 2907 3712 2996">
     <span class='ocr_line' id='line_1_58' title="bbox 2145 2907 3712 2996; baseline -0.014 -12"><span class='ocrx_word' id='word_1_445' title='bbox 2145 2907 2192 2984; x_wconf 87' lang='lat' dir='ltr'><strong>et</strong></span> <span class='ocrx_word' id='word_1_446' title='bbox 2215 2936 2372 2996; x_wconf 86' lang='lat' dir='ltr'><strong>caput</strong></span> <span class='ocrx_word' id='word_1_447' title='bbox 2392 2923 2608 2996; x_wconf 81' lang='lat' dir='ltr'><strong>pedibus</strong></span> <span class='ocrx_word' id='word_1_448' title='bbox 2639 2934 2658 2974; x_wconf 89' lang='lat'><strong><em>:</em></strong></span> <span class='ocrx_word' id='word_1_449' title='bbox 2689 2920 2814 2974; x_wconf 86' lang='lat' dir='ltr'><strong>Non</strong></span> <span class='ocrx_word' id='word_1_450' title='bbox 2845 2918 3084 2972; x_wconf 88' lang='lat' dir='ltr'><strong>desidero</strong></span> <span class='ocrx_word' id='word_1_451' title='bbox 3111 2930 3328 2984; x_wconf 85' lang='lat' dir='ltr'><strong>operam</strong></span> <span class='ocrx_word' id='word_1_452' title='bbox 3353 2922 3600 2968; x_wconf 76' lang='lat' dir='ltr'><strong>vestram.</strong></span> <span class='ocrx_word' id='word_1_453' title='bbox 3617 2907 3712 2965; x_wconf 83' lang='lat' dir='ltr'><strong>Sed</strong></span> 
     </span>
    </p>
   </div>
   <div class='ocr_carea' id='block_1_59' title="bbox 2146 3003 3714 3088">
    <p class='ocr_par' dir='ltr' id='par_1_59' title="bbox 2146 3003 3714 3088">
     <span class='ocr_line' id='line_1_59' title="bbox 2146 3003 3714 3088; baseline -0.013 -14"><span class='ocrx_word' id='word_1_454' title='bbox 2146 3020 2312 3074; x_wconf 87' lang='lat' dir='ltr'><strong>multo</strong></span> <span class='ocrx_word' id='word_1_455' title='bbox 2339 3019 2508 3088; x_wconf 81' lang='lat' dir='ltr'><strong>magis</strong></span> <span class='ocrx_word' id='word_1_456' title='bbox 2533 3030 2649 3083; x_wconf 79' lang='lat' dir='ltr'><strong>qua:</strong></span> <span class='ocrx_word' id='word_1_457' title='bbox 2683 3013 2922 3066; x_wconf 81' lang='lat' dir='ltr'><strong>uidentur</strong></span> <span class='ocrx_word' id='word_1_458' title='bbox 2955 3008 3189 3064; x_wconf 87' lang='lat' dir='ltr'><strong>membra</strong></span> <span class='ocrx_word' id='word_1_459' title='bbox 3227 3005 3470 3075; x_wconf 76' lang='lat' dir='ltr'><strong>corporis</strong></span> <span class='ocrx_word' id='word_1_460' title='bbox 3504 3003 3714 3057; x_wconf 82' lang='lat' dir='ltr'><strong>inhone-</strong></span> 
     </span>
    </p>
   </div>
   <div class='ocr_carea' id='block_1_60' title="bbox 2147 3097 3714 3173">
    <p class='ocr_par' dir='ltr' id='par_1_60' title="bbox 2147 3097 3714 3173">
     <span class='ocr_line' id='line_1_60' title="bbox 2147 3097 3714 3173; baseline -0.014 -8"><span class='ocrx_word' id='word_1_461' title='bbox 2147 3113 2311 3165; x_wconf 91' lang='lat' dir='ltr'><strong>stiora</strong></span> <span class='ocrx_word' id='word_1_462' title='bbox 2344 3123 2478 3173; x_wconf 89' lang='lat' dir='ltr'><strong>esse,</strong></span> <span class='ocrx_word' id='word_1_463' title='bbox 2512 3104 2804 3159; x_wconf 86' lang='lat' dir='ltr'><strong>necessaria</strong></span> <span class='ocrx_word' id='word_1_464' title='bbox 2840 3109 2962 3154; x_wconf 91' lang='lat' dir='ltr'><strong>sunt</strong></span> <span class='ocrx_word' id='word_1_465' title='bbox 3002 3098 3071 3153; x_wconf 75' lang='lat'><strong>&quot;‘.</strong></span> <span class='ocrx_word' id='word_1_466' title='bbox 3098 3099 3166 3154; x_wconf 85' lang='lat' dir='ltr'><strong>Et</strong></span> <span class='ocrx_word' id='word_1_467' title='bbox 3201 3097 3292 3152; x_wconf 90' lang='lat' dir='ltr'><strong>his</strong></span> <span class='ocrx_word' id='word_1_468' title='bbox 3330 3109 3465 3166; x_wconf 85' lang='lat' dir='ltr'><strong>ergo</strong></span> <span class='ocrx_word' id='word_1_469' title='bbox 3493 3105 3714 3163; x_wconf 86' lang='lat' dir='ltr'><strong>quorum</strong></span> 
     </span>
    </p>
   </div>
   <div class='ocr_carea' id='block_1_61' title="bbox 481 3180 3716 3263">
    <p class='ocr_par' dir='ltr' id='par_1_61' title="bbox 481 3180 3716 3263">
     <span class='ocr_line' id='line_1_61' title="bbox 481 3180 3716 3263; baseline -0.018 -2"><span class='ocrx_word' id='word_1_470' title='bbox 481 3206 548 3263; x_wconf 84' lang='lat' dir='ltr'><strong>Et</strong></span> <span class='ocrx_word' id='word_1_471' title='bbox 570 3207 765 3259; x_wconf 86' lang='lat' dir='ltr'><strong>iterum</strong></span> <span class='ocrx_word' id='word_1_472' title='bbox 798 3199 867 3252; x_wconf 91' lang='lat' dir='ltr'><strong>ad</strong></span> <span class='ocrx_word' id='word_1_473' title='bbox 901 3197 1036 3250; x_wconf 90' lang='lat' dir='ltr'><strong>alios</strong></span> <span class='ocrx_word' id='word_1_474' title='bbox 1066 3193 1198 3247; x_wconf 91' lang='lat' dir='ltr'><strong>dicit</strong></span> <span class='ocrx_word' id='word_1_475' title='bbox 1223 3204 1238 3242; x_wconf 91' lang='lat'><strong>:</strong></span> <span class='ocrx_word' id='word_1_476' title='bbox 1265 3189 1370 3242; x_wconf 87' lang='lat' dir='ltr'><strong>Lac</strong></span> <span class='ocrx_word' id='word_1_477' title='bbox 1393 3186 1537 3244; x_wconf 83' lang='lat' dir='ltr'><strong>vobis</strong></span> <span class='ocrx_word' id='word_1_478' title='bbox 1562 3195 1743 3254; x_wconf 89' lang='lat' dir='ltr'><strong>potum</strong></span> <span class='ocrx_word' id='word_1_479' title='bbox 1769 3180 1918 3245; x_wconf 85' lang='lat' dir='ltr'><strong>dedi,</strong></span> <span class='ocrx_word' id='word_1_480' title='bbox 1941 3195 2046 3232; x_wconf 91' lang='lat' dir='ltr'><strong>non</strong></span> <span class='ocrx_word' id='word_1_481' title='bbox 2079 3249 2116 3263; x_wconf 48' lang='grc' dir='ltr'><strong>Α</strong></span> <span class='ocrx_word' id='word_1_482' title='bbox 2150 3202 2284 3258; x_wconf 68' lang='lat' dir='ltr'><strong>ﬁdes</strong></span> <span class='ocrx_word' id='word_1_483' title='bbox 2305 3209 2458 3256; x_wconf 47' lang='lat' dir='ltr'><strong>tanta</strong></span> <span class='ocrx_word' id='word_1_484' title='bbox 2483 3205 2566 3251; x_wconf 50' lang='lat' dir='ltr'><strong>est</strong></span> <span class='ocrx_word' id='word_1_485' title='bbox 2593 3204 2651 3250; x_wconf 51' lang='lat' dir='ltr'><strong>ut</strong></span> <span class='ocrx_word' id='word_1_486' title='bbox 2687 3195 2870 3250; x_wconf 65' lang='lat' dir='ltr'><strong>omnia</strong></span> <span class='ocrx_word' id='word_1_487' title='bbox 2902 3191 3111 3262; x_wconf 68' lang='lat' dir='ltr'><strong>possim</strong></span> <span class='ocrx_word' id='word_1_488' title='bbox 3134 3188 3496 3252; x_wconf 57' lang='lat' dir='ltr'><strong>manducare,</strong></span> <span class='ocrx_word' id='word_1_489' title='bbox 3533 3194 3585 3240; x_wconf 61' lang='lat' dir='ltr'><strong>el</strong></span> <span class='ocrx_word' id='word_1_490' title='bbox 3609 3197 3716 3237; x_wconf 57' lang='grc' dir='ltr'><strong>οω-</strong></span> 
     </span>
    </p>
   </div>
   <div class='ocr_carea' id='block_1_62' title="bbox 480 3249 2119 3352">
    <p class='ocr_par' dir='ltr' id='par_1_62' title="bbox 480 3249 2119 3352">
     <span class='ocr_line' id='line_1_62' title="bbox 480 3249 2119 3352; baseline -0.018 -3"><span class='ocrx_word' id='word_1_491' title='bbox 480 3313 652 3352; x_wconf 86' lang='lat' dir='ltr'><strong>escam</strong></span> <span class='ocrx_word' id='word_1_492' title='bbox 692 3309 709 3344; x_wconf 90' lang='lat'><strong><em>:</em></strong></span> <span class='ocrx_word' id='word_1_493' title='bbox 743 3290 977 3346; x_wconf 88' lang='lat' dir='ltr'><strong>nondum</strong></span> <span class='ocrx_word' id='word_1_494' title='bbox 1013 3285 1154 3340; x_wconf 85' lang='lat' dir='ltr'><strong>enim</strong></span> <span class='ocrx_word' id='word_1_495' title='bbox 1199 3280 1452 3350; x_wconf 84' lang='lat' dir='ltr'><strong>poteratis</strong></span> <span class='ocrx_word' id='word_1_496' title='bbox 1487 3249 1653 3331; x_wconf 38' lang='lat' dir='ltr'><strong>‘°.&#39;Et</strong></span> <span class='ocrx_word' id='word_1_497' title='bbox 1693 3270 1938 3341; x_wconf 87' lang='lat' dir='ltr'><strong>nunquid</strong></span> <span class='ocrx_word' id='word_1_498' title='bbox 1971 3271 2047 3324; x_wconf 90' lang='lat' dir='ltr'><strong>ita</strong></span> <span class='ocrx_word' id='word_1_499' title='bbox 2075 3249 2119 3308; x_wconf 70' lang='grc' dir='ltr'><strong>θ</strong></span> 
     </span>
    </p>
   </div>
   <div class='ocr_carea' id='block_1_63' title="bbox 479 3363 2049 3456">
    <p class='ocr_par' dir='ltr' id='par_1_63' title="bbox 479 3363 2049 3456">
     <span class='ocr_line' id='line_1_63' title="bbox 479 3363 2049 3456; baseline -0.017 -16"><span class='ocrx_word' id='word_1_500' title='bbox 479 3385 649 3456; x_wconf 88' lang='lat' dir='ltr'><strong>inepti</strong></span> <span class='ocrx_word' id='word_1_501' title='bbox 683 3381 888 3439; x_wconf 88' lang='lat' dir='ltr'><strong>erimus</strong></span> <span class='ocrx_word' id='word_1_502' title='bbox 916 3419 930 3443; x_wconf 92' lang='lat'><strong>,</strong></span> <span class='ocrx_word' id='word_1_503' title='bbox 977 3388 1036 3430; x_wconf 93' lang='lat' dir='ltr'><strong>ut</strong></span> <span class='ocrx_word' id='word_1_504' title='bbox 1072 3384 1322 3446; x_wconf 91' lang='lat' dir='ltr'><strong>putemus</strong></span> <span class='ocrx_word' id='word_1_505' title='bbox 1350 3368 1670 3440; x_wconf 80' lang='lat' dir='ltr'><strong>Apostolum</strong></span> <span class='ocrx_word' id='word_1_506' title='bbox 1713 3364 1804 3434; x_wconf 92' lang='lat' dir='ltr'><strong>qui</strong></span> <span class='ocrx_word' id='word_1_507' title='bbox 1851 3363 2049 3417; x_wconf 88' lang='lat' dir='ltr'><strong>missus</strong></span> 
     </span>
    </p>
   </div>
   <div class='ocr_carea' id='block_1_64' title="bbox 481 3452 2053 3545">
    <p class='ocr_par' dir='ltr' id='par_1_64' title="bbox 481 3452 2053 3545">
     <span class='ocr_line' id='line_1_64' title="bbox 481 3452 2053 3545; baseline -0.017 -13"><span class='ocrx_word' id='word_1_508' title='bbox 481 3452 896 3545; x_wconf 41' lang='lat' dir='ltr'><strong>est—pradicant</strong></span> <span class='ocrx_word' id='word_1_509' title='bbox 919 3471 1144 3524; x_wconf 86' lang='lat' dir='ltr'><strong>verbum</strong></span> <span class='ocrx_word' id='word_1_510' title='bbox 1169 3465 1288 3529; x_wconf 85' lang='lat' dir='ltr'><strong>Dei,</strong></span> <span class='ocrx_word' id='word_1_511' title='bbox 1325 3462 1408 3516; x_wconf 87' lang='lat' dir='ltr'><strong>lac</strong></span> <span class='ocrx_word' id='word_1_512' title='bbox 1433 3467 1681 3530; x_wconf 88' lang='lat' dir='ltr'><strong>portasse</strong></span> <span class='ocrx_word' id='word_1_513' title='bbox 1706 3467 1892 3511; x_wconf 88' lang='lat' dir='ltr'><strong>secum</strong></span> <span class='ocrx_word' id='word_1_514' title='bbox 1908 3452 2053 3523; x_wconf 89' lang='lat' dir='ltr'><strong>quod</strong></span> 
     </span>
    </p>
   </div>
   <div class='ocr_carea' id='block_1_65' title="bbox 481 3548 2054 3634">
    <p class='ocr_par' dir='ltr' id='par_1_65' title="bbox 481 3548 2054 3634">
     <span class='ocr_line' id='line_1_65' title="bbox 481 3548 2054 3634; baseline -0.015 -12"><span class='ocrx_word' id='word_1_515' title='bbox 481 3566 783 3625; x_wconf 87' lang='lat' dir='ltr'><strong>Corinthiis</strong></span> <span class='ocrx_word' id='word_1_516' title='bbox 828 3573 1014 3634; x_wconf 89' lang='lat' dir='ltr'><strong>potum</strong></span> <span class='ocrx_word' id='word_1_517' title='bbox 1045 3559 1200 3614; x_wconf 91' lang='lat' dir='ltr'><strong>daret</strong></span> <span class='ocrx_word' id='word_1_518' title='bbox 1239 3555 1354 3626; x_wconf 65' lang='grc'>(51)</span> <span class='ocrx_word' id='word_1_519' title='bbox 1389 3553 1412 3608; x_wconf 76' lang='lat' dir='ltr'><strong>‘t</strong></span> <span class='ocrx_word' id='word_1_520' title='bbox 1448 3551 1555 3606; x_wconf 87' lang='lat' dir='ltr'><strong>Sed</strong></span> <span class='ocrx_word' id='word_1_521' title='bbox 1584 3548 1936 3604; x_wconf 83' lang='lat' dir='ltr'><strong>manifestum</strong></span> <span class='ocrx_word' id='word_1_522' title='bbox 1967 3555 2054 3601; x_wconf 86' lang='lat' dir='ltr'><strong>est</strong></span> 
     </span>
    </p>
   </div>
   <div class='ocr_carea' id='block_1_66' title="bbox 485 3644 2053 3725">
    <p class='ocr_par' dir='ltr' id='par_1_66' title="bbox 485 3644 2053 3725">
     <span class='ocr_line' id='line_1_66' title="bbox 485 3644 2053 3725; baseline -0.018 -6"><span class='ocrx_word' id='word_1_523' title='bbox 485 3666 602 3720; x_wconf 81' lang='lat' dir='ltr'><strong>haec</strong></span> <span class='ocrx_word' id='word_1_524' title='bbox 648 3675 770 3717; x_wconf 91' lang='lat' dir='ltr'><strong>eum</strong></span> <span class='ocrx_word' id='word_1_525' title='bbox 814 3659 882 3713; x_wconf 90' lang='lat' dir='ltr'><strong>de</strong></span> <span class='ocrx_word' id='word_1_526' title='bbox 907 3655 1169 3725; x_wconf 89' lang='lat' dir='ltr'><strong>qualitate</strong></span> <span class='ocrx_word' id='word_1_527' title='bbox 1197 3649 1349 3706; x_wconf 85' lang='lat' dir='ltr'><strong>verbi</strong></span> <span class='ocrx_word' id='word_1_528' title='bbox 1381 3644 1653 3718; x_wconf 89' lang='lat' dir='ltr'><strong>proloqui,</strong></span> <span class='ocrx_word' id='word_1_529' title='bbox 1678 3651 1732 3698; x_wconf 90' lang='lat' dir='ltr'><strong>et</strong></span> <span class='ocrx_word' id='word_1_530' title='bbox 1764 3648 2053 3711; x_wconf 88' lang='lat' dir='ltr'><strong>propterea</strong></span> 
     </span>
    </p>
   </div>
   <div class='ocr_carea' id='block_1_67' title="bbox 486 3740 2058 3821">
    <p class='ocr_par' dir='ltr' id='par_1_67' title="bbox 486 3740 2058 3821">
     <span class='ocr_line' id='line_1_67' title="bbox 486 3740 2058 3821; baseline -0.017 -9"><span class='ocrx_word' id='word_1_531' title='bbox 486 3758 668 3812; x_wconf 86' lang='lat' dir='ltr'><strong>dicere</strong></span> <span class='ocrx_word' id='word_1_532' title='bbox 699 3772 712 3809; x_wconf 92' lang='lat'><strong>:</strong></span> <span class='ocrx_word' id='word_1_533' title='bbox 749 3754 804 3809; x_wconf 86' lang='lat' dir='ltr'><strong>Si</strong></span> <span class='ocrx_word' id='word_1_534' title='bbox 833 3750 956 3821; x_wconf 90' lang='lat' dir='ltr'><strong>quis</strong></span> <span class='ocrx_word' id='word_1_535' title='bbox 997 3745 1265 3803; x_wconf 88' lang='lat' dir='ltr'><strong>inﬁrmior</strong></span> <span class='ocrx_word' id='word_1_536' title='bbox 1296 3751 1380 3798; x_wconf 91' lang='lat' dir='ltr'><strong>est</strong></span> <span class='ocrx_word' id='word_1_537' title='bbox 1429 3740 1677 3796; x_wconf 88' lang='lat' dir='ltr'><strong>sensibus</strong></span> <span class='ocrx_word' id='word_1_538' title='bbox 1699 3777 1714 3802; x_wconf 92' lang='lat'><strong>,</strong></span> <span class='ocrx_word' id='word_1_539' title='bbox 1739 3745 1794 3790; x_wconf 88' lang='lat' dir='ltr'><strong>et</strong></span> <span class='ocrx_word' id='word_1_540' title='bbox 1835 3749 1940 3788; x_wconf 91' lang='lat' dir='ltr'><strong>non</strong></span> <span class='ocrx_word' id='word_1_541' title='bbox 1972 3740 2058 3787; x_wconf 90' lang='lat' dir='ltr'><strong>est</strong></span> 
     </span>
    </p>
   </div>
   <div class='ocr_carea' id='block_1_68' title="bbox 487 3831 2053 3920">
    <p class='ocr_par' dir='ltr' id='par_1_68' title="bbox 487 3831 2053 3920">
     <span class='ocr_line' id='line_1_68' title="bbox 487 3831 2053 3920; baseline -0.016 -13"><span class='ocrx_word' id='word_1_542' title='bbox 487 3851 561 3908; x_wconf 90' lang='lat' dir='ltr'><strong>ita</strong></span> <span class='ocrx_word' id='word_1_543' title='bbox 588 3849 842 3920; x_wconf 70' lang='lat' dir='ltr'><strong>perfecta:</strong></span> <span class='ocrx_word' id='word_1_544' title='bbox 868 3843 992 3900; x_wconf 87' lang='lat' dir='ltr'><strong>ﬁdei</strong></span> <span class='ocrx_word' id='word_1_545' title='bbox 1020 3882 1036 3907; x_wconf 93' lang='lat'><strong>,</strong></span> <span class='ocrx_word' id='word_1_546' title='bbox 1072 3851 1132 3896; x_wconf 89' lang='lat' dir='ltr'><strong>ut</strong></span> <span class='ocrx_word' id='word_1_547' title='bbox 1161 3840 1226 3894; x_wconf 91' lang='lat' dir='ltr'><strong>de</strong></span> <span class='ocrx_word' id='word_1_548' title='bbox 1255 3835 1642 3892; x_wconf 88' lang='lat' dir='ltr'><strong>secretioribus</strong></span> <span class='ocrx_word' id='word_1_549' title='bbox 1668 3831 1941 3902; x_wconf 89' lang='lat' dir='ltr'><strong>mysteriis</strong></span> <span class='ocrx_word' id='word_1_550' title='bbox 1963 3844 2053 3883; x_wconf 61' lang='lat' dir='ltr'><strong>cae</strong></span> 
     </span>
    </p>
   </div>
   <div class='ocr_carea' id='block_1_69' title="bbox 487 3921 2058 4016">
    <p class='ocr_par' dir='ltr' id='par_1_69' title="bbox 487 3921 2058 4016">
     <span class='ocr_line' id='line_1_69' title="bbox 487 3921 2058 4016; baseline -0.017 -15"><span class='ocrx_word' id='word_1_551' title='bbox 487 3946 604 4016; x_wconf 89' lang='lat' dir='ltr'><strong>piat</strong></span> <span class='ocrx_word' id='word_1_552' title='bbox 631 3940 879 4002; x_wconf 88' lang='lat' dir='ltr'><strong>verbum,</strong></span> <span class='ocrx_word' id='word_1_553' title='bbox 910 3950 1018 3990; x_wconf 91' lang='lat' dir='ltr'><strong>non</strong></span> <span class='ocrx_word' id='word_1_554' title='bbox 1051 3932 1252 3988; x_wconf 85' lang='lat' dir='ltr'><strong>debere</strong></span> <span class='ocrx_word' id='word_1_555' title='bbox 1295 3929 1345 3983; x_wconf 89' lang='lat' dir='ltr'><strong>ei</strong></span> <span class='ocrx_word' id='word_1_556' title='bbox 1391 3944 1490 3998; x_wconf 89' lang='lat' dir='ltr'><strong>per</strong></span> <span class='ocrx_word' id='word_1_557' title='bbox 1518 3942 1579 3982; x_wconf 91' lang='lat' dir='ltr'><strong>ea</strong></span> <span class='ocrx_word' id='word_1_558' title='bbox 1607 3941 1727 3995; x_wconf 71' lang='lat' dir='ltr'><strong>qua:</strong></span> <span class='ocrx_word' id='word_1_559' title='bbox 1752 3921 2058 3992; x_wconf 78' lang='lat' dir='ltr'><strong>intelligere</strong></span> 
     </span>
    </p>
   </div>
   <div class='ocr_carea' id='block_1_70' title="bbox 487 4012 2056 4104">
    <p class='ocr_par' dir='ltr' id='par_1_70' title="bbox 487 4012 2056 4104">
     <span class='ocr_line' id='line_1_70' title="bbox 487 4012 2056 4104; baseline -0.017 -12"><span class='ocrx_word' id='word_1_560' title='bbox 487 4012 598 4092; x_wconf 78' lang='lat' dir='ltr'><strong>non</strong></span> <span class='ocrx_word' id='word_1_561' title='bbox 623 4041 826 4104; x_wconf 90' lang='lat' dir='ltr'><strong>potest,</strong></span> <span class='ocrx_word' id='word_1_562' title='bbox 845 4026 1268 4097; x_wconf 88' lang='lat' dir='ltr'><strong>disceptationes</strong></span> <span class='ocrx_word' id='word_1_563' title='bbox 1294 4021 1683 4090; x_wconf 76' lang='lat' dir='ltr'><strong>cogitationum</strong></span> <span class='ocrx_word' id='word_1_564' title='bbox 1702 4015 1903 4071; x_wconf 89' lang='lat' dir='ltr'><strong>moveri</strong></span> <span class='ocrx_word' id='word_1_565' title='bbox 1919 4012 2056 4084; x_wconf 85' lang='lat'><strong>(55).</strong></span> 
     </span>
    </p>
   </div>
   <div class='ocr_carea' id='block_1_71' title="bbox 490 4104 2057 4190">
    <p class='ocr_par' dir='ltr' id='par_1_71' title="bbox 490 4104 2057 4190">
     <span class='ocr_line' id='line_1_71' title="bbox 490 4104 2057 4190; baseline -0.019 -3"><span class='ocrx_word' id='word_1_566' title='bbox 490 4127 642 4186; x_wconf 80' lang='lat' dir='ltr'><strong>Alius</strong></span> <span class='ocrx_word' id='word_1_567' title='bbox 666 4125 806 4180; x_wconf 89' lang='lat' dir='ltr'><strong>enim</strong></span> <span class='ocrx_word' id='word_1_568' title='bbox 832 4166 846 4190; x_wconf 94' lang='lat'><strong>,</strong></span> <span class='ocrx_word' id='word_1_569' title='bbox 881 4121 1096 4190; x_wconf 89' lang='lat' dir='ltr'><strong>inquit,</strong></span> <span class='ocrx_word' id='word_1_570' title='bbox 1136 4119 1302 4173; x_wconf 88' lang='lat' dir='ltr'><strong>credit</strong></span> <span class='ocrx_word' id='word_1_571' title='bbox 1345 4114 1670 4169; x_wconf 86' lang='lat' dir='ltr'><strong>manducare</strong></span> <span class='ocrx_word' id='word_1_572' title='bbox 1714 4108 1910 4163; x_wconf 89' lang='lat' dir='ltr'><strong>omnia.</strong></span> <span class='ocrx_word' id='word_1_573' title='bbox 1941 4104 2057 4159; x_wconf 82' lang='lat' dir='ltr'><strong>Non</strong></span> 
     </span>
    </p>
   </div>
   <div class='ocr_carea' id='block_1_72' title="bbox 492 4197 2063 4290">
    <p class='ocr_par' dir='ltr' id='par_1_72' title="bbox 492 4197 2063 4290">
     <span class='ocr_line' id='line_1_72' title="bbox 492 4197 2063 4290; baseline -0.015 -16"><span class='ocrx_word' id='word_1_574' title='bbox 492 4237 591 4290; x_wconf 83' lang='lat' dir='ltr'><strong>per</strong></span> <span class='ocrx_word' id='word_1_575' title='bbox 636 4218 751 4272; x_wconf 63' lang='lat' dir='ltr'><strong>haec</strong></span> <span class='ocrx_word' id='word_1_576' title='bbox 797 4214 998 4270; x_wconf 86' lang='lat' dir='ltr'><strong>Paulus</strong></span> <span class='ocrx_word' id='word_1_577' title='bbox 1047 4213 1115 4268; x_wconf 91' lang='lat' dir='ltr'><strong>ad</strong></span> <span class='ocrx_word' id='word_1_578' title='bbox 1158 4209 1342 4266; x_wconf 88' lang='lat' dir='ltr'><strong>omnia</strong></span> <span class='ocrx_word' id='word_1_579' title='bbox 1384 4204 1715 4262; x_wconf 83' lang='lat' dir='ltr'><strong>comedenda</strong></span> <span class='ocrx_word' id='word_1_580' title='bbox 1766 4197 2063 4268; x_wconf 89' lang='lat' dir='ltr'><strong>discipulos</strong></span> 
     </span>
    </p>
   </div>
   <div class='ocr_carea' id='block_1_73' title="bbox 491 4288 2062 4377">
    <p class='ocr_par' dir='ltr' id='par_1_73' title="bbox 491 4288 2062 4377">
     <span class='ocr_line' id='line_1_73' title="bbox 491 4288 2062 4377; baseline -0.017 -9"><span class='ocrx_word' id='word_1_581' title='bbox 491 4311 774 4375; x_wconf 78' lang='lat' dir='ltr'><strong>hortatur;</strong></span> <span class='ocrx_word' id='word_1_582' title='bbox 807 4320 908 4361; x_wconf 91' lang='lat' dir='ltr'><strong>nec</strong></span> <span class='ocrx_word' id='word_1_583' title='bbox 941 4307 1077 4377; x_wconf 74' lang='lat' dir='ltr'><strong>gula:</strong></span> <span class='ocrx_word' id='word_1_584' title='bbox 1125 4313 1182 4358; x_wconf 87' lang='lat' dir='ltr'><strong>et</strong></span> <span class='ocrx_word' id='word_1_585' title='bbox 1222 4299 1452 4372; x_wconf 81' lang='lat' dir='ltr'><strong>gurgitis</strong></span> <span class='ocrx_word' id='word_1_586' title='bbox 1497 4307 1582 4352; x_wconf 85' lang='lat' dir='ltr'><strong>est</strong></span> <span class='ocrx_word' id='word_1_587' title='bbox 1617 4291 1875 4364; x_wconf 77' lang='lat' dir='ltr'><strong>magiSter</strong></span> <span class='ocrx_word' id='word_1_588' title='bbox 1911 4308 1925 4344; x_wconf 88' lang='lat'><strong>:</strong></span> <span class='ocrx_word' id='word_1_589' title='bbox 1963 4288 2062 4344; x_wconf 87' lang='lat' dir='ltr'><strong>sed</strong></span> 
     </span>
    </p>
   </div>
   <div class='ocr_carea' id='block_1_74' title="bbox 495 4382 2062 4462">
    <p class='ocr_par' dir='ltr' id='par_1_74' title="bbox 495 4382 2062 4462">
     <span class='ocr_line' id='line_1_74' title="bbox 495 4382 2062 4462; baseline -0.014 -8"><span class='ocrx_word' id='word_1_590' title='bbox 495 4403 562 4458; x_wconf 89' lang='lat' dir='ltr'><strong>de</strong></span> <span class='ocrx_word' id='word_1_591' title='bbox 600 4399 709 4456; x_wconf 87' lang='lat' dir='ltr'><strong>illis</strong></span> <span class='ocrx_word' id='word_1_592' title='bbox 733 4397 853 4452; x_wconf 90' lang='lat' dir='ltr'><strong>sine</strong></span> <span class='ocrx_word' id='word_1_593' title='bbox 879 4395 1043 4451; x_wconf 91' lang='lat' dir='ltr'><strong>dubio</strong></span> <span class='ocrx_word' id='word_1_594' title='bbox 1071 4394 1221 4457; x_wconf 87' lang='lat' dir='ltr'><strong>dicit,</strong></span> <span class='ocrx_word' id='word_1_595' title='bbox 1249 4405 1482 4462; x_wconf 90' lang='lat' dir='ltr'><strong>quorum</strong></span> <span class='ocrx_word' id='word_1_596' title='bbox 1518 4387 1653 4442; x_wconf 90' lang='lat' dir='ltr'><strong>ﬁdes</strong></span> <span class='ocrx_word' id='word_1_597' title='bbox 1690 4382 1928 4456; x_wconf 84' lang='lat' dir='ltr'><strong>perfecta</strong></span> <span class='ocrx_word' id='word_1_598' title='bbox 1954 4388 2062 4444; x_wconf 91' lang='lat' dir='ltr'><strong>est,</strong></span> 
     </span>
    </p>
   </div>
   <div class='ocr_carea' id='block_1_75' title="bbox 494 4473 2058 4553">
    <p class='ocr_par' dir='ltr' id='par_1_75' title="bbox 494 4473 2058 4553">
     <span class='ocr_line' id='line_1_75' title="bbox 494 4473 2058 4553; baseline -0.008 -5"><span class='ocrx_word' id='word_1_599' title='bbox 494 4503 554 4548; x_wconf 89' lang='lat' dir='ltr'><strong>et</strong></span> <span class='ocrx_word' id='word_1_600' title='bbox 582 4492 748 4550; x_wconf 87' lang='lat' dir='ltr'><strong>nullis</strong></span> <span class='ocrx_word' id='word_1_601' title='bbox 777 4491 830 4546; x_wconf 90' lang='lat' dir='ltr'><strong>in</strong></span> <span class='ocrx_word' id='word_1_602' title='bbox 848 4491 1018 4546; x_wconf 86' lang='lat' dir='ltr'><strong>verbo</strong></span> <span class='ocrx_word' id='word_1_603' title='bbox 1045 4484 1577 4544; x_wconf 87' lang='lat' dir='ltr'><strong>Deidiscretionibus</strong></span> <span class='ocrx_word' id='word_1_604' title='bbox 1596 4473 2018 4553; x_wconf 77' lang='lat' dir='ltr'><strong>impeditur(56)</strong></span> <span class='ocrx_word' id='word_1_605' title='bbox 2043 4508 2058 4544; x_wconf 74' lang='grc' dir='ltr'>ε</span> 
     </span>
    </p>
   </div>
   <div class='ocr_carea' id='block_1_76' title="bbox 2154 3280 3716 3360">
    <p class='ocr_par' dir='ltr' id='par_1_76' title="bbox 2154 3280 3716 3360">
     <span class='ocr_line' id='line_1_76' title="bbox 2154 3280 3716 3360; baseline -0.015 -8"><span class='ocrx_word' id='word_1_606' title='bbox 2154 3311 2278 3352; x_wconf 89' lang='lat' dir='ltr'><strong>nem</strong></span> <span class='ocrx_word' id='word_1_607' title='bbox 2327 3291 2480 3348; x_wconf 91' lang='lat' dir='ltr'><strong>verbi</strong></span> <span class='ocrx_word' id='word_1_608' title='bbox 2511 3289 2745 3360; x_wconf 90' lang='lat' dir='ltr'><strong>speciem</strong></span> <span class='ocrx_word' id='word_1_609' title='bbox 2798 3299 2994 3356; x_wconf 81' lang='lat' dir='ltr'><strong>capere</strong></span> <span class='ocrx_word' id='word_1_610' title='bbox 3044 3295 3115 3339; x_wconf 87' lang='lat' dir='ltr'><strong>ne</strong></span> <span class='ocrx_word' id='word_1_611' title='bbox 3146 3280 3472 3352; x_wconf 89' lang='lat' dir='ltr'><strong>superbiant</strong></span> <span class='ocrx_word' id='word_1_612' title='bbox 3495 3287 3550 3332; x_wconf 93' lang='lat' dir='ltr'><strong>et</strong></span> <span class='ocrx_word' id='word_1_613' title='bbox 3577 3290 3716 3345; x_wconf 85' lang='lat' dir='ltr'><strong>sper-</strong></span> 
     </span>
    </p>
   </div>
   <div class='ocr_carea' id='block_1_77' title="bbox 2155 3372 3717 3455">
    <p class='ocr_par' dir='ltr' id='par_1_77' title="bbox 2155 3372 3717 3455">
     <span class='ocr_line' id='line_1_77' title="bbox 2155 3372 3717 3455; baseline -0.015 -11"><span class='ocrx_word' id='word_1_614' title='bbox 2155 3396 2290 3444; x_wconf 89' lang='lat' dir='ltr'><strong>nant</strong></span> <span class='ocrx_word' id='word_1_615' title='bbox 2333 3400 2428 3440; x_wconf 89' lang='lat' dir='ltr'><strong>eos</strong></span> <span class='ocrx_word' id='word_1_616' title='bbox 2469 3385 2562 3455; x_wconf 92' lang='lat' dir='ltr'><strong>qui</strong></span> <span class='ocrx_word' id='word_1_617' title='bbox 2605 3380 2894 3437; x_wconf 83' lang='lat' dir='ltr'><strong>inferiores</strong></span> <span class='ocrx_word' id='word_1_618' title='bbox 2932 3383 3060 3431; x_wconf 88' lang='lat' dir='ltr'><strong>sunt</strong></span> <span class='ocrx_word' id='word_1_619' title='bbox 3101 3372 3390 3444; x_wconf 68' lang='lat' dir='ltr'><strong>praecipit;</strong></span> <span class='ocrx_word' id='word_1_620' title='bbox 3423 3379 3482 3425; x_wconf 92' lang='lat' dir='ltr'><strong>et</strong></span> <span class='ocrx_word' id='word_1_621' title='bbox 3513 3380 3717 3423; x_wconf 78' lang='lat' dir='ltr'><strong>rursum</strong></span> 
     </span>
    </p>
   </div>
   <div class='ocr_carea' id='block_1_78' title="bbox 2153 3464 3715 3548">
    <p class='ocr_par' dir='ltr' id='par_1_78' title="bbox 2153 3464 3715 3548">
     <span class='ocr_line' id='line_1_78' title="bbox 2153 3464 3715 3548; baseline -0.017 -11"><span class='ocrx_word' id='word_1_622' title='bbox 2153 3481 2241 3538; x_wconf 88' lang='lat' dir='ltr'><strong>his</strong></span> <span class='ocrx_word' id='word_1_623' title='bbox 2269 3478 2360 3548; x_wconf 87' lang='lat' dir='ltr'><strong>qui</strong></span> <span class='ocrx_word' id='word_1_624' title='bbox 2395 3479 2682 3546; x_wconf 87' lang='lat' dir='ltr'><strong>incapaces</strong></span> <span class='ocrx_word' id='word_1_625' title='bbox 2727 3480 2859 3527; x_wconf 89' lang='lat' dir='ltr'><strong>sunt</strong></span> <span class='ocrx_word' id='word_1_626' title='bbox 2903 3467 3254 3541; x_wconf 83' lang='lat' dir='ltr'><strong>perfectioris</strong></span> <span class='ocrx_word' id='word_1_627' title='bbox 3281 3464 3551 3520; x_wconf 67' lang='lat' dir='ltr'><strong>doctrinm</strong></span> <span class='ocrx_word' id='word_1_628' title='bbox 3575 3475 3715 3515; x_wconf 85' lang='lat' dir='ltr'><strong>man-</strong></span> 
     </span>
    </p>
   </div>
   <div class='ocr_carea' id='block_1_79' title="bbox 2155 3556 3720 3638">
    <p class='ocr_par' dir='ltr' id='par_1_79' title="bbox 2155 3556 3720 3638">
     <span class='ocr_line' id='line_1_79' title="bbox 2155 3556 3720 3638; baseline -0.017 -10"><span class='ocrx_word' id='word_1_629' title='bbox 2155 3573 2251 3629; x_wconf 89' lang='lat' dir='ltr'><strong>dat</strong></span> <span class='ocrx_word' id='word_1_630' title='bbox 2276 3585 2346 3626; x_wconf 91' lang='lat' dir='ltr'><strong>ne</strong></span> <span class='ocrx_word' id='word_1_631' title='bbox 2368 3569 2613 3638; x_wconf 79' lang='lat' dir='ltr'><strong>judicent</strong></span> <span class='ocrx_word' id='word_1_632' title='bbox 2633 3579 2728 3622; x_wconf 89' lang='lat' dir='ltr'><strong>eos</strong></span> <span class='ocrx_word' id='word_1_633' title='bbox 2765 3575 2995 3632; x_wconf 88' lang='lat' dir='ltr'><strong>quorum</strong></span> <span class='ocrx_word' id='word_1_634' title='bbox 3025 3573 3221 3614; x_wconf 87' lang='lat' dir='ltr'><strong>sensus</strong></span> <span class='ocrx_word' id='word_1_635' title='bbox 3257 3556 3516 3624; x_wconf 85' lang='lat' dir='ltr'><strong>capacior</strong></span> <span class='ocrx_word' id='word_1_636' title='bbox 3540 3561 3641 3616; x_wconf 82' lang='lat' dir='ltr'><strong>est,</strong></span> <span class='ocrx_word' id='word_1_637' title='bbox 3671 3558 3720 3604; x_wconf 89' lang='lat' dir='ltr'><strong>et</strong></span> 
     </span>
    </p>
   </div>
   <div class='ocr_carea' id='block_1_80' title="bbox 2155 3644 3722 3721">
    <p class='ocr_par' dir='ltr' id='par_1_80' title="bbox 2155 3644 3722 3721">
     <span class='ocr_line' id='line_1_80' title="bbox 2155 3644 3722 3721; baseline -0.015 0"><span class='ocrx_word' id='word_1_638' title='bbox 2155 3664 2467 3721; x_wconf 90' lang='lat' dir='ltr'><strong>intellectus</strong></span> <span class='ocrx_word' id='word_1_639' title='bbox 2489 3655 2838 3715; x_wconf 88' lang='lat' dir='ltr'><strong>eminentior.</strong></span> <span class='ocrx_word' id='word_1_640' title='bbox 2865 3652 3055 3708; x_wconf 90' lang='lat' dir='ltr'><strong>Solent</strong></span> <span class='ocrx_word' id='word_1_641' title='bbox 3075 3652 3224 3707; x_wconf 89' lang='lat' dir='ltr'><strong>enim</strong></span> <span class='ocrx_word' id='word_1_642' title='bbox 3251 3663 3521 3719; x_wconf 87' lang='lat' dir='ltr'><strong>perverso</strong></span> <span class='ocrx_word' id='word_1_643' title='bbox 3542 3644 3722 3701; x_wconf 86' lang='lat' dir='ltr'><strong>ordine</strong></span> 
     </span>
    </p>
   </div>
   <div class='ocr_carea' id='block_1_81' title="bbox 2156 3733 3722 3826">
    <p class='ocr_par' dir='ltr' id='par_1_81' title="bbox 2156 3733 3722 3826">
     <span class='ocr_line' id='line_1_81' title="bbox 2156 3733 3722 3826; baseline -0.016 -13"><span class='ocrx_word' id='word_1_644' title='bbox 2156 3755 2392 3826; x_wconf 90' lang='lat' dir='ltr'><strong>imperiti</strong></span> <span class='ocrx_word' id='word_1_645' title='bbox 2419 3753 2622 3823; x_wconf 89' lang='lat' dir='ltr'><strong>peritos</strong></span> <span class='ocrx_word' id='word_1_646' title='bbox 2645 3749 2926 3820; x_wconf 89' lang='lat' dir='ltr'><strong>judicare,</strong></span> <span class='ocrx_word' id='word_1_647' title='bbox 2971 3755 3029 3802; x_wconf 90' lang='lat' dir='ltr'><strong>et</strong></span> <span class='ocrx_word' id='word_1_648' title='bbox 3063 3743 3285 3800; x_wconf 90' lang='lat' dir='ltr'><strong>desides</strong></span> <span class='ocrx_word' id='word_1_649' title='bbox 3313 3733 3610 3797; x_wconf 80' lang='lat' dir='ltr'><strong>studiosos.</strong></span> <span class='ocrx_word' id='word_1_650' title='bbox 3639 3733 3722 3788; x_wconf 79' lang='lat' dir='ltr'><strong>lu-</strong></span> 
     </span>
    </p>
   </div>
   <div class='ocr_carea' id='block_1_82' title="bbox 2159 3831 3726 3913">
    <p class='ocr_par' dir='ltr' id='par_1_82' title="bbox 2159 3831 3726 3913">
     <span class='ocr_line' id='line_1_82' title="bbox 2159 3831 3726 3913; baseline -0.013 -10"><span class='ocrx_word' id='word_1_651' title='bbox 2159 3849 2368 3904; x_wconf 89' lang='lat' dir='ltr'><strong>terdum</strong></span> <span class='ocrx_word' id='word_1_652' title='bbox 2402 3855 2581 3900; x_wconf 90' lang='lat' dir='ltr'><strong>tamen</strong></span> <span class='ocrx_word' id='word_1_653' title='bbox 2611 3855 2666 3899; x_wconf 90' lang='lat' dir='ltr'><strong>et</strong></span> <span class='ocrx_word' id='word_1_654' title='bbox 2689 3844 2744 3898; x_wconf 92' lang='lat' dir='ltr'><strong>hi</strong></span> <span class='ocrx_word' id='word_1_655' title='bbox 2773 3843 2866 3913; x_wconf 90' lang='lat' dir='ltr'><strong>qui</strong></span> <span class='ocrx_word' id='word_1_656' title='bbox 2899 3839 3146 3897; x_wconf 73' lang='lat' dir='ltr'><strong>scientiae</strong></span> <span class='ocrx_word' id='word_1_657' title='bbox 3179 3836 3368 3906; x_wconf 88' lang='lat' dir='ltr'><strong>aliqua</strong></span> <span class='ocrx_word' id='word_1_658' title='bbox 3396 3831 3550 3888; x_wconf 82' lang='lat' dir='ltr'><strong>initia</strong></span> <span class='ocrx_word' id='word_1_659' title='bbox 3574 3840 3726 3898; x_wconf 88' lang='lat' dir='ltr'><strong>cepe-</strong></span> 
     </span>
    </p>
   </div>
   <div class='ocr_carea' id='block_1_83' title="bbox 2159 3917 3726 4003">
    <p class='ocr_par' dir='ltr' id='par_1_83' title="bbox 2159 3917 3726 4003">
     <span class='ocr_line' id='line_1_83' title="bbox 2159 3917 3726 4003; baseline -0.012 -9"><span class='ocrx_word' id='word_1_660' title='bbox 2159 3940 2290 4003; x_wconf 87' lang='lat' dir='ltr'><strong>rint,</strong></span> <span class='ocrx_word' id='word_1_661' title='bbox 2334 3936 2591 3992; x_wconf 87' lang='lat' dir='ltr'><strong>inﬁantur</strong></span> <span class='ocrx_word' id='word_1_662' title='bbox 2617 3944 2671 3991; x_wconf 91' lang='lat' dir='ltr'><strong>et</strong></span> <span class='ocrx_word' id='word_1_663' title='bbox 2701 3934 3039 3990; x_wconf 87' lang='lat' dir='ltr'><strong>extolluntur</strong></span> <span class='ocrx_word' id='word_1_664' title='bbox 3077 3929 3375 3984; x_wconf 88' lang='lat' dir='ltr'><strong>adversum</strong></span> <span class='ocrx_word' id='word_1_665' title='bbox 3410 3937 3507 3981; x_wconf 87' lang='lat' dir='ltr'><strong>eos</strong></span> <span class='ocrx_word' id='word_1_666' title='bbox 3531 3920 3621 3991; x_wconf 89' lang='lat' dir='ltr'><strong>qui</strong></span> <span class='ocrx_word' id='word_1_667' title='bbox 3653 3917 3726 3970; x_wconf 84' lang='lat' dir='ltr'><strong>vi-</strong></span> 
     </span>
    </p>
   </div>
   <div class='ocr_carea' id='block_1_84' title="bbox 2159 4014 3727 4094">
    <p class='ocr_par' dir='ltr' id='par_1_84' title="bbox 2159 4014 3727 4094">
     <span class='ocr_line' id='line_1_84' title="bbox 2159 4014 3727 4094; baseline -0.015 -9"><span class='ocrx_word' id='word_1_668' title='bbox 2159 4031 2355 4086; x_wconf 91' lang='lat' dir='ltr'><strong>dentur</strong></span> <span class='ocrx_word' id='word_1_669' title='bbox 2391 4031 2574 4084; x_wconf 90' lang='lat' dir='ltr'><strong>minus</strong></span> <span class='ocrx_word' id='word_1_670' title='bbox 2600 4041 2831 4094; x_wconf 88' lang='lat' dir='ltr'><strong>capaces</strong></span> <span class='ocrx_word' id='word_1_671' title='bbox 2858 4037 2998 4079; x_wconf 89' lang='lat' dir='ltr'><strong>esse.</strong></span> <span class='ocrx_word' id='word_1_672' title='bbox 3041 4020 3256 4076; x_wconf 79' lang='lat' dir='ltr'><strong>idcirco</strong></span> <span class='ocrx_word' id='word_1_673' title='bbox 3290 4017 3461 4088; x_wconf 85' lang='lat' dir='ltr'><strong>igitur</strong></span> <span class='ocrx_word' id='word_1_674' title='bbox 3489 4014 3727 4080; x_wconf 86' lang='lat' dir='ltr'><strong>increpa-</strong></span> 
     </span>
    </p>
   </div>
   <div class='ocr_carea' id='block_1_85' title="bbox 2161 4100 3730 4191">
    <p class='ocr_par' dir='ltr' id='par_1_85' title="bbox 2161 4100 3730 4191">
     <span class='ocr_line' id='line_1_85' title="bbox 2161 4100 3730 4191; baseline -0.017 -13"><span class='ocrx_word' id='word_1_675' title='bbox 2161 4125 2308 4178; x_wconf 90' lang='lat' dir='ltr'><strong>tione</strong></span> <span class='ocrx_word' id='word_1_676' title='bbox 2328 4121 2640 4191; x_wconf 71' lang='lat' dir='ltr'><strong>apostolica:</strong></span> <span class='ocrx_word' id='word_1_677' title='bbox 2659 4115 2999 4172; x_wconf 90' lang='lat' dir='ltr'><strong>auctoritatis</strong></span> <span class='ocrx_word' id='word_1_678' title='bbox 3018 4112 3228 4168; x_wconf 88' lang='lat' dir='ltr'><strong>Paulus</strong></span> <span class='ocrx_word' id='word_1_679' title='bbox 3253 4109 3541 4176; x_wconf 87' lang='lat' dir='ltr'><strong>utriusque</strong></span> <span class='ocrx_word' id='word_1_680' title='bbox 3566 4100 3730 4173; x_wconf 81' lang='lat' dir='ltr'><strong>partis</strong></span> 
     </span>
    </p>
   </div>
   <div class='ocr_carea' id='block_1_86' title="bbox 2159 4196 3731 4281">
    <p class='ocr_par' dir='ltr' id='par_1_86' title="bbox 2159 4196 3731 4281">
     <span class='ocr_line' id='line_1_86' title="bbox 2159 4196 3731 4281; baseline -0.016 -11"><span class='ocrx_word' id='word_1_681' title='bbox 2159 4213 2503 4270; x_wconf 87' lang='lat' dir='ltr'><strong>insolentiam</strong></span> <span class='ocrx_word' id='word_1_682' title='bbox 2531 4213 2831 4281; x_wconf 83' lang='lat' dir='ltr'><strong>reprimens</strong></span> <span class='ocrx_word' id='word_1_683' title='bbox 2851 4207 2980 4262; x_wconf 91' lang='lat' dir='ltr'><strong>dicit</strong></span> <span class='ocrx_word' id='word_1_684' title='bbox 3004 4224 3018 4260; x_wconf 91' lang='lat'><strong>:</strong></span> <span class='ocrx_word' id='word_1_685' title='bbox 3047 4204 3129 4260; x_wconf 89' lang='lat' dir='ltr'><strong>Tu</strong></span> <span class='ocrx_word' id='word_1_686' title='bbox 3161 4204 3282 4272; x_wconf 89' lang='lat' dir='ltr'><strong>quis</strong></span> <span class='ocrx_word' id='word_1_687' title='bbox 3307 4199 3494 4268; x_wconf 74' lang='grc' dir='ltr'><strong>ιε,ᾳαὶ</strong></span> <span class='ocrx_word' id='word_1_688' title='bbox 3519 4196 3731 4266; x_wconf 80' lang='lat' dir='ltr'><strong>judicas</strong></span> 
     </span>
    </p>
   </div>
   <div class='ocr_carea' id='block_1_87' title="bbox 2161 4284 3733 4362">
    <p class='ocr_par' dir='ltr' id='par_1_87' title="bbox 2161 4284 3733 4362">
     <span class='ocr_line' id='line_1_87' title="bbox 2161 4284 3733 4362; baseline -0.017 0"><span class='ocrx_word' id='word_1_689' title='bbox 2161 4307 2393 4362; x_wconf 82' lang='lat' dir='ltr'><strong>alienum</strong></span> <span class='ocrx_word' id='word_1_690' title='bbox 2417 4321 2624 4360; x_wconf 82' lang='lat' dir='ltr'><strong>servum</strong></span> <span class='ocrx_word' id='word_1_691' title='bbox 2651 4303 2676 4358; x_wconf 80' lang='lat'><strong>.’</strong></span> <span class='ocrx_word' id='word_1_692' title='bbox 2705 4301 2815 4358; x_wconf 89' lang='lat' dir='ltr'><strong>Suo</strong></span> <span class='ocrx_word' id='word_1_693' title='bbox 2841 4299 3054 4354; x_wconf 87' lang='lat' dir='ltr'><strong>domino</strong></span> <span class='ocrx_word' id='word_1_694' title='bbox 3092 4306 3222 4362; x_wconf 88' lang='lat' dir='ltr'><strong>stat,</strong></span> <span class='ocrx_word' id='word_1_695' title='bbox 3254 4303 3351 4347; x_wconf 88' lang='lat' dir='ltr'><strong>aut</strong></span> <span class='ocrx_word' id='word_1_696' title='bbox 3387 4291 3549 4345; x_wconf 86' lang='lat' dir='ltr'><strong>cadit.</strong></span> <span class='ocrx_word' id='word_1_697' title='bbox 3579 4284 3733 4353; x_wconf 84' lang='lat' dir='ltr'><strong>Quod</strong></span> 
     </span>
    </p>
   </div>
   <div class='ocr_carea' id='block_1_88' title="bbox 2161 4383 3730 4464">
    <p class='ocr_par' dir='ltr' id='par_1_88' title="bbox 2161 4383 3730 4464">
     <span class='ocr_line' id='line_1_88' title="bbox 2161 4383 3730 4464; baseline -0.015 -10"><span class='ocrx_word' id='word_1_698' title='bbox 2161 4398 2312 4464; x_wconf 73' lang='lat' dir='ltr'><strong>dicit,</strong></span> <span class='ocrx_word' id='word_1_699' title='bbox 2346 4406 2472 4461; x_wconf 84' lang='lat' dir='ltr'><strong>stat,</strong></span> <span class='ocrx_word' id='word_1_700' title='bbox 2501 4404 2594 4450; x_wconf 88' lang='lat' dir='ltr'><strong>aut</strong></span> <span class='ocrx_word' id='word_1_701' title='bbox 2627 4397 2795 4459; x_wconf 85' lang='lat' dir='ltr'><strong>cadit,</strong></span> <span class='ocrx_word' id='word_1_702' title='bbox 2832 4391 3132 4447; x_wconf 86' lang='lat' dir='ltr'><strong>secundum</strong></span> <span class='ocrx_word' id='word_1_703' title='bbox 3172 4399 3401 4442; x_wconf 90' lang='lat' dir='ltr'><strong>sensum</strong></span> <span class='ocrx_word' id='word_1_704' title='bbox 3426 4383 3543 4450; x_wconf 85' lang='lat' dir='ltr'><strong>ejus</strong></span> <span class='ocrx_word' id='word_1_705' title='bbox 3572 4391 3730 4449; x_wconf 88' lang='lat' dir='ltr'><strong>quem</strong></span> 
     </span>
    </p>
   </div>
   <div class='ocr_carea' id='block_1_89' title="bbox 2162 4469 3736 4558">
    <p class='ocr_par' dir='ltr' id='par_1_89' title="bbox 2162 4469 3736 4558">
     <span class='ocr_line' id='line_1_89' title="bbox 2162 4469 3736 4558; baseline -0.018 -13"><span class='ocrx_word' id='word_1_706' title='bbox 2162 4490 2412 4558; x_wconf 84' lang='lat' dir='ltr'><strong>increpat</strong></span> <span class='ocrx_word' id='word_1_707' title='bbox 2461 4487 2578 4558; x_wconf 88' lang='lat'><strong>(59)</strong></span> <span class='ocrx_word' id='word_1_708' title='bbox 2631 4487 2784 4542; x_wconf 90' lang='lat' dir='ltr'><strong>dicit.</strong></span> <span class='ocrx_word' id='word_1_709' title='bbox 2834 4482 2969 4537; x_wconf 80' lang='lat' dir='ltr'><strong>Nam</strong></span> <span class='ocrx_word' id='word_1_710' title='bbox 3008 4489 3064 4535; x_wconf 91' lang='lat' dir='ltr'><strong>et</strong></span> <span class='ocrx_word' id='word_1_711' title='bbox 3110 4476 3430 4547; x_wconf 90' lang='lat' dir='ltr'><strong>imperitior</strong></span> <span class='ocrx_word' id='word_1_712' title='bbox 3470 4471 3519 4527; x_wconf 89' lang='lat' dir='ltr'><strong>si</strong></span> <span class='ocrx_word' id='word_1_713' title='bbox 3560 4469 3736 4524; x_wconf 83' lang='lat' dir='ltr'><strong>videat</strong></span> 
     </span>
    </p>
   </div>
   <div class='ocr_carea' id='block_1_90' title="bbox 495 4565 3736 4654">
    <p class='ocr_par' dir='ltr' id='par_1_90' title="bbox 495 4565 3736 4654">
     <span class='ocr_line' id='line_1_90' title="bbox 495 4565 3736 4654; baseline -0.009 -18"><span class='ocrx_word' id='word_1_714' title='bbox 495 4595 635 4648; x_wconf 87' lang='lat' dir='ltr'><strong>quos</strong></span> <span class='ocrx_word' id='word_1_715' title='bbox 657 4580 803 4635; x_wconf 86' lang='lat' dir='ltr'><strong>idem</strong></span> <span class='ocrx_word' id='word_1_716' title='bbox 830 4577 1120 4647; x_wconf 88' lang='lat' dir='ltr'><strong>Apostolus</strong></span> <span class='ocrx_word' id='word_1_717' title='bbox 1147 4577 1209 4631; x_wconf 82' lang='lat' dir='ltr'><strong>in</strong></span> <span class='ocrx_word' id='word_1_718' title='bbox 1231 4576 1354 4630; x_wconf 86' lang='lat' dir='ltr'><strong>aliis</strong></span> <span class='ocrx_word' id='word_1_719' title='bbox 1379 4575 1655 4645; x_wconf 89' lang='lat' dir='ltr'><strong>spiritales</strong></span> <span class='ocrx_word' id='word_1_720' title='bbox 1685 4577 2060 4645; x_wconf 88' lang='lat' dir='ltr'><strong>appellatcum</strong></span> <span class='ocrx_word' id='word_1_721' title='bbox 2091 4593 2143 4654; x_wconf 73' lang='grc' dir='ltr'>ι)</span> <span class='ocrx_word' id='word_1_722' title='bbox 2169 4575 2476 4644; x_wconf 89' lang='lat' dir='ltr'><strong>quempiam</strong></span> <span class='ocrx_word' id='word_1_723' title='bbox 2505 4570 2827 4643; x_wconf 78' lang='lat' dir='ltr'><strong>profundius</strong></span> <span class='ocrx_word' id='word_1_724' title='bbox 2855 4568 3078 4640; x_wconf 90' lang='lat' dir='ltr'><strong>aliquid,</strong></span> <span class='ocrx_word' id='word_1_725' title='bbox 3097 4575 3154 4622; x_wconf 89' lang='lat' dir='ltr'><strong>et</strong></span> <span class='ocrx_word' id='word_1_726' title='bbox 3187 4575 3250 4620; x_wconf 94' lang='lat' dir='ltr'><strong>ut</strong></span> <span class='ocrx_word' id='word_1_727' title='bbox 3284 4565 3403 4633; x_wconf 90' lang='lat' dir='ltr'><strong>ipse</strong></span> <span class='ocrx_word' id='word_1_728' title='bbox 3423 4571 3618 4630; x_wconf 88' lang='lat' dir='ltr'><strong>capere</strong></span> <span class='ocrx_word' id='word_1_729' title='bbox 3635 4568 3736 4610; x_wconf 87' lang='lat' dir='ltr'><strong>non</strong></span> 
     </span>
    </p>
   </div>
   <div class='ocr_carea' id='block_1_91' title="bbox 494 4668 2068 4739">
    <p class='ocr_par' dir='ltr' id='par_1_91' title="bbox 494 4668 2068 4739">
     <span class='ocr_line' id='line_1_91' title="bbox 494 4668 2068 4739; baseline 0 -14"><span class='ocrx_word' id='word_1_730' title='bbox 494 4671 630 4726; x_wconf 87' lang='lat' dir='ltr'><strong>dicit</strong></span> <span class='ocrx_word' id='word_1_731' title='bbox 661 4671 748 4725; x_wconf 80' lang='lat' dir='ltr'>“z</span> <span class='ocrx_word' id='word_1_732' title='bbox 784 4669 1062 4739; x_wconf 85' lang='lat' dir='ltr'><strong>Spiritalis</strong></span> <span class='ocrx_word' id='word_1_733' title='bbox 1105 4679 1282 4723; x_wconf 89' lang='lat' dir='ltr'><strong>autem</strong></span> <span class='ocrx_word' id='word_1_734' title='bbox 1308 4670 1572 4723; x_wconf 74' lang='lat' dir='ltr'><strong>examinat</strong></span> <span class='ocrx_word' id='word_1_735' title='bbox 1603 4669 1801 4724; x_wconf 87' lang='lat' dir='ltr'><strong>omnia.</strong></span> <span class='ocrx_word' id='word_1_736' title='bbox 1832 4668 1950 4738; x_wconf 87' lang='lat' dir='ltr'><strong>Ipse</strong></span> <span class='ocrx_word' id='word_1_737' title='bbox 1979 4679 2068 4725; x_wconf 88' lang='lat' dir='ltr'><strong>est</strong></span> 
     </span>
    </p>
   </div>
   <div class='ocr_carea' id='block_1_92' title="bbox 494 4759 2066 4839">
    <p class='ocr_par' dir='ltr' id='par_1_92' title="bbox 494 4759 2066 4839">
     <span class='ocr_line' id='line_1_92' title="bbox 494 4759 2066 4839; baseline -0.005 -17"><span class='ocrx_word' id='word_1_738' title='bbox 494 4783 627 4839; x_wconf 81' lang='lat' dir='ltr'><strong>ergo</strong></span> <span class='ocrx_word' id='word_1_739' title='bbox 659 4767 724 4822; x_wconf 89' lang='lat' dir='ltr'><strong>de</strong></span> <span class='ocrx_word' id='word_1_740' title='bbox 752 4779 863 4836; x_wconf 90' lang='lat' dir='ltr'><strong>quo</strong></span> <span class='ocrx_word' id='word_1_741' title='bbox 897 4763 987 4817; x_wconf 89' lang='lat' dir='ltr'><strong>hic</strong></span> <span class='ocrx_word' id='word_1_742' title='bbox 1027 4762 1157 4817; x_wconf 89' lang='lat' dir='ltr'><strong>dicit</strong></span> <span class='ocrx_word' id='word_1_743' title='bbox 1189 4779 1204 4816; x_wconf 91' lang='lat'>:</span> <span class='ocrx_word' id='word_1_744' title='bbox 1237 4759 1391 4814; x_wconf 80' lang='lat' dir='ltr'><strong>Atius</strong></span> <span class='ocrx_word' id='word_1_745' title='bbox 1425 4769 1602 4814; x_wconf 88' lang='lat' dir='ltr'><strong>autem</strong></span> <span class='ocrx_word' id='word_1_746' title='bbox 1637 4761 1802 4814; x_wconf 85' lang='lat' dir='ltr'><strong>credit</strong></span> <span class='ocrx_word' id='word_1_747' title='bbox 1838 4764 2066 4815; x_wconf 81' lang='lat' dir='ltr'><strong>mandu-</strong></span> 
     </span>
    </p>
   </div>
   <div class='ocr_carea' id='block_1_93' title="bbox 2172 4647 3735 4738">
    <p class='ocr_par' dir='ltr' id='par_1_93' title="bbox 2172 4647 3735 4738">
     <span class='ocr_line' id='line_1_93' title="bbox 2172 4647 3735 4738; baseline -0.015 -17"><span class='ocrx_word' id='word_1_748' title='bbox 2172 4675 2354 4735; x_wconf 88' lang='lat' dir='ltr'><strong>potest</strong></span> <span class='ocrx_word' id='word_1_749' title='bbox 2385 4663 2523 4738; x_wconf 84' lang='lat'><strong>(60),</strong></span> <span class='ocrx_word' id='word_1_750' title='bbox 2541 4665 2883 4729; x_wconf 89' lang='lat' dir='ltr'><strong>sentientem,</strong></span> <span class='ocrx_word' id='word_1_751' title='bbox 2907 4659 3172 4716; x_wconf 87' lang='lat' dir='ltr'><strong>cecidisse</strong></span> <span class='ocrx_word' id='word_1_752' title='bbox 3195 4670 3322 4712; x_wconf 89' lang='lat' dir='ltr'><strong>eum</strong></span> <span class='ocrx_word' id='word_1_753' title='bbox 3345 4654 3552 4723; x_wconf 85' lang='lat' dir='ltr'><strong>iudicat</strong></span> <span class='ocrx_word' id='word_1_754' title='bbox 3576 4663 3606 4703; x_wconf 86' lang='lat' dir='ltr'><strong>a</strong></span> <span class='ocrx_word' id='word_1_755' title='bbox 3623 4647 3735 4701; x_wconf 83' lang='lat' dir='ltr'><strong>ﬁdei</strong></span> 
     </span>
    </p>
   </div>
   <div class='ocr_carea' id='block_1_94' title="bbox 2174 4747 3738 4826">
    <p class='ocr_par' dir='ltr' id='par_1_94' title="bbox 2174 4747 3738 4826">
     <span class='ocr_line' id='line_1_94' title="bbox 2174 4747 3738 4826; baseline -0.017 -9"><span class='ocrx_word' id='word_1_756' title='bbox 2174 4770 2354 4826; x_wconf 86' lang='lat' dir='ltr'><strong>statu;</strong></span> <span class='ocrx_word' id='word_1_757' title='bbox 2383 4769 2439 4813; x_wconf 93' lang='lat' dir='ltr'><strong>et</strong></span> <span class='ocrx_word' id='word_1_758' title='bbox 2466 4772 2685 4814; x_wconf 87' lang='lat' dir='ltr'><strong>rursum</strong></span> <span class='ocrx_word' id='word_1_759' title='bbox 2711 4757 2804 4825; x_wconf 87' lang='lat' dir='ltr'><strong>qui</strong></span> <span class='ocrx_word' id='word_1_760' title='bbox 2855 4751 3117 4809; x_wconf 88' lang='lat' dir='ltr'><strong>inﬁantur</strong></span> <span class='ocrx_word' id='word_1_761' title='bbox 3144 4765 3216 4806; x_wconf 88' lang='lat' dir='ltr'><strong>ex</strong></span> <span class='ocrx_word' id='word_1_762' title='bbox 3243 4747 3478 4805; x_wconf 88' lang='lat' dir='ltr'><strong>scientia</strong></span> <span class='ocrx_word' id='word_1_763' title='bbox 3504 4784 3519 4810; x_wconf 93' lang='lat'><strong>,</strong></span> <span class='ocrx_word' id='word_1_764' title='bbox 3550 4749 3607 4796; x_wconf 91' lang='lat' dir='ltr'><strong>et</strong></span> <span class='ocrx_word' id='word_1_765' title='bbox 3637 4749 3738 4793; x_wconf 81' lang='lat' dir='ltr'><strong>non</strong></span> 
     </span>
    </p>
   </div>
   <div class='ocr_carea' id='block_1_95' title="bbox 565 4897 2050 4993">
    <p class='ocr_par' dir='ltr' id='par_1_95' title="bbox 565 4921 2050 4993">
     <span class='ocr_line' id='line_1_95' title="bbox 565 4921 2050 4993; baseline -0.005 -8"><span class='ocrx_word' id='word_1_766' title='bbox 565 4932 614 4964; x_wconf 82' lang='grc'><strong>⁸⁸</strong></span> <span class='ocrx_word' id='word_1_767' title='bbox 636 4930 793 4986; x_wconf 78' lang='lat' dir='ltr'><strong>Rom.</strong></span> <span class='ocrx_word' id='word_1_768' title='bbox 829 4943 941 4993; x_wconf 85' lang='lat' dir='ltr'><strong>xtv,</strong></span> <span class='ocrx_word' id='word_1_769' title='bbox 973 4928 1039 4990; x_wconf 77' lang='grc'><strong>5,</strong></span> <span class='ocrx_word' id='word_1_770' title='bbox 1070 4926 1126 4979; x_wconf 77' lang='grc'><strong>4.</strong></span> <span class='ocrx_word' id='word_1_771' title='bbox 1209 4925 1255 4956; x_wconf 78' lang='grc'><strong>⁸⁹</strong></span> <span class='ocrx_word' id='word_1_772' title='bbox 1291 4923 1455 4978; x_wconf 85' lang='lat' dir='ltr'><strong>Hebr.</strong></span> <span class='ocrx_word' id='word_1_773' title='bbox 1481 4939 1535 4989; x_wconf 78' lang='grc' dir='ltr'><strong>ν,</strong></span> <span class='ocrx_word' id='word_1_774' title='bbox 1571 4923 1658 4980; x_wconf 72' lang='lat' dir='ltr'><strong>Li.</strong></span> <span class='ocrx_word' id='word_1_775' title='bbox 1741 4923 1787 4955; x_wconf 80' lang='grc'><strong>⁶⁰</strong></span> <span class='ocrx_word' id='word_1_776' title='bbox 1821 4921 1990 4978; x_wconf 84' lang='lat' dir='ltr'><strong>lCor.</strong></span> <span class='ocrx_word' id='word_1_777' title='bbox 2025 4938 2050 4978; x_wconf 87' lang='lat' dir='ltr'><strong>ll</strong></span> 
     </span>
    </p>
   </div>
   <div class='ocr_carea' id='block_1_96' title="bbox 2153 4897 3727 4993">
    <p class='ocr_par' dir='ltr' id='par_1_96' title="bbox 2153 4897 3727 4981">
     <span class='ocr_line' id='line_1_96' title="bbox 2153 4897 3727 4981; baseline -0.016 -7"><span class='ocrx_word' id='word_1_778' title='bbox 2153 4921 2206 4976; x_wconf 71' lang='grc' dir='ltr'><strong>Ξ.</strong></span> <span class='ocrx_word' id='word_1_779' title='bbox 2283 4919 2328 4952; x_wconf 82' lang='grc'><strong>⁶¹</strong></span> <span class='ocrx_word' id='word_1_780' title='bbox 2361 4917 2530 4975; x_wconf 86' lang='lat' dir='ltr'><strong>lCor.</strong></span> <span class='ocrx_word' id='word_1_781' title='bbox 2563 4931 2626 4981; x_wconf 86' lang='lat' dir='ltr'><strong>tt,</strong></span> <span class='ocrx_word' id='word_1_782' title='bbox 2652 4915 2741 4972; x_wconf 87' lang='lat' dir='ltr'><strong>l5.</strong></span> <span class='ocrx_word' id='word_1_783' title='bbox 2815 4914 2860 4945; x_wconf 75' lang='grc'><strong>⁸⁸</strong></span> <span class='ocrx_word' id='word_1_784' title='bbox 2884 4909 3043 4966; x_wconf 80' lang='lat' dir='ltr'><strong>Joan.</strong></span> <span class='ocrx_word' id='word_1_785' title='bbox 3070 4921 3186 4973; x_wconf 85' lang='lat' dir='ltr'><strong>xvt,</strong></span> <span class='ocrx_word' id='word_1_786' title='bbox 3216 4905 3307 4970; x_wconf 74' lang='lat' dir='ltr'><strong>t2,</strong></span> <span class='ocrx_word' id='word_1_787' title='bbox 3341 4903 3429 4959; x_wconf 77' lang='grc'><strong>15.</strong></span> <span class='ocrx_word' id='word_1_788' title='bbox 3507 4899 3553 4932; x_wconf 85' lang='grc'><strong><em>⁸³</em></strong></span> <span class='ocrx_word' id='word_1_789' title='bbox 3577 4897 3727 4953; x_wconf 80' lang='lat' dir='ltr'><strong>Rom.</strong></span> 
     </span>
    </p>
   </div>
   <div class='ocr_carea' id='block_1_97' title="bbox 498 4994 1410 5068">
    <p class='ocr_par' dir='ltr' id='par_1_97' title="bbox 498 4994 1410 5068">
     <span class='ocr_line' id='line_1_97' title="bbox 498 4994 1410 5068; baseline -0.015 -7"><span class='ocrx_word' id='word_1_790' title='bbox 498 5004 674 5068; x_wconf 74' lang='lat' dir='ltr'><strong>x1v,3.</strong></span> <span class='ocrx_word' id='word_1_791' title='bbox 742 5001 788 5032; x_wconf 73' lang='lat'><strong>“</strong></span> <span class='ocrx_word' id='word_1_792' title='bbox 835 4999 1004 5054; x_wconf 90' lang='lat' dir='ltr'><strong>lCor.</strong></span> <span class='ocrx_word' id='word_1_793' title='bbox 1044 5012 1144 5061; x_wconf 80' lang='lat' dir='ltr'><strong>xtl,</strong></span> <span class='ocrx_word' id='word_1_794' title='bbox 1189 4995 1282 5061; x_wconf 72' lang='grc'><strong>21,</strong></span> <span class='ocrx_word' id='word_1_795' title='bbox 1319 4994 1410 5049; x_wconf 70' lang='grc'><strong>22.</strong></span> 
     </span>
    </p>
   </div>
   <div class='ocr_carea' id='block_1_98' title="bbox 575 5110 2072 5239">
    <p class='ocr_par' dir='ltr' id='par_1_98' title="bbox 575 5110 2072 5239">
     <span class='ocr_line' id='line_1_98' title="bbox 575 5110 2072 5239; baseline -0.015 -17"><span class='ocrx_word' id='word_1_796' title='bbox 575 5166 690 5239; x_wconf 82' lang='grc'>(51)</span> <span class='ocrx_word' id='word_1_797' title='bbox 745 5163 1028 5239; x_wconf 87' lang='lat' dir='ltr'><strong>Sic_recte</strong></span> <span class='ocrx_word' id='word_1_798' title='bbox 1073 5141 1213 5239; x_wconf 61' lang='lat' dir='ltr'><strong>mss.</strong></span> <span class='ocrx_word' id='word_1_799' title='bbox 1253 5153 1454 5239; x_wconf 73' lang='lat' dir='ltr'><strong>Regius</strong></span> <span class='ocrx_word' id='word_1_800' title='bbox 1487 5110 1635 5239; x_wconf 62' lang='lat' dir='ltr'><strong>nam.</strong></span> <span class='ocrx_word' id='word_1_801' title='bbox 1662 5148 1838 5239; x_wconf 42' lang='lat'><strong>1659,.</strong></span> <span class='ocrx_word' id='word_1_802' title='bbox 1873 5145 2072 5239; x_wconf 66' lang='lat' dir='ltr'><strong>Caneri</strong></span> 
     </span>
    </p>
   </div>
   <div class='ocr_carea' id='block_1_99' title="bbox 503 5217 2072 5300">
    <p class='ocr_par' dir='ltr' id='par_1_99' title="bbox 503 5217 2072 5300">
     <span class='ocr_line' id='line_1_99' title="bbox 503 5217 2072 5300; baseline -0.017 -6"><span class='ocrx_word' id='word_1_803' title='bbox 503 5217 832 5296; x_wconf 45' lang='lat' dir='ltr'><strong>vero—iussi;</strong></span> <span class='ocrx_word' id='word_1_804' title='bbox 853 5236 907 5288; x_wconf 87' lang='lat' dir='ltr'><strong>in</strong></span> <span class='ocrx_word' id='word_1_805' title='bbox 938 5244 1064 5300; x_wconf 84' lang='lat' dir='ltr'><strong>pace</strong></span> <span class='ocrx_word' id='word_1_806' title='bbox 1089 5228 1248 5281; x_wconf 87' lang='lat' dir='ltr'><strong>corda</strong></span> <span class='ocrx_word' id='word_1_807' title='bbox 1273 5217 1450 5300; x_wconf 40' lang='grc' dir='ltr'><strong>εφῖιιίε</strong></span> <span class='ocrx_word' id='word_1_808' title='bbox 1481 5221 1644 5300; x_wconf 72' lang='lat' dir='ltr'><strong>dicit._</strong></span> <span class='ocrx_word' id='word_1_809' title='bbox 1662 5219 1738 5272; x_wconf 92' lang='lat' dir='ltr'><strong>lta</strong></span> <span class='ocrx_word' id='word_1_810' title='bbox 1767 5218 1931 5298; x_wconf 81' lang='lat' dir='ltr'><strong>etiam</strong></span> <span class='ocrx_word' id='word_1_811' title='bbox 1953 5217 2072 5297; x_wconf 45' lang='lat' dir='ltr'><strong>edi-z</strong></span> 
     </span>
    </p>
   </div>
   <div class='ocr_carea' id='block_1_100' title="bbox 505 5287 2076 5374">
    <p class='ocr_par' dir='ltr' id='par_1_100' title="bbox 505 5287 2076 5374">
     <span class='ocr_line' id='line_1_100' title="bbox 505 5287 2076 5374; baseline -0.014 -12"><span class='ocrx_word' id='word_1_812' title='bbox 505 5287 705 5370; x_wconf 34' lang='lat' dir='ltr'><strong>ﬁtnisi</strong></span> <span class='ocrx_word' id='word_1_813' title='bbox 725 5287 895 5374; x_wconf 51' lang='lat' dir='ltr'><strong>ﬁlice</strong></span> <span class='ocrx_word' id='word_1_814' title='bbox 927 5287 1186 5357; x_wconf 68' lang='lat' dir='ltr'><strong>emittant</strong></span> <span class='ocrx_word' id='word_1_815' title='bbox 1209 5311 1274 5350; x_wconf 82' lang='lat' dir='ltr'><strong>ea:</strong></span> <span class='ocrx_word' id='word_1_816' title='bbox 1300 5295 1383 5348; x_wconf 89' lang='lat' dir='ltr'><strong>his</strong></span> <span class='ocrx_word' id='word_1_817' title='bbox 1409 5332 1426 5358; x_wconf 96' lang='lat'><strong>,</strong></span> <span class='ocrx_word' id='word_1_818' title='bbox 1469 5302 1526 5346; x_wconf 90' lang='lat' dir='ltr'><strong>et</strong></span> <span class='ocrx_word' id='word_1_819' title='bbox 1559 5291 1838 5354; x_wconf 89' lang='lat' dir='ltr'><strong>habeant,</strong></span> <span class='ocrx_word' id='word_1_820' title='bbox 1899 5289 1946 5342; x_wconf 92' lang='lat' dir='ltr'><strong>is</strong></span> <span class='ocrx_word' id='word_1_821' title='bbox 1983 5287 2076 5357; x_wconf 84' lang='lat' dir='ltr'><strong>qui</strong></span> 
     </span>
    </p>
   </div>
   <div class='ocr_carea' id='block_1_101' title="bbox 390 5379 964 5438">
    <p class='ocr_par' dir='ltr' id='par_1_101' title="bbox 390 5379 964 5438">
     <span class='ocr_line' id='line_1_101' title="bbox 390 5379 964 5438; baseline -0.009 -9"><span class='ocrx_word' id='word_1_822' title='bbox 390 5414 404 5429; x_wconf 68' lang='grc' dir='ltr'><em>κ</em></span> <span class='ocrx_word' id='word_1_823' title='bbox 505 5379 816 5438; x_wconf 87' lang='lat' dir='ltr'><strong>manducat,</strong></span> <span class='ocrx_word' id='word_1_824' title='bbox 855 5382 964 5426; x_wconf 87' lang='lat' dir='ltr'><strong>etc.</strong></span> 
     </span>
    </p>
   </div>
   <div class='ocr_carea' id='block_1_102' title="bbox 578 5429 2075 5517">
    <p class='ocr_par' dir='ltr' id='par_1_102' title="bbox 578 5429 2075 5517">
     <span class='ocr_line' id='line_1_102' title="bbox 578 5429 2075 5517; baseline -0.016 -15"><span class='ocrx_word' id='word_1_825' title='bbox 578 5429 692 5517; x_wconf 75' lang='grc'>(52)</span> <span class='ocrx_word' id='word_1_826' title='bbox 719 5429 848 5517; x_wconf 69' lang='grc' dir='ltr'><strong>Ητέο</strong></span> <span class='ocrx_word' id='word_1_827' title='bbox 869 5440 1053 5517; x_wconf 76' lang='lat' dir='ltr'><strong>verba.</strong></span> <span class='ocrx_word' id='word_1_828' title='bbox 1084 5436 1162 5491; x_wconf 86' lang='lat' dir='ltr'><strong>Tu</strong></span> <span class='ocrx_word' id='word_1_829' title='bbox 1193 5436 1313 5517; x_wconf 74' lang='lat' dir='ltr'><strong>quis</strong></span> <span class='ocrx_word' id='word_1_830' title='bbox 1341 5450 1394 5487; x_wconf 91' lang='lat' dir='ltr'><strong>es</strong></span> <span class='ocrx_word' id='word_1_831' title='bbox 1409 5472 1436 5517; x_wconf 46' lang='lat'><strong>1</strong></span> <span class='ocrx_word' id='word_1_832' title='bbox 1448 5443 1604 5517; x_wconf 58' lang='grc' dir='ltr'><strong>(μα,</strong></span> <span class='ocrx_word' id='word_1_833' title='bbox 1621 5429 1886 5517; x_wconf 58' lang='lat' dir='ltr'><strong>usquead</strong></span> <span class='ocrx_word' id='word_1_834' title='bbox 1913 5466 1930 5490; x_wconf 93' lang='lat'><strong>,</strong></span> <span class='ocrx_word' id='word_1_835' title='bbox 1963 5433 2075 5517; x_wconf 72' lang='lat' dir='ltr'><strong>sta-</strong></span> 
     </span>
    </p>
   </div>
   <div class='ocr_carea' id='block_1_103' title="bbox 509 5501 2073 5580">
    <p class='ocr_par' dir='ltr' id='par_1_103' title="bbox 509 5501 2073 5580">
     <span class='ocr_line' id='line_1_103' title="bbox 509 5501 2073 5580; baseline -0.015 -9"><span class='ocrx_word' id='word_1_836' title='bbox 509 5501 654 5572; x_wconf 75' lang='lat' dir='ltr'><strong>tuere</strong></span> <span class='ocrx_word' id='word_1_837' title='bbox 673 5501 870 5580; x_wconf 63' lang='lat' dir='ltr'><strong>&#39;illum,</strong></span> <span class='ocrx_word' id='word_1_838' title='bbox 895 5501 1231 5567; x_wconf 81' lang='lat' dir='ltr'><strong>omittuntur</strong></span> <span class='ocrx_word' id='word_1_839' title='bbox 1267 5507 1324 5561; x_wconf 89' lang='lat' dir='ltr'><strong>in</strong></span> <span class='ocrx_word' id='word_1_840' title='bbox 1354 5505 1549 5567; x_wconf 89' lang='lat' dir='ltr'><strong>editis;</strong></span> <span class='ocrx_word' id='word_1_841' title='bbox 1585 5502 1679 5554; x_wconf 88' lang='lat' dir='ltr'><strong>sed</strong></span> <span class='ocrx_word' id='word_1_842' title='bbox 1712 5501 2073 5554; x_wconf 87' lang='lat' dir='ltr'><strong>restituuntur</strong></span> 
     </span>
    </p>
   </div>
   <div class='ocr_carea' id='block_1_104' title="bbox 509 5587 1008 5640">
    <p class='ocr_par' dir='ltr' id='par_1_104' title="bbox 509 5587 1008 5640">
     <span class='ocr_line' id='line_1_104' title="bbox 509 5587 1008 5640; baseline -0.008 0"><span class='ocrx_word' id='word_1_843' title='bbox 509 5603 574 5640; x_wconf 90' lang='lat' dir='ltr'><strong>ex</strong></span> <span class='ocrx_word' id='word_1_844' title='bbox 600 5587 854 5640; x_wconf 89' lang='lat' dir='ltr'><strong>omnibus</strong></span> <span class='ocrx_word' id='word_1_845' title='bbox 877 5597 1008 5637; x_wconf 83' lang='lat' dir='ltr'><strong>mss.</strong></span> 
     </span>
    </p>
   </div>
   <div class='ocr_carea' id='block_1_105' title="bbox 579 5643 1636 5727">
    <p class='ocr_par' dir='ltr' id='par_1_105' title="bbox 579 5643 1636 5727">
     <span class='ocr_line' id='line_1_105' title="bbox 579 5643 1636 5727; baseline -0.018 -16"><span class='ocrx_word' id='word_1_846' title='bbox 579 5656 691 5727; x_wconf 79' lang='lat'><strong>(55)</strong></span> <span class='ocrx_word' id='word_1_847' title='bbox 722 5655 876 5727; x_wconf 77' lang='lat' dir='ltr'><strong>Esse.</strong></span> <span class='ocrx_word' id='word_1_848' title='bbox 902 5650 961 5706; x_wconf 89' lang='lat' dir='ltr'><strong>In</strong></span> <span class='ocrx_word' id='word_1_849' title='bbox 983 5649 1146 5727; x_wconf 62' lang='lat' dir='ltr'><strong>editis</strong></span> <span class='ocrx_word' id='word_1_850' title='bbox 1177 5643 1636 5727; x_wconf 37' lang='lat' dir='ltr'><strong>przetermit‘tit‘ur;</strong></span> 
     </span>
    </p>
   </div>
   <div class='ocr_carea' id='block_1_106' title="bbox 581 5704 2077 5796">
    <p class='ocr_par' dir='ltr' id='par_1_106' title="bbox 581 5704 2077 5796">
     <span class='ocr_line' id='line_1_106' title="bbox 581 5704 2077 5796; baseline -0.017 -14"><span class='ocrx_word' id='word_1_851' title='bbox 722 5704 973 5796; x_wconf 54' lang='lat' dir='ltr'><strong>siéjjiss,</strong></span> <span class='ocrx_word' id='word_1_852' title='bbox 992 5704 1212 5796; x_wconf 37' lang='lat' dir='ltr'><strong>‘Regiq&#39;s</strong></span> <span class='ocrx_word' id='word_1_853' title='bbox 1239 5731 1389 5771; x_wconf 90' lang='lat' dir='ltr'><strong>num.</strong></span> <span class='ocrx_word' id='word_1_854' title='bbox 1423 5713 1584 5796; x_wconf 53' lang='lat'><strong>1659,</strong></span> <span class='ocrx_word' id='word_1_855' title='bbox 1614 5707 1893 5796; x_wconf 74' lang='lat' dir='ltr'><strong>Rabanus,</strong></span> <span class='ocrx_word' id='word_1_856' title='bbox 1921 5704 2077 5796; x_wconf 62' lang='grc' dir='ltr'><strong>βαιο-</strong></span> 
     </span>
    </p>
   </div>
   <div class='ocr_carea' id='block_1_107' title="bbox 511 5782 2075 5851">
    <p class='ocr_par' dir='ltr' id='par_1_107' title="bbox 511 5782 2075 5851">
     <span class='ocr_line' id='line_1_107' title="bbox 511 5782 2075 5851; baseline -0.017 0"><span class='ocrx_word' id='word_1_857' title='bbox 511 5782 704 5851; x_wconf 68' lang='grc' dir='ltr'><strong>άίεἰηυέ</strong></span> <span class='ocrx_word' id='word_1_858' title='bbox 737 5803 791 5848; x_wconf 91' lang='lat' dir='ltr'><strong>et</strong></span> <span class='ocrx_word' id='word_1_859' title='bbox 819 5782 1119 5846; x_wconf 54' lang='lat' dir='ltr'><strong>Merlinus:</strong></span> <span class='ocrx_word' id='word_1_860' title='bbox 1137 5789 1268 5843; x_wconf 84' lang='lat' dir='ltr'><strong>Mss.</strong></span> <span class='ocrx_word' id='word_1_861' title='bbox 1299 5799 1428 5839; x_wconf 88' lang='lat' dir='ltr'><strong>vero</strong></span> <span class='ocrx_word' id='word_1_862' title='bbox 1445 5783 1686 5851; x_wconf 83' lang='lat' dir='ltr'><strong>quidam,</strong></span> <span class='ocrx_word' id='word_1_863' title='bbox 1707 5782 1789 5833; x_wconf 87' lang='lat' dir='ltr'><strong>lac</strong></span> <span class='ocrx_word' id='word_1_864' title='bbox 1819 5787 2075 5851; x_wconf 81' lang='lat' dir='ltr'><strong>portasse,</strong></span> 
     </span>
    </p>
   </div>
   <div class='ocr_carea' id='block_1_108' title="bbox 512 5849 2073 5933">
    <p class='ocr_par' dir='ltr' id='par_1_108' title="bbox 512 5849 2073 5933">
     <span class='ocr_line' id='line_1_108' title="bbox 512 5849 2073 5933; baseline -0.014 -13"><span class='ocrx_word' id='word_1_865' title='bbox 512 5849 798 5922; x_wconf 71' lang='lat' dir='ltr'><strong>secundum</strong></span> <span class='ocrx_word' id='word_1_866' title='bbox 828 5861 966 5933; x_wconf 86' lang='lat' dir='ltr'><strong>quod</strong></span> <span class='ocrx_word' id='word_1_867' title='bbox 1001 5863 1074 5914; x_wconf 88' lang='lat' dir='ltr'><strong>ait</strong></span> <span class='ocrx_word' id='word_1_868' title='bbox 1114 5860 1181 5911; x_wconf 88' lang='lat' dir='ltr'><strong>ad</strong></span> <span class='ocrx_word' id='word_1_869' title='bbox 1215 5849 1558 5933; x_wconf 76' lang='lat' dir='ltr'><strong>Corinthios,</strong></span> <span class='ocrx_word' id='word_1_870' title='bbox 1590 5862 1648 5906; x_wconf 86' lang='lat' dir='ltr'><strong>ut</strong></span> <span class='ocrx_word' id='word_1_871' title='bbox 1685 5859 1868 5933; x_wconf 58' lang='lat' dir='ltr'><strong>potunm</strong></span> <span class='ocrx_word' id='word_1_872' title='bbox 1902 5849 2073 5933; x_wconf 54' lang='lat' dir='ltr'><strong>daret.</strong></span> 
     </span>
    </p>
   </div>
   <div class='ocr_carea' id='block_1_109' title="bbox 516 5914 2077 6002">
    <p class='ocr_par' dir='ltr' id='par_1_109' title="bbox 516 5914 2077 6002">
     <span class='ocr_line' id='line_1_109' title="bbox 516 5914 2077 6002; baseline -0.013 -12"><span class='ocrx_word' id='word_1_873' title='bbox 516 5914 914 5993; x_wconf 60' lang='lat' dir='ltr'><strong>Gettelirardus,</strong></span> <span class='ocrx_word' id='word_1_874' title='bbox 943 5932 1029 5987; x_wconf 87' lang='lat' dir='ltr'><strong>lac</strong></span> <span class='ocrx_word' id='word_1_875' title='bbox 1055 5941 1289 6002; x_wconf 84' lang='lat' dir='ltr'><strong>portasse</strong></span> <span class='ocrx_word' id='word_1_876' title='bbox 1313 5914 1596 5982; x_wconf 80' lang='lat' dir='ltr'><strong>secundum</strong></span> <span class='ocrx_word' id='word_1_877' title='bbox 1624 5914 1761 5992; x_wconf 82' lang='lat' dir='ltr'><strong>quod</strong></span> <span class='ocrx_word' id='word_1_878' title='bbox 1792 5914 2077 5974; x_wconf 82' lang='lat' dir='ltr'><strong>Corinthiis</strong></span> 
     </span>
    </p>
   </div>
   <div class='ocr_carea' id='block_1_110' title="bbox 2177 5140 2560 5214">
    <p class='ocr_par' dir='ltr' id='par_1_110' title="bbox 2177 5140 2560 5214">
     <span class='ocr_line' id='line_1_110' title="bbox 2177 5140 2560 5214; baseline -0.013 -17"><span class='ocrx_word' id='word_1_879' title='bbox 2177 5153 2356 5214; x_wconf 72' lang='lat' dir='ltr'><strong>potum</strong></span> <span class='ocrx_word' id='word_1_880' title='bbox 2389 5140 2560 5214; x_wconf 82' lang='lat' dir='ltr'><strong>d_aret_.</strong></span> 
     </span>
    </p>
   </div>
   <div class='ocr_carea' id='block_1_111' title="bbox 2249 5190 3743 5284">
    <p class='ocr_par' dir='ltr' id='par_1_111' title="bbox 2249 5190 3743 5284">
     <span class='ocr_line' id='line_1_111' title="bbox 2249 5190 3743 5284; baseline -0.02 -16"><span class='ocrx_word' id='word_1_881' title='bbox 2638 5206 3121 5284; x_wconf 35' lang='lat' dir='ltr'><strong>non_debere_eu&#39;m</strong></span> <span class='ocrx_word' id='word_1_882' title='bbox 3167 5217 3259 5267; x_wconf 88' lang='lat' dir='ltr'><strong>per</strong></span> <span class='ocrx_word' id='word_1_883' title='bbox 3291 5215 3356 5278; x_wconf 80' lang='lat' dir='ltr'><strong>ea</strong></span> <span class='ocrx_word' id='word_1_884' title='bbox 3393 5211 3516 5284; x_wconf 63' lang='lat' dir='ltr'><strong>qut?</strong></span> <span class='ocrx_word' id='word_1_885' title='bbox 3553 5190 3743 5246; x_wconf 85' lang='lat' dir='ltr'><strong>intelli-</strong></span> 
     </span>
    </p>
   </div>
   <div class='ocr_carea' id='block_1_112' title="bbox 2179 5271 3743 5364">
    <p class='ocr_par' dir='ltr' id='par_1_112' title="bbox 2179 5271 3743 5364">
     <span class='ocr_line' id='line_1_112' title="bbox 2179 5271 3743 5364; baseline -0.015 -26"><span class='ocrx_word' id='word_1_886' title='bbox 2179 5271 2298 5364; x_wconf 69' lang='lat' dir='ltr'><strong>gere</strong></span> <span class='ocrx_word' id='word_1_887' title='bbox 2328 5271 2434 5337; x_wconf 79' lang='lat' dir='ltr'><strong>non</strong></span> <span class='ocrx_word' id='word_1_888' title='bbox 2469 5271 2638 5350; x_wconf 81' lang='lat' dir='ltr'><strong>potest</strong></span> <span class='ocrx_word' id='word_1_889' title='bbox 2661 5317 2676 5344; x_wconf 92' lang='lat'><strong>,</strong></span> <span class='ocrx_word' id='word_1_890' title='bbox 2713 5273 3173 5346; x_wconf 80' lang='lat' dir='ltr'><strong>disceptationibus</strong></span> <span class='ocrx_word' id='word_1_891' title='bbox 3213 5271 3600 5338; x_wconf 79' lang='lat' dir='ltr'><strong>cogitationum</strong></span> <span class='ocrx_word' id='word_1_892' title='bbox 3635 5276 3743 5314; x_wconf 67' lang='grc' dir='ltr'><strong>(που</strong></span> 
     </span>
    </p>
   </div>
   <div class='ocr_carea' id='block_1_113' title="bbox 2178 5369 2306 5410">
    <p class='ocr_par' dir='ltr' id='par_1_113' title="bbox 2178 5369 2306 5410">
     <span class='ocr_line' id='line_1_113' title="bbox 2178 5369 2306 5410; baseline -0.047 0"><span class='ocrx_word' id='word_1_893' title='bbox 2178 5369 2306 5410; x_wconf 74' lang='grc' dir='ltr'><strong>νενι.</strong></span> 
     </span>
    </p>
   </div>
   <div class='ocr_carea' id='block_1_114' title="bbox 2249 5416 2855 5492">
    <p class='ocr_par' dir='ltr' id='par_1_114' title="bbox 2249 5416 2855 5492">
     <span class='ocr_line' id='line_1_114' title="bbox 2249 5416 2855 5492; baseline -0.013 -16"><span class='ocrx_word' id='word_1_894' title='bbox 2249 5422 2365 5492; x_wconf 85' lang='grc'>(56)</span> <span class='ocrx_word' id='word_1_895' title='bbox 2391 5419 2554 5492; x_wconf 63' lang='grc' dir='ltr'><strong>ξᾱῆιῇ,</strong></span> <span class='ocrx_word' id='word_1_896' title='bbox 2577 5416 2855 5492; x_wconf 82' lang='lat' dir='ltr'><strong>impedita.</strong></span> 
     </span>
    </p>
   </div>
   <div class='ocr_carea' id='block_1_115' title="bbox 2275 5488 2888 5561">
    <p class='ocr_par' dir='ltr' id='par_1_115' title="bbox 2275 5488 2888 5561">
     <span class='ocr_line' id='line_1_115' title="bbox 2275 5488 2888 5561; baseline -0.007 -17"><span class='ocrx_word' id='word_1_897' title='bbox 2275 5488 2367 5561; x_wconf 85' lang='lat'><strong>57)</strong></span> <span class='ocrx_word' id='word_1_898' title='bbox 2393 5490 2561 5561; x_wconf 58' lang='lat' dir='ltr'><strong>Editi,</strong></span> <span class='ocrx_word' id='word_1_899' title='bbox 2587 5503 2690 5561; x_wconf 83' lang='lat' dir='ltr'><strong>non</strong></span> <span class='ocrx_word' id='word_1_900' title='bbox 2726 5488 2888 5540; x_wconf 87' lang='lat' dir='ltr'><strong>sinat.</strong></span> 
     </span>
    </p>
   </div>
   <div class='ocr_carea' id='block_1_116' title="bbox 2249 5502 3745 5630">
    <p class='ocr_par' dir='ltr' id='par_1_116' title="bbox 2249 5502 3745 5630">
     <span class='ocr_line' id='line_1_116' title="bbox 2275 5502 2888 5561; baseline -0.007 -17"><span class='ocrx_word' id='word_1_901' title='bbox 2275 5502 2367 5561; x_wconf 77' lang='lat'><strong>57)</strong></span> <span class='ocrx_word' id='word_1_902' title='bbox 2393 5502 2561 5552; x_wconf 65' lang='lat' dir='ltr'><strong>manu,</strong></span> <span class='ocrx_word' id='word_1_903' title='bbox 2587 5503 2690 5540; x_wconf 89' lang='lat' dir='ltr'><strong>non</strong></span> <span class='ocrx_word' id='word_1_904' title='bbox 2726 5502 2888 5540; x_wconf 82' lang='lat' dir='ltr'><strong>sinat.</strong></span> 
     </span>
     <span class='ocr_line' id='line_1_117' title="bbox 2249 5502 3745 5630; baseline -0.013 -16"><span class='ocrx_word' id='word_1_905' title='bbox 2249 5502 2366 5630; x_wconf 65' lang='lat'><strong>(58)</strong></span> <span class='ocrx_word' id='word_1_906' title='bbox 2393 5559 2561 5623; x_wconf 81' lang='lat' dir='ltr'><strong>Editi,</strong></span> <span class='ocrx_word' id='word_1_907' title='bbox 2590 5559 2695 5630; x_wconf 8' lang='lat' dir='ltr'><strong>sed,</strong></span> <span class='ocrx_word' id='word_1_908' title='bbox 2714 5567 2767 5609; x_wconf 89' lang='lat' dir='ltr'><strong>ut</strong></span> <span class='ocrx_word' id='word_1_909' title='bbox 2792 5556 3137 5630; x_wconf 75' lang='lat' dir='ltr'><strong>perfecturum</strong></span> <span class='ocrx_word' id='word_1_910' title='bbox 3171 5562 3219 5604; x_wconf 86' lang='lat' dir='ltr'><strong>et</strong></span> <span class='ocrx_word' id='word_1_911' title='bbox 3249 5546 3676 5620; x_wconf 78' lang='lat' dir='ltr'><strong>imperfectontm</strong></span> <span class='ocrx_word' id='word_1_912' title='bbox 3697 5540 3745 5594; x_wconf 75' lang='lat' dir='ltr'><strong>in</strong></span> 
     </span>
    </p>
   </div>
   <div class='ocr_carea' id='block_1_117' title="bbox 2181 5625 3501 5694">
    <p class='ocr_par' dir='ltr' id='par_1_117' title="bbox 2181 5625 3501 5694">
     <span class='ocr_line' id='line_1_118' title="bbox 2181 5625 3501 5694; baseline -0.013 -6"><span class='ocrx_word' id='word_1_913' title='bbox 2181 5625 2422 5688; x_wconf 76' lang='lat' dir='ltr'><strong>Ecclesia</strong></span> <span class='ocrx_word' id='word_1_914' title='bbox 2453 5629 2812 5690; x_wconf 88' lang='lat' dir='ltr'><strong>concordiam,</strong></span> <span class='ocrx_word' id='word_1_915' title='bbox 2838 5625 2888 5680; x_wconf 89' lang='lat' dir='ltr'><strong>et</strong></span> <span class='ocrx_word' id='word_1_916' title='bbox 2907 5625 3353 5694; x_wconf 79' lang='lat' dir='ltr'><strong>imperfectorum,</strong></span> <span class='ocrx_word' id='word_1_917' title='bbox 3388 5631 3501 5675; x_wconf 86' lang='lat' dir='ltr'><strong>etc.</strong></span> 
     </span>
    </p>
   </div>
   <div class='ocr_carea' id='block_1_118' title="bbox 2256 5695 3112 5772">
    <p class='ocr_par' dir='ltr' id='par_1_118' title="bbox 2256 5695 3112 5772">
     <span class='ocr_line' id='line_1_119' title="bbox 2256 5695 3112 5772; baseline -0.009 -17"><span class='ocrx_word' id='word_1_918' title='bbox 2256 5700 2369 5772; x_wconf 86' lang='lat'><strong>(59)</strong></span> <span class='ocrx_word' id='word_1_919' title='bbox 2408 5698 2925 5772; x_wconf 22' lang='lat' dir='ltr'><strong>[_‘3diti,‘increpabat,</strong></span> <span class='ocrx_word' id='word_1_920' title='bbox 2953 5695 3112 5748; x_wconf 88' lang='lat' dir='ltr'><strong>male.</strong></span> 
     </span>
    </p>
   </div>
   <div class='ocr_carea' id='block_1_119' title="bbox 2257 5761 3749 5842">
    <p class='ocr_par' dir='ltr' id='par_1_119' title="bbox 2257 5761 3749 5842">
     <span class='ocr_line' id='line_1_120' title="bbox 2257 5761 3749 5842; baseline -0.013 -16"><span class='ocrx_word' id='word_1_921' title='bbox 2257 5761 2370 5842; x_wconf 84' lang='lat'><strong>(60)</strong></span> <span class='ocrx_word' id='word_1_922' title='bbox 2399 5769 2468 5822; x_wconf 87' lang='lat' dir='ltr'><strong>Et</strong></span> <span class='ocrx_word' id='word_1_923' title='bbox 2498 5780 2553 5842; x_wconf 79' lang='lat' dir='ltr'><strong>ut</strong></span> <span class='ocrx_word' id='word_1_924' title='bbox 2576 5768 2688 5842; x_wconf 69' lang='lat' dir='ltr'><strong>ipse</strong></span> <span class='ocrx_word' id='word_1_925' title='bbox 2713 5761 2898 5842; x_wconf 74' lang='lat' dir='ltr'><strong>capere</strong></span> <span class='ocrx_word' id='word_1_926' title='bbox 2933 5773 3257 5842; x_wconf 68' lang='lat' dir='ltr'><strong>nonpotest,</strong></span> <span class='ocrx_word' id='word_1_927' title='bbox 3290 5773 3398 5818; x_wconf 86' lang='lat' dir='ltr'><strong>etc.</strong></span> <span class='ocrx_word' id='word_1_928' title='bbox 3439 5761 3541 5842; x_wconf 41' lang='lat' dir='ltr'><strong>S‘ic.</strong></span> <span class='ocrx_word' id='word_1_929' title='bbox 3568 5771 3749 5815; x_wconf 86' lang='lat' dir='ltr'><strong>omnes</strong></span> 
     </span>
    </p>
   </div>
   <div class='ocr_carea' id='block_1_120' title="bbox 2189 5833 3750 5904">
    <p class='ocr_par' dir='ltr' id='par_1_120' title="bbox 2189 5833 3750 5904">
     <span class='ocr_line' id='line_1_121' title="bbox 2189 5833 3750 5904; baseline -0.013 -6"><span class='ocrx_word' id='word_1_930' title='bbox 2189 5833 2321 5898; x_wconf 78' lang='lat' dir='ltr'><strong>mss.</strong></span> <span class='ocrx_word' id='word_1_931' title='bbox 2353 5833 2533 5894; x_wconf 79' lang='lat' dir='ltr'><strong>nostri</strong></span> <span class='ocrx_word' id='word_1_932' title='bbox 2563 5833 2618 5891; x_wconf 83' lang='lat' dir='ltr'><strong>et</strong></span> <span class='ocrx_word' id='word_1_933' title='bbox 2660 5833 2930 5893; x_wconf 77' lang='lat' dir='ltr'><strong>Rabattus.</strong></span> <span class='ocrx_word' id='word_1_934' title='bbox 2967 5835 3107 5891; x_wconf 77' lang='lat' dir='ltr'><strong>Editi</strong></span> <span class='ocrx_word' id='word_1_935' title='bbox 3141 5849 3294 5900; x_wconf 85' lang='lat' dir='ltr'><strong>vero,</strong></span> <span class='ocrx_word' id='word_1_936' title='bbox 3334 5833 3472 5904; x_wconf 80' lang='lat' dir='ltr'><strong>quod</strong></span> <span class='ocrx_word' id='word_1_937' title='bbox 3523 5834 3635 5902; x_wconf 86' lang='lat' dir='ltr'><strong>ipse</strong></span> <span class='ocrx_word' id='word_1_938' title='bbox 3672 5843 3750 5879; x_wconf 79' lang='lat' dir='ltr'><strong>ca-</strong></span> 
     </span>
    </p>
   </div>
   <div class='ocr_carea' id='block_1_121' title="bbox 2188 5921 2780 5984">
    <p class='ocr_par' dir='ltr' id='par_1_121' title="bbox 2188 5921 2780 5984">
     <span class='ocr_line' id='line_1_122' title="bbox 2188 5921 2780 5984; baseline -0.014 -15"><span class='ocrx_word' id='word_1_939' title='bbox 2188 5929 2308 5984; x_wconf 85' lang='lat' dir='ltr'><strong>pere</strong></span> <span class='ocrx_word' id='word_1_940' title='bbox 2334 5928 2437 5968; x_wconf 90' lang='lat' dir='ltr'><strong>non</strong></span> <span class='ocrx_word' id='word_1_941' title='bbox 2462 5921 2646 5982; x_wconf 81' lang='lat' dir='ltr'><strong>potest,</strong></span> <span class='ocrx_word' id='word_1_942' title='bbox 2675 5921 2780 5965; x_wconf 90' lang='lat' dir='ltr'><strong>etc.</strong></span> 
     </span>
    </p>
   </div>
  </div>
