3796 6604
140 466 161 521 1
175 465 266 520 337

1094 466 1447 526 COMMENT.
1484 467 1550 522 IN
1584 465 1802 524 El’lST.
1835 466 1926 521 AD
1963 466 2132 524 ROM.
2178 468 2306 525 LIB.
2340 470 2431 526 lX.

3249 477 3397 534 1258

137 597 249 637 cum
278 580 577 649 charitate,
608 583 750 640 sicut
783 584 988 641 Paulus
1018 598 1348 652 commonet,
1386 589 1709 659 agunt(6t),
1739 597 1787 652 Α
1814 605 1921 658 que
1951 590 2247 659 capitulum
2275 591 2328 645 in
2362 605 2469 660 quo
2496 590 2688 662 dogma
2710 593 2928 661 pietatis
2962 601 3017 648 et
3047 594 3170 650 ﬁdei
3204 598 3385 650 conti-

137 673 380 728 similiter
399 679 469 730 de
495 677 922 746 imperitioribus
949 681 1257 752 quibusque
1286 682 1580 750 opinantur
1608 700 1623 736 :
1651 692 1707 737 et

135 766 248 821 ideo
274 774 607 835 potestatem
628 768 781 825 fratri
805 756 1080 838 jndicandi
1100 771 1287 829 fratris
1315 774 1540 828 exeruit.
1561 773 1707 827 Bene

136 865 306 912 autem
333 859 572 914 alienum
600 879 804 918 servum
831 865 928 926 ait.
948 866 1072 933 quia
1096 866 1355 922 Dominus
1383 869 1518 924 dicit
1550 887 1563 923 :
1603 868 1706 923 Vos

136 959 304 1002 autem
343 966 529 1006 omnes
571 952 766 1022 fratres
795 956 919 1009 estis
951 955 1018 1011 “.
1051 955 1255 1014 Omnes
1281 999 1297 1024 ,
1346 960 1447 1016 hoc
1474 969 1557 1016 est
1586 963 1708 1016 uni-

133 1055 283 1096 versa
317 1053 574 1099 creatura
599 1087 616 1114 ,
645 1055 700 1100 et
731 1063 872 1114 unus
915 1057 1002 1105 est
1034 1049 1183 1105 solus
1229 1050 1492 1107 Dominus
1542 1051 1704 1108 Jesus

134 1132 401 1202 Christus,
439 1136 534 1205 qui
563 1148 646 1193 est
674 1125 934 1194 Dominus
959 1141 1190 1194 omnium
1214 1181 1229 1203 ,
1269 1142 1410 1196 dives
1449 1145 1506 1197 in
1543 1145 1706 1198 omni-

134 1225 220 1278 bus
253 1224 324 1278 “.
360 1227 540 1282 Simul
590 1236 648 1283 et
691 1227 990 1284 bonitatem
1030 1232 1120 1286 Dei
1170 1231 1492 1289 ineffabilem
1527 1237 1706 1290 mani-

131 1315 308 1382 festat,
341 1331 469 1372 cum
503 1319 634 1374 dicit
656 1320 723 1375 de
746 1334 812 1375 eo
838 1322 932 1390 qui
955 1323 1220 1379 cecidisse
1237 1323 1470 1392 videtur,
1487 1328 1701 1382 etiamsi

131 1422 254 1462 vere
295 1411 596 1476 ceciderit,
634 1413 760 1480 quia
803 1422 985 1482 potens
1023 1424 1100 1468 est
1143 1413 1284 1470 Deus
1329 1414 1443 1487 (62)
1477 1427 1704 1474 statuere

130 1498 274 1554 illum
300 1501 367 1554 ⁸⁷.
402 1501 659 1558 Dominus
689 1504 834 1559 enim
864 1505 1017 1575 erigit
1049 1505 1203 1561 elisos
1223 1506 1294 1562 ⁸⁸.

195 1593 285 1650 37.
323 1593 472 1648 Alter
494 1596 708 1665 judicat
756 1597 990 1653 alternos
1015 1599 1128 1655 dies
1159 1617 1178 1665 ;
1208 1600 1344 1655 alter
1370 1612 1550 1656 autem
1587 1599 1702 1674 (63)

121 1683 326 1753 judicat
354 1701 563 1739 onmem
593 1689 750 1742 diem.
774 1686 1141 1758 Unusquisque
1161 1693 1215 1745 in
1246 1708 1343 1746 suo
1364 1709 1516 1747 sensu
1538 1695 1704 1748 abun-

126 1776 208 1831 det
239 1777 308 1832 ".
342 1775 592 1834 Diximus
634 1781 884 1849 superius
922 1785 1215 1838 secundum
1261 1785 1455 1839 litterae
1487 1797 1703 1855 aposto-

126 1866 239 1922 licae
280 1869 734 1938 consequentiam
780 1873 952 1926 videri
1001 1873 1116 1928 haec
1166 1873 1234 1928 de
1281 1876 1532 1930 ciborum
1583 1874 1698 1946 (64)

1810 691 1991 747 netur,
2009 683 2124 736 dies
2149 682 2382 737 dicatur.
2402 681 2541 738 Vere
2572 685 2720 738 enim
2745 685 2861 740 dies
2881 695 2964 739 est
2994 683 3110 756 (68)
3141 688 3234 754 qui
3261 686 3385 740 illu-

1811 775 1978 827 minat
2008 783 2244 829 mentem
2273 814 2289 840 ,
2314 775 2408 843 qui
2441 775 2763 845 ignorantiae
2787 777 3042 832 tenebras
3075 775 3245 847 fugat,
3281 777 3373 846 qui

1808 864 2102 927 Christum,
2149 866 2241 935 qui
2272 867 2354 922 sol
2397 875 2481 921 est
2509 866 2739 937 justitim
2766 867 2835 930 τί,
2881 867 3042 922 habet
3070 868 3125 922 in
3157 882 3299 926 sese.
3325 869 3382 922 Si

1808 957 1931 1025 quis
1979 969 2112 1026 ergo
2159 957 2232 1012 sit
2277 958 2372 1025 qui
2428 957 2502 1012 ita
2533 959 2732 1014 divinis
2784 959 2980 1013 litteris
3024 974 3247 1028 operam
3279 959 3382 1013 im-

1807 1049 2010 1119 pendat
2062 1063 2127 1105 ac
2175 1051 2454 1114 studium,
2506 1059 2566 1105 ut
2610 1065 2826 1106 omnem
2878 1051 3024 1106 diem
3075 1062 3129 1105 et
3164 1067 3382 1108 omnem

1807 1153 2025 1193 sensum
2055 1139 2355 1211 Scriptura:
2387 1139 2584 1196 divinae
2622 1141 2878 1196 discutiat
2907 1151 2962 1196 et
2989 1141 3272 1210 dijudicet,
3311 1146 3386 1198 ita

1807 1240 1867 1284 ut
1898 1247 2002 1286 non
2033 1247 2156 1286 eum
2218 1242 2462 1288 transeat
2495 1235 2562 1288 de
2608 1234 2726 1305 lege
2763 1235 2873 1289 iota
2915 1250 3080 1289 unum
3113 1238 3197 1290 vel
3243 1253 3386 1291 unus

1807 1335 1945 1388 apex
1979 1321 2050 1384 ",
2099 1321 2188 1377 hic
2225 1336 2443 1379 omnem
2487 1323 2631 1379 diem
2671 1325 2946 1380 videbitur
2977 1325 3243 1394 judicare.
3283 1326 3383 1394 Qui

1805 1420 1988 1464 autem
2012 1427 2116 1467 non
2139 1422 2224 1468 est
2247 1423 2430 1471 tantus
2451 1415 2692 1486 ingenio,
2717 1417 2981 1482 alternos,
3001 1417 3053 1472 id
3079 1429 3164 1472 est
3181 1433 3386 1487 paucos

1804 1502 1965 1572 661
2002 1518 2066 1558 ex
2099 1503 2283 1558 multis
2314 1505 2497 1574 capiet
2523 1521 2735 1568 sensus,
2768 1507 2859 1576 qui
2881 1507 2927 1562 si
2959 1522 3062 1561 non
3103 1509 3171 1561 ad
3207 1508 3383 1577 pleni-

1808 1593 2050 1646 tudinem
2074 1593 2320 1649 scientiae
2347 1593 2638 1661 sulliciant,
2663 1605 2718 1649 at
2741 1607 2889 1652 certe
2917 1599 3008 1666 qui
3032 1599 3097 1652 ad
3115 1614 3386 1653 summam

1805 1681 1932 1736 ﬁdei
1970 1684 2106 1738 satis
2136 1685 2248 1740 sint
2284 1684 2421 1756 (69).
2466 1685 2704 1756 Uterque
2741 1702 2872 1758 ergo
2897 1691 3197 1744 secundum
3246 1705 3384 1759 apo-

1805 1774 2060 1830 stolicum
2105 1777 2398 1833 consilium
2445 1778 2655 1850 gratias
2697 1791 2820 1848 agat
2859 1780 2969 1836 Deo
2999 1779 3144 1852 (70);
3172 1781 3262 1837 ille
3289 1783 3386 1850 qui

1804 1867 1949 1936 sapit
1976 1882 2192 1923 omnem
2227 1869 2390 1934 diem,
2421 1882 2475 1926 et
2507 1871 2602 1939 qui
2633 1874 2924 1927 manducat
2951 1877 3157 1938 omnia,
3212 1875 3263 1929 id
3299 1885 3382 1929 est

127 1959 482 2027 continentia,
515 1961 600 2016 vel
629 1963 1118 2035 libertatetractari
1151 1983 1165 2019 :
1199 1969 1453 2035 quoniam
1482 1941 1700 2024 vacatio
1733 1941 1778 1996 Β
1804 1960 1895 2029 qui
1934 1963 2185 2030 agnoscit
2220 1972 2276 2016 et
2322 1963 2576 2033 intelligit
2619 1965 2842 2028 omnia;
2887 1975 2942 2018 et
2987 1966 3077 2019 ille
3126 1967 3217 2036 qui
3253 1967 3380 2021 licet

131 2050 345 2119 quidem
382 2069 506 2122 quae
534 2053 587 2108 in
616 2055 835 2110 Christo
871 2067 978 2121 est,
1005 2058 1137 2112 nihil
1169 2074 1457 2114 commune
1481 2069 1573 2114 aut
1597 2061 1698 2114 im-

128 2142 392 2197 mundum
419 2146 575 2214 ponit
605 2146 658 2200 in
700 2149 858 2212 cibis,
891 2149 986 2203 sed
1021 2151 1368 2204 continentia:
1399 2150 1537 2205 ratio
1573 2167 1698 2205 sua-

130 2234 211 2288 det
235 2236 405 2290 etiam
440 2252 472 2291 a
520 2237 689 2294 licitis
731 2241 1023 2298 abstinere.
1054 2242 1169 2296 Non
1200 2243 1346 2298 enim
1369 2285 1384 2310 ,
1415 2252 1554 2299 utet
1581 2244 1696 2311 ipse

125 2324 175 2379 in
217 2327 341 2382 aliis
384 2329 569 2394 dicit,
611 2333 736 2401 quia
785 2336 969 2395 omnia
1025 2335 1232 2400 licent,
1269 2336 1480 2390 idcirco
1529 2337 1694 2392 etiam

124 2418 302 2472 omnia
334 2422 674 2489 expediunt,
704 2424 788 2479 vel
817 2426 1004 2479 omnia
1038 2426 1310 2480 aediﬁcant
1337 2427 1428 2481 °".
1464 2426 1582 2497 Ipsa
1611 2438 1696 2483 ta-

127 2521 241 2561 men
283 2509 634 2568 abstinentim
665 2515 804 2570 ratio
833 2516 1047 2572 diversa
1077 2528 1160 2572 est
1193 2533 1291 2587 pro
1321 2529 1450 2573 voto
1487 2529 1545 2573 et
1567 2533 1694 2589 pro-

124 2599 298 2667 posito
331 2606 588 2660 voventis
619 2607 758 2678 (65).
786 2608 940 2664 Alius
966 2625 1197 2680 namque
1224 2611 1330 2665 hoc
1366 2609 1602 2680 judicat,
1635 2618 1691 2665 et

123 2690 190 2744 ita
234 2693 382 2760 apud
425 2696 640 2752 animos
685 2712 814 2754 suos
851 2701 1095 2756 decernit
1119 2740 1136 2766 ,
1166 2710 1227 2755 ut
1257 2715 1476 2756 onmem
1503 2701 1648 2757 diem
1676 2747 1693 2772 ,

122 2783 216 2836 hoc
244 2793 331 2838 est
359 2787 688 2842 continuum
724 2791 847 2844 vita:
892 2805 1004 2845 suae
1036 2799 1246 2860 tempus
1275 2793 1458 2861 exigat
1511 2793 1564 2847 in
1597 2795 1697 2849 ab-

122 2864 395 2934 stinentia.
431 2880 590 2936 Alius
636 2896 767 2937 vero
810 2893 1026 2952 tempus
1061 2884 1276 2954 aliquod
1323 2885 1468 2940 velut
1513 2887 1692 2941 votiva

121 2971 455 3038 professione
485 2973 750 3027 decernit.
774 2973 830 3028 lu
863 2989 972 3042 quo
999 2973 1126 3030 sive
1155 2986 1216 3031 ut
1253 2975 1462 3046 jugem,
1493 2979 1608 3033 sive
1632 2990 1694 3032 ut

121 3064 473 3133 temporalem
507 3065 776 3135 suscipiat
803 3067 1193 3122 continentiam
1220 3111 1234 3135 ,
1265 3070 1693 3140 uniuscujusque

121 3155 366 3210 sensibus
398 3157 495 3209 dat
541 3157 765 3212 liberam
796 3157 1138 3213 facultatem.
1171 3159 1477 3229 Utrumque
1511 3171 1689 3217 tamen

121 3257 396 3318 acceptum
447 3249 568 3303 ﬁeri
615 3249 728 3320 (66)
765 3253 905 3320 apud
955 3250 1241 3306 Dominum
1288 3253 1596 3323 pollicetur,
1635 3263 1692 3310 et

118 3349 408 3408 propterea
435 3339 721 3409 subjungit
758 3358 772 3394 :

177 3428 267 3484 58.
310 3429 418 3494 Qui
453 3431 590 3493 sapit
615 3429 776 3495 diem,
813 3429 1040 3485 Domino
1072 3432 1241 3501 sapit;
1275 3442 1323 3487 et
1347 3433 1438 3502 qui
1467 3433 1693 3490 mandu-

116 3529 216 3586 eat,
251 3522 486 3576 Domino
525 3523 813 3576 manducat
841 3538 861 3578 .'
893 3524 1094 3593 gratias
1125 3525 1265 3578 enim
1307 3527 1416 3596 agit
1461 3525 1572 3583 Deo
1594 3543 1613 3581 :
1643 3540 1692 3584 et

118 3612 194 3678 qui
217 3627 324 3665 non
361 3612 682 3677 manducet,
717 3610 947 3666 Domino
985 3629 1090 3667 non
1123 3615 1448 3682 manducat,
1487 3625 1536 3670 et
1567 3633 1691 3686 gra-

117 3703 208 3756 tias
247 3703 362 3774 agit
409 3702 525 3757 Deo
557 3703 627 3758 ⁷ο.
671 3703 875 3758 Gratiae
911 3717 1044 3774 ergo
1075 3704 1187 3776 (67)
1220 3706 1332 3761 Deo
1363 3706 1433 3761 ab
1459 3715 1691 3778 utroque

116 3796 422 3852 referuntur
449 3813 464 3850 :
497 3798 570 3852 ab
598 3795 691 3852 illo
717 3797 936 3866 quidem
961 3813 1057 3867 pro
1087 3797 1272 3854 fructu
1301 3798 1686 3866 continentiae;

115 3888 176 3941 ab
201 3888 303 3945 hoc
333 3903 471 3944 vero
503 3903 602 3958 pro
646 3889 902 3944 libertate
951 3891 1232 3948 vescendi.
1263 3889 1373 3946 Sed
1405 3892 1686 3960 quoniam,

116 3987 167 4032 ut
197 3979 250 4032 in
275 3977 654 4034 anterioribus
677 3980 1034 4047 ostendimus,
1063 3981 1384 4051 profundior
1413 3981 1688 4037 invenitur

115 4070 349 4136 Apostoli
397 4084 638 4136 sensus,
669 4085 834 4140 quam
876 4071 1127 4126 ciborum
1181 4071 1484 4127 carnalium
1540 4071 1684 4127 ratio

116 4162 389 4226 continet,
443 4163 500 4216 in
547 4161 820 4230 spirituali
860 4162 1235 4232 expositione,
1276 4162 1572 4218 secundum
1619 4175 1682 4215 ea

117 4267 225 4319 quae
251 4268 420 4324 supra
455 4254 816 4310 disseruimus
841 4253 908 4308 de
937 4255 1022 4309 bis
1047 4268 1280 4324 quorum
1309 4255 1446 4310 alius
1465 4267 1682 4310 omnem

116 4344 245 4398 diem
271 4387 289 4414 ,
331 4346 476 4401 alius
523 4359 656 4401 vero
683 4346 925 4403 alternos
974 4349 1185 4417 judicat
1211 4348 1348 4413 dies,
1393 4359 1682 4415 possumus

116 4434 232 4491 illud
261 4438 501 4502 sentire,
527 4435 674 4506 quod
705 4437 757 4491 in
792 4435 1093 4507 Scripturis
1110 4437 1310 4492 divinis
1342 4434 1679 4504 unumquod-

174 4556 218 4588 “
246 4556 442 4610 Matth.
471 4569 632 4618 mn,
674 4555 730 4610 8.
794 4555 840 4587 “
879 4554 1037 4610 Rom.
1076 4572 1132 4609 x.
1175 4557 1265 4610 12.

113 4625 306 4752 3,182;
356 4627 375 4682 l
409 4626 540 4683 Cor.
569 4641 626 4693 ι,
648 4625 740 4680 25.
812 4625 859 4657 ⁷⁸
891 4627 1050 4683 Rom.
1087 4641 1198 4694 xxv,
1225 4625 1280 4680 6.

145 4711 177 4760 ι,
242 4737 258 4750 .

1353 4554 1398 4586 θ’
1426 4553 1582 4606 Rom.
1625 4567 1736 4618 xiv,
1775 4552 1830 4606 4.

1366 4625 1410 4655 ⁷¹
1446 4623 1677 4680 Malach.
1711 4639 1786 4689 tv,
1812 4623 1868 4676 2.
1942 4623 1990 4655 ’³
2024 4622 2298 4687 Mattli.'v,
2332 4622 2418 4676 18.
2494 4624 2540 4654 ⁷³
2584 4623 2740 4678 Rom.
2773 4639 2885 4690 xw,
2920 4625 3038 4679 7-9.

1803 2067 1907 2104 non
1943 2053 2128 2106 omnia
2170 2056 2483 2119 manducet,
2515 2063 2572 2107 et
2614 2070 2720 2109 non
2758 2057 3135 2111 universorum
3173 2058 3376 2113 intelli-

1801 2147 2038 2213 gentiam
2075 2145 2279 2215 capiat,
2315 2147 2468 2201 brevi
2503 2156 2681 2201 tamen
2727 2149 2848 2206 ﬁdei
2896 2148 3240 2204 confessione
3268 2152 3377 2204 sal-

1797 2247 1975 2290 vatur.
2027 2237 2092 2291 Et
2135 2238 2254 2292 ideo
2298 2239 2462 2293 etiam
2514 2254 2620 2295 non
2670 2241 3012 2295 manducans
3045 2242 3248 2305 omnia,
3278 2257 3377 2297 nec

1796 2330 2040 2384 omnium
2077 2331 2361 2385 scientiam
2393 2347 2640 2397 sumens,
2664 2347 2829 2401 agere
2855 2342 3034 2388 tamen
3065 2334 3231 2388 etiam
3261 2335 3377 2404 ipse

1795 2421 1998 2491 gratias
2033 2421 2230 2476 dicitur
2257 2423 2384 2476 Deo.

1867 2512 1956 2568 59.
1998 2512 2170 2568 Nemo
2213 2516 2353 2568 enim
2390 2525 2628 2569 nostrum
2668 2517 2768 2569 sibi
2803 2519 2948 2582 vivit,
2980 2529 3026 2571 et
3076 2535 3223 2573 nemo
3269 2520 3373 2574 sibi

1795 2603 2060 2668 moritur;
2103 2604 2208 2658 sive
2239 2607 2398 2658 etiam
2445 2606 2685 2668 vivimus,
2728 2606 2952 2661 Domino
2989 2609 3244 2674 vivimus;
3270 2612 3375 2665 sive

1793 2694 2071 2760 morimur,
2095 2693 2324 2749 Domino
2355 2698 2635 2750 morimur.
2668 2696 2788 2750 Sive
2813 2701 2975 2765 igitur
3002 2701 3248 2766 vivimus,
3267 2701 3373 2756 sive

1792 2785 2073 2852 morimur,
2115 2785 2329 2839 Domini
2376 2803 2577 2840 sumus.
2629 2786 2695 2839 In
2732 2789 2827 2842 hoc
2865 2791 3008 2842 enim
3041 2789 3285 2846 Christus
3323 2800 3373 2846 et

1793 2892 2033 2934 mortuus
2059 2888 2160 2944 est,
2187 2892 2238 2934 et
2275 2880 2424 2945 vixit,
2443 2891 2499 2932 ut
2523 2892 2569 2934 et
2593 2892 2919 2935 mortuorum
2943 2893 2989 2935 et
3014 2885 3250 2937 vivorum
3273 2884 3366 2936 do-

1793 2970 2103 3024 minetur".
2151 2970 2290 3037 Quid
2339 2972 2412 3025 sit
2461 2974 2643 3024 vivere
2689 2972 2741 3024 in
2785 2971 3032 3037 ChriSto,
3070 2984 3126 3027 et
3149 2975 3279 3042 quid
3303 2975 3374 3028 sit

1794 3065 1933 3117 mori
1967 3066 2020 3116 in
2061 3063 2301 3126 Christo,
2333 3064 2536 3117 dictum
2579 3077 2721 3131 smpe
2763 3079 2790 3115 a
2830 3064 2985 3117 nobis
3011 3076 3095 3119 est
3127 3067 3180 3119 in
3215 3067 3372 3134 hujus

1793 3153 2050 3222 Epistula:
2092 3154 2456 3220 expositione,
2496 3164 2552 3208 et
2593 3155 2868 3223 praecipue
2912 3155 2965 3208 in
3004 3170 3069 3209 eo
3117 3155 3233 3211 loco
3278 3159 3368 3212 ubi

1793 3244 2085 3314 explanare
2119 3245 2455 3298 tentavimus
2481 3259 2788 3299 sermonem
2829 3244 3077 3313 Apostoli
3112 3260 3219 3315 quo
3245 3247 3322 3301 ait
3352 3263 3366 3297 :

1794 3334 1858 3392 Si
1880 3346 2055 3391 autem
2084 3338 2280 3390 mortui
2310 3352 2490 3390 sumus
2526 3351 2642 3389 cum
2675 3336 2910 3401 Christo,
2953 3337 3214 3392 credimus
3243 3340 3372 3406 quia

1749 3467 1752 3470 ι
1789 3439 1837 3483 et
1868 3431 2201 3482 convivemus
2228 3429 2277 3482 ei
2292 3428 2361 3482 τ’.
2398 3428 2455 3482 Si
2485 3442 2617 3499 ergo
2649 3429 2994 3483 meminimus
3022 3443 3144 3498 quae.
3170 3428 3225 3484 in
3265 3433 3370 3484 hoc

1789 3519 1912 3575 loco
1947 3519 2093 3576 dicta
2133 3529 2283 3585 sunt,
2325 3535 2395 3575 ex
2441 3521 2573 3590 ipsis
2606 3520 2774 3575 etiam
2803 3521 3126 3589 propositus
3151 3525 3206 3575 In
3234 3536 3370 3592 prae-

1789 3613 1931 3669 senti
1961 3627 2148 3668 sermo
2195 3612 2444 3682 Apostoli
2491 3613 2732 3681 apertior
2761 3621 2815 3668 et
2835 3612 3068 3668 lucidior
3095 3612 3210 3680 (iet,
3240 3627 3379 3682 quo-7

1789 3704 1952 3759 modo
1981 3716 2144 3758 nemo
2183 3702 2299 3773 (71)
2333 3713 2578 3760 nostrum
2615 3703 2719 3758 sibi
2768 3707 2938 3770 vivat,
2968 3712 3024 3759 et
3067 3718 3228 3760 nemo
3261 3706 3363 3762 sibi

1789 3796 2081 3850 moriatur.
2112 3794 2231 3850 Non
2263 3795 2409 3852 enim
2447 3797 2819 3866 unusquisque
2855 3797 2970 3867 ipse
2999 3797 3102 3852 sibi
3128 3799 3242 3864 dat,
3270 3801 3370 3854 sed

1789 3901 1821 3942 a
1861 3886 2088 3943 Christo
2131 3886 2300 3942 sumit
2339 3887 2532 3942 mortis
2567 3887 2898 3956 exemplum,
2934 3888 3029 3957 qui
3061 3888 3210 3943 solus
3233 3903 3364 3959 pec—

1787 3990 1913 4036 cato
1948 3987 2198 4036 mortuus
2228 3986 2314 4034 est
2340 3977 2480 4049 (72),
2527 3988 2584 4033 ut
2633 3988 2689 4032 et
2729 3980 2846 4047 ipse
2897 3979 3205 4034 imitatione
3246 3980 3364 4047 ejus

1787 4073 1958 4142 possit
1999 4071 2214 4127 alienus
2250 4078 2307 4126 et
2349 4079 2596 4124 mortuus
2631 4071 2769 4126 ellici
2810 4086 2841 4125 a
2885 4079 3133 4140 peccato.
3177 4071 3284 4127 Sed
3311 4082 3367 4126 et

1790 4166 1917 4219 vitae
1941 4161 2248 4232 exemplum
2284 4177 2397 4216 non
2426 4163 2528 4233 ipsi
2567 4177 2635 4217 ex
2669 4164 2825 4219 nobis
2864 4164 3146 4231 habemus,
3177 4167 3270 4219 sed
3298 4179 3365 4218 ex

1790 4250 1994 4307 Christi
2029 4252 2432 4306 resurrectione
2461 4252 2811 4323 suscipimus,
2848 4263 2908 4308 ut
2947 4254 3091 4310 idem
3121 4255 3362 4324 Aposto-

1789 4341 1875 4396 lus
1902 4341 2072 4396 dicit:
2102 4339 2173 4395 Ut
2206 4343 2340 4396 sicut
2373 4340 2614 4396 Christus
2646 4346 2937 4398 resurrexit
2962 4363 2996 4400 a
3025 4348 3248 4400 mortuis
3272 4363 3365 4413 per

1785 4433 2011 4505 gloriam
2050 4430 2257 4501 Patris,
2299 4433 2374 4487 ita
2409 4445 2456 4488 et
2494 4452 2585 4490 nos
2620 4437 2674 4488 in
2707 4438 2932 4492 novitate
2969 4439 3102 4493 vitae
3131 4439 3370 4492 ambule-

1920 4553 1966 4585 ⁸⁸
1985 4550 2132 4607 Psal.
2166 4551 2458 4616 cxmv,11.
2541 4553 2584 4586 θ’
2613 4553 2772 4608 Rom.
2802 4569 2912 4617 xiv,
2943 4552 2998 4607 5.
3078 4553 3142 4586 σθ·
3179 4552 3200 4606 I
3233 4552 3362 4608 Cor.

1942 4623 1990 4655 "
2024 4622 2298 4678 Mattli.'v.
2332 4622 2418 4676 18.
2494 4624 2540 4654 ⁷³
2584 4623 2740 4678 Rom.
2773 4639 2885 4678 XIV.
2920 4625 3038 4678 7-9.
3134 4625 3181 4656 ⁷⁵
3204 4623 3360 4678 Rom.

1701 4789 1746 4842 D
1845 4786 1960 4856 (68)
2002 4786 2100 4842 Ms.
2151 4785 2354 4857 Regius
2409 4803 2556 4840 unm.
2607 4787 2780 4855 1659,
2832 4787 2958 4855 quia
2996 4786 3359 4857 illuminat...

1771 4855 1894 4928 quia
1920 4855 2329 4928 iginorantiwi...
2360 4859 2485 4928 quia
2513 4858 2781 4911 Christum
2804 4895 2820 4922 ,
2849 4865 2952 4912 etc.
2999 4855 3108 4911 Sed
3176 4859 3356 4912 caeteri

1769 4927 1930 4984 mss.
1961 4927 2220 4982 Rabanus
2250 4937 2306 4981 et
2331 4927 2460 4981 editi
2491 4937 2548 4981 ut
2579 4928 2632 4980 in
2668 4937 2856 4981 nostro
2883 4934 3054 4979 textu.

1842 4997 1954 5068 (69)
1991 4997 2082 5052 Sic
2105 5013 2206 5052 ms.
2239 4996 2439 5069 Regius
2463 5013 2611 5069 num.
2647 4997 2802 5050 1610.
2818 4994 3012 5069 theri
3039 5008 3169 5049 vero
3193 5003 3343 5069 ξιτεδ..

1770 5066 2027 5140 Rabanus
2043 5077 2096 5140 et
2123 5068 2275 5140 editi,
2305 5069 2490 5140 capiat
2508 5066 2845 5140 (a|.,eapiet)_
2868 5079 3072 5127 sensus,
3097 5075 3144 5114 el
3163 5066 3206 5140 si
3234 5075 3342 5140 non

1768 5138 1862 5206 qui
1900 5139 1969 5192 ad
2013 5138 2390 5204 plenitudinem
2416 5135 2650 5189 scientia:
2679 5136 2965 5205 sufﬁciant,
2993 5144 3048 5188 at
3069 5135 3210 5180 certe
3252 5135 3340 5196 qui

1771 5209 1841 5261 ad
1873 5223 2132 5261 summam
2164 5207 2291 5276 ﬁdei
2319 5207 2450 5261 satis
2478 5207 2604 5267 sint,
2631 5207 2790 5276 editi,
2823 5207 2974 5274 ﬁunt.

1842 5276 1956 5350 (70)
1991 5275 2174 5351 Editi,
2199 5278 2486 5351 secundum
2510 5275 3196 5351 epos‘tolicumﬁfftjfutpuff‘
3210 5283 3340 5319 con-

1770 5334 1950 5402 siliuni
1978 5334 2182 5423 gratias
2205 5348 2314 5423 agit
2342 5345 2479 5423 Deo.
2510 5334 2605 5400 Ms.
2631 5334 3339 5423 chiusjﬁm’o‘ﬁfltmf

1769 5403 2002 5472 cunduni
2025 5403 2263 5483 Apostoli
2290 5415 2591 5478 consilium,
2612 5403 2803 5485 gratia:
2824 5410 2957 5485 αξιοι-
2984 5403 3112 5459 Deo.
3135 5407 3335 5462 Ceteri

1770 5504 1902 5543 vero
1927 5501 2058 5540 mss.
2090 5495 2146 5540 et
2179 5486 2436 5540 Rabanus
2463 5496 2524 5539 ut
2564 5483 2628 5538 in
2648 5483 2825 5537 Μειτο
2850 5483 3023 5528 leXlu.

1841 5559 1952 5628 (71)
1985 5555 2148 5628 Editi,
2181 5558 2237 5606 in
2265 5556 2509 5628 prwsenti
2545 5543 3070 5628 δενηιοηείᾼροξέοιιω
3098 5548 3334 5628 apertior

1769 5639 1817 5682 et
1844 5613 2072 5681 lucidior
2098 5613 2185 5693 fiet
2212 5640 2230 5677 :
2259 5613 2520 5694 quomodo
2539 5628 2707 5697 ξξαηξιξν
2732 5625 2864 5697 μειοο
2895 5613 3028 5697 MS_S_.
3058 5613 3331 5697 quidam,

1768 5699 1824 5752 in
1859 5683 2108 5765 praesenti
2135 5683 2304 5749 sermo
2347 5683 2814 5765 Apogaliﬂide‘u'
2839 5683 3092 5765 αρςζεξρνζ
3121 5687 3331 5765 et__luci-

1773 5753 1893 5822 dio}
1917 5769 2025 5836 ﬁer,
2056 5776 2158 5820 εις,
2196 5765 2300 5819 sed
2462 5753 2659 5823 Regius
2699 5753 3019 5810 num.1639
3062 5765 3117 5810 et
3153 5757 3332 5812 Raba-

1774 5855 1877 5896 nus
1904 5833 1963 5891 ut
1997 5840 2048 5890 in
2082 5846 2266 5890 nostro
2298 5833 2452 5896 trtiu-

1849 5907 1961 5982 (τι)
1990 5907 2156 5975 Editi,
2183 5894 2381 5978 qutsoli
2406 5893 2527 5965 (al..
2562 5894 2694 5967 salo)
2733 5904 2945 5967 peccato
2976 5907 3209 5952 mortuus
3231 5909 3329 5956 est.

170 4788 276 4860 (61)
308 4789 511 4860 Agunt.
548 4787 710 4845 Deest
735 4790 790 4844 in
825 4787 980 4844 libris
1009 4798 1167 4845 antea
1192 4789 1376 4844 editis.

167 4859 279 4928 (62)
316 4859 488 4924 Editi,
519 4860 642 4928 quia
671 4869 852 4926 potens
890 4870 964 4914 est
991 4861 1133 4914 enim
1163 4859 1326 4923 Deus,
1360 4869 1466 4915 etc.

172 4927 282 5000 (63)
315 4929 414 4983 Sic
446 4945 580 4982 mss.
607 4929 748 4985 Editi
777 4944 908 5000 vero
938 4941 994 4984 et
1028 4930 1286 4984 Rabanus
1305 4972 1322 5000 ,
1351 4928 1498 4984 Nam
1527 4930 1668 4984 alius

105 4994 298 5068 iudicat
319 5000 465 5052 diem
490 5000 630 5052 inter
651 5000 822 5065 diem;
845 4999 982 5053 alius
1019 5010 1216 5064 autem,
1242 4994 1351 5055 etc.

171 5070 278 5140 (66)
314 5070 486 5140 Editi,
518 5069 682 5122 videri
711 5070 796 5123 Itic
829 5071 1178 5140 de_ciborum,
1207 5081 1315 5127 etc.

171 5138 280 5210 (65)
311 5139 414 5193 Ms.
444 5138 644 5207 Regius
675 5155 826 5193 num.
856 5138 1018 5205 1659,
1046 5140 1284 5205 volentis,
1314 5139 1475 5210 male.
1513 5139 1674 5195 Dein-

109 5208 170 5265 de
189 5208 340 5276 editi,
367 5219 416 5263 et
447 5209 588 5278 apud
617 5210 853 5263 animum
875 5226 1027 5263 suum
1058 5210 1311 5264 decernit.
1343 5209 1450 5265 Sed
1484 5225 1673 5266 omnes

110 5293 226 5334 mss.
253 5292 307 5336 et
346 5278 607 5333 Rabanus
642 5288 701 5333 ut
734 5280 787 5333 in
819 5288 992 5335 textu.

171 5351 277 5418 (66)
315 5349 616 5416 Utrumque
633 5361 808 5403 tamen
830 5360 1100 5414 acceptum
1127 5349 1267 5417 ﬁeri,
1286 5359 1394 5405 etc.
1427 5349 1522 5404 Sic
1543 5362 1674 5404 mss.

109 5416 442 5489 Regii—num.
491 5419 629 5474 16⁸59
662 5428 716 5474 et
746 5435 894 5489 num.
934 5420 1096 5483 1640,
1129 5416 1187 5473 et
1223 5420 1376 5474 editi.
1417 5419 1674 5473 Rabanus

111 5487 230 5560 vero
261 5502 318 5545 et
364 5491 553 5544 caeleri
589 5506 746 5558 mss.,
781 5487 1070 5560 Utrumque
1109 5501 1281 5544 tamen
1311 5492 1366 5545 in
1405 5499 1672 5557 acceptum

131 5561 248 5622 erri,
275 5561 350 5614 al.
379 5562 520 5622 ﬁeri.

111 5557 248 5625 ferri,
275 5561 350 5614 al.
379 5562 520 5628 ﬁeri.
733 5557 736 5558 ⁷
982 5557 992 5560 ’

175 5630 283 5699 (67)
332 5630 503 5699 Ergo.
552 5630 712 5684 Deest
753 5629 808 5684 in
851 5631 1033 5686 editis.
1085 5629 1289 5686 Deinde
1330 5646 1430 5684 ms.
1473 5629 1672 5699 Regius

110 5711 244 5754 num.
272 5700 412 5755 1659
433 5741 450 5764 ,
488 5701 716 5753 restituit
745 5701 994 5769 quidem;
1033 5710 1087 5754 et
1116 5711 1301 5766 postea
1347 5701 1536 5764 habet,
1575 5699 1671 5753 sed

111 5772 344 5834 quoniam
389 5773 444 5823 in
495 5771 847 5825 anterioribus
895 5771 1220 5840 ostendimus
1257 5774 1394 5840 quod
1441 5770 1670 5840 profun-

112 5842 234 5902 dior,
275 5849 380 5897 etc.
415 5841 485 5894 At
527 5841 708 5896 cmteri
758 5856 919 5907 mss.,
951 5839 1208 5896 Rabanus
1270 5838 1332 5898 et
1353 5839 1484 5899 editi
1515 5848 1570 5895 ut
1617 5838 1671 5894 in

115 5916 266 5965 textu.
