3796 6566
475 361 498 414 ι
509 360 611 416 2'59

1950 357 2272 416 ORIGENIS

3575 357 3691 444 12K

474 481 669 534 mus".
705 479 925 534 Novitas
953 494 1087 548 ergo
1118 478 1241 531 vita:
1278 491 1384 545 qua
1413 474 1466 528 in
1499 472 1714 529 Christo
1746 488 1844 541 per
1878 473 2036 526 fidem
2067 483 2109 534 Α
2143 475 2396 542 perando,
2438 474 2713 528 invitando
2748 475 2926 544 potius
2968 489 3130 543 quam
3181 474 3557 542 extorquendo
3596 491 3682 540 per

477 571 893 624 resurrectionis
947 572 1065 638 ejus
1133 569 1386 632 vivimus,
1447 564 1674 618 Domino
1726 567 2035 632 deputatur,

475 658 599 726 quia
637 674 740 712 non
770 674 798 710 τι
834 660 1010 722 nobis,
1048 657 1142 710 sed
1177 657 1244 708 ab
1275 656 1389 722 ipso
1442 655 1605 707 sumit
1639 654 1955 717 exordium;
1985 661 2039 707 et

477 749 600 804 ideo
632 767 645 801 :
681 750 800 806 Sive
828 753 1043 806 vivimus
1068 748 1200 820 (75),
1230 746 1456 800 Domino
1486 749 1705 801 vivimus
1732 764 1750 811 ;
1787 748 1894 802 sive
1926 763 2039 801 mo-

476 843 668 907 rimur,
703 842 927 896 Domino
970 843 1244 896 morimur.
1283 838 1398 893 Sive
1440 839 1600 906 igitur
1643 838 1884 901 vivimus,
1935 837 2038 892 sive

475 937 756 992 morimur.
801 935 1010 987 Domini
1041 949 1221 986 sumus
1237 933 1304 986 ".
1337 931 1560 985 Mortem
1585 929 1783 983 etenim
1809 929 2040 998 appellat

476 1025 646 1092 illam,
683 1041 786 1094 qua
832 1025 1073 1088 Christo,
1116 1037 1176 1076 ut
1221 1023 1477 1087 diximus,
1519 1020 1846 1089 consepulti,
1884 1028 1940 1073 et
1983 1020 2035 1073 in

476 1127 652 1172 morte
696 1118 866 1188 ipsius
900 1115 1161 1185 baptizati
1182 1117 1249 1177 ’⁷,
1276 1122 1498 1183 peccato
1525 1112 1717 1164 mortui
1747 1125 1952 1173 sumus,
1984 1121 2039 1164 et

473 1210 642 1262 vitam
672 1224 776 1279 qua
809 1209 974 1262 alieni
1005 1206 1180 1262 ell‘ecti
1212 1209 1279 1259 ab
1325 1207 1424 1259 hoc
1469 1204 1690 1266 mundo,
1730 1213 1804 1265 et,
1841 1215 1897 1258 ut
1926 1205 2038 1273 ipse

473 1302 572 1365 ait,
625 1317 690 1354 ex
741 1300 963 1353 mortuis
1002 1298 1221 1352 viventes
1245 1297 1290 1328 ⁷⁸
1322 1296 1456 1366 (74),
1492 1309 1597 1348 non
1647 1294 1823 1358 nobis,
1867 1295 1920 1348 id
1955 1305 2040 1350 est

472 1406 577 1446 non
606 1390 756 1446 carni
790 1391 1046 1455 vivimus,
1076 1389 1172 1443 sed
1209 1388 1338 1452 Deo,
1372 1389 1670 1442 secundum
1717 1401 1780 1440 ea
1826 1402 1946 1455 qua:
1983 1388 2035 1440 in

472 1481 1139 1551 subsequentibasjungit.
1167 1478 1232 1532 In
1257 1462 1352 1532 hoc
1380 1480 1538 1543 enim,
1574 1479 1768 1549 inquit,
1800 1477 2037 1533 Christus

471 1583 711 1628 mortuus
740 1583 815 1626 est
849 1581 896 1626 et
934 1575 1067 1626 vixit
1101 1571 1237 1648 (75),
1269 1580 1328 1624 ut
1376 1580 1428 1624 et
1472 1582 1796 1625 mortuorum
1826 1582 1872 1626 et
1902 1573 2038 1627 vivo-

472 1681 590 1719 rum
625 1663 941 1717 dominetur.
971 1663 1238 1716 Mortuum
1286 1664 1413 1716 dicit
1453 1678 1576 1720 esse
1623 1665 1894 1720 Christum
1926 1665 2038 1720 disc

471 1757 790 1824 pensatione
819 1757 938 1810 sine
966 1755 1130 1810 dubio
1160 1756 1458 1824 passionis;
1486 1756 1684 1812 vixisse
1714 1767 1892 1810 autem
1942 1771 2038 1824 per

470 1857 866 1904 sacramentum
900 1849 1340 1902 resurrectionis.
1372 1847 1527 1902 Unde
1575 1857 1630 1902 et
1681 1848 1838 1902 nobis
1865 1848 2038 1916 primo

471 1941 742 2008 passionis
787 1948 843 1993 et
877 1938 1336 2001 mortificatiouis.
1376 1949 1560 2010 postea
1599 1940 1762 1994 etiam
1797 1941 2041 1993 resurre-

469 2030 668 2084 ctionis
702 2042 758 2084 et
802 2033 926 2085 vitae
975 2031 1236 2085 novitatis
1300 2029 1522 2098 reliquit
1561 2028 1886 2098 exemplum.
1933 2029 2038 2082 Sed

469 2132 684 2178 moveat
728 2123 961 2193 aliquem
1003 2122 1250 2178 fortassis
1279 2121 1421 2191 quod
1455 2122 1592 2176 dicit
1616 2122 1924 2191 Apostolus,
1959 2122 2040 2174 id-

468 2215 616 2271 circo
656 2226 926 2270 mortuum
966 2231 1086 2270 esse
1125 2206 1202 2268 et'
1221 2215 1444 2276 vixisse,
1504 2225 1563 2267 ut
1601 2223 1937 2267 mortuorum
1985 2221 2039 2267 et

467 2308 714 2362 vivorum
758 2309 1099 2370 dominetur;
1141 2308 1291 2375 quasi
1329 2288 1420 2375 qui
1453 2307 1557 2361 hoc
1597 2306 1805 2360 dederit
1839 2305 2036 2360 intelli-

468 2396 726 2462 gendum,
775 2398 916 2466 quod
977 2397 1076 2451 nisi
1139 2403 1390 2450 tuortuus
1442 2396 1654 2459 fuisset,
1704 2406 2036 2449 mortuorum

469 2487 806 2542 dominatum
855 2502 961 2541 non
1013 2489 1327 2550 habuisset;
1385 2499 1440 2541 et
1483 2487 1586 2540 nisi
1642 2495 1759 2554 post
1807 2498 2035 2540 mortem

470 2593 682 2631 rursum
722 2579 967 2644 vixisset,
994 2593 1101 2632 non
1143 2579 1403 2631 tenuisset
1427 2577 1852 2632 dominationem
1889 2579 2037 2631 vivo—

471 2685 610 2723 rum.
652 2669 758 2723 Sed
801 2671 864 2722 ad
900 2671 1014 2723 ha‘c
1046 2669 1117 2722 ita
1167 2670 1604 2738 respondendum
1644 2681 1791 2740 puto.
1822 2670 2037 2723 Duobus

468 2776 532 2813 ex
588 2761 758 2815 modis
823 2770 1034 2813 constat
1091 2760 1143 2812 in
1194 2775 1407 2814 omnem
1463 2770 1768 2816 creaturam
1833 2762 2034 2817 Christi

467 2853 784 2906 dominatio.
824 2853 964 2916 Uno,
1015 2866 1113 2921 per
1155 2867 1314 2918 quem
1353 2863 1404 2906 ut
1454 2852 1680 2909 Creator
1709 2855 1950 2908 omnium
1982 2862 2036 2906 et

467 2955 790 3016 potestatem
845 2963 1040 3015 gerens
1092 2947 1500 3008 universorum,
1538 2948 1588 2998 vi
1636 2946 1936 3016 maiestatis
1980 2956 2036 3000 ct

471 3041 802 3093 necessitate
853 3040 1104 3107 potentiae
1153 3037 1269 3107 (76)
1317 3039 1478 3092 habet
1527 3049 1722 3092 cuncta
1769 3038 2031 3107 subjecta,

2142 567 2368 620 suadeat
2391 565 2524 634 (78).
2561 567 2690 622 lude
2709 568 2943 637 denique
2970 568 3236 635 est,quod
3270 582 3446 634 usque
3475 567 3538 618 ad
3563 583 3692 618 mor-

2141 666 2250 714 tem
2305 659 2556 727 dignatur
2601 660 2883 724 accedere,
2919 669 2977 713 ut
3009 659 3321 728 exemplum
3358 658 3694 718 obedientim,

2146 760 2201 805 et
2245 750 2508 805 moriendi
2563 750 2788 804 formam
2835 751 3139 804 volentibus
3182 759 3412 819 peccato
3461 759 3516 802 et
3565 750 3694 802 vitiis

2141 842 2312 913 emori
2338 841 2696 912 derelinquat.
2738 842 2802 896 Et
2827 854 3046 911 propter
3072 843 3177 897 hoc
3208 842 3262 894 in
3299 841 3559 907 praesenti
3592 840 3695 894 loco

2142 933 2432 1002 Apostolus
2467 934 2655 988 scribit
2701 933 2907 987 idcirco
2941 949 3062 987 eum
3093 942 3374 987 mortuum
3408 946 3530 985 esse
3551 942 3603 984 et
3625 932 3696 984 vi-

2143 1027 2307 1086 xisse.
2333 1036 2390 1080 ut
2417 1037 2464 1078 et
2485 1027 2717 1078 vivorum
2745 1034 2794 1078 et
2824 1035 3153 1079 mortuorum
3188 1023 3499 1077 dominetur
3522 1039 3543 1088 ;
3565 1023 3695 1076 vivo-

2140 1131 2282 1179 rum,
2304 1117 2545 1184 profecto
2575 1117 2785 1170 illorum
2806 1117 2898 1184 qui
2926 1116 3355 1170 resurrectionis
3388 1115 3508 1183 ejus
3534 1129 3694 1168 exem-

2143 1209 2233 1276 plo
2263 1223 2454 1262 novam
2499 1217 2552 1260 et
2601 1191 2882 1262 caelestem
2927 1207 2979 1259 in
3039 1208 3206 1260 terris
3246 1207 3478 1274 exigunt
3516 1206 3696 1271 vitam;

2142 1308 2502 1360 mortuorum,
2535 1298 2750 1351 illorum
2779 1295 2893 1367 ('79)
2924 1298 3042 1350 sine
3079 1296 3250 1349 dubio
3278 1298 3373 1365 qui
3419 1295 3696 1349 mortiﬁca-

2142 1389 2340 1441 tionem
2378 1388 2578 1442 Christi
2628 1389 2680 1442 in
2728 1403 2955 1458 corpore
3003 1403 3102 1442 suo
3143 1385 3620 1449 circumferunt".
3651 1397 3696 1440 et

2141 1478 2465 1532 mortificant
2497 1480 2734 1532 membra
2771 1495 2867 1533 sua
2908 1494 3029 1547 qua)
3072 1487 3199 1532 sunt
3231 1492 3401 1546 super
3427 1477 3697 1532 terram“.

2211 1571 2374 1641 662
2405 1570 2496 1623 40.
2539 1569 2689 1636 Quod
2717 1571 2762 1624 si
2797 1571 2909 1624 hac
2930 1571 3004 1623 ita
3027 1585 3083 1624 se
3107 1569 3354 1624 habent:
3391 1569 3496 1634 Tu,
3516 1570 3696 1638 inquit.

2143 1679 2306 1731 quare
2344 1663 2561 1732 judicas
2610 1661 2722 1732 (80)
2771 1661 2988 1730 fratrem
3043 1661 3237 1714 tuum.’
3279 1661 3392 1714 Aut
3443 1671 3501 1714 ιιι
3552 1678 3699 1732 quare

2145 1753 2346 1820 spernis
2379 1753 2598 1820 fratrem
2635 1763 2779 1805 tuum
2797 1753 2864 1817 ⁸³,
2902 1769 3024 1806 cum
3076 1752 3197 1807 sive
3249 1752 3605 1807 mortificatio
3634 1754 3698 1807 sit

2145 1843 2198 1896 in
2243 1853 2295 1898 te
2323 1845 2506 1898 carnis
2539 1855 2592 1898 et
2625 1845 2900 1908 vitiorum,
2936 1859 3043 1898 non
3092 1859 3160 1898 ex
3209 1853 3260 1899 te
3304 1856 3429 1899 orta
3486 1846 3577 1907 sit,
3615 1845 3699 1899 sed

2142 1933 2344 1989 Christi
2379 1946 2552 1989 morte
2582 1936 2778 1989 donata
2810 1953 2824 1990 :
2861 1937 2976 1990 sive
3014 1935 3107 1990 tibi
3145 1936 3368 1992 novitas
3392 1937 3519 1990 vita:
3545 1946 3617 1991 est
3637 1936 3700 1998 ⁸⁵,

2141 2035 2196 2080 et
2245 2026 2295 2079 in
2351 2026 2511 2079 terris
2563 2026 2847 2080 ambulans
2907 2028 3386 2082 conversationem
3442 2026 3608 2080 habes
3650 2027 3700 2080 in

2139 2117 2291 2172 cmlis
2309 2116 2376 2183 ⁸⁸,
2413 2116 2614 2172 Christi
2644 2117 2747 2172 hoc
2782 2120 3185 2173 resurrectione
3218 2120 3528 2172 merueris?
3567 2120 3701 2172 Bene

2139 2215 2320 2261 autem
2346 2208 2631 2276 utriusque
2656 2208 2769 2261 vitii
2807 2220 2988 2262 notam
3021 2209 3318 2262 vernacula
3349 2209 3699 2276 appellatione

2138 2299 2394 2368 signavit,
2430 2297 2508 2350 illi
2555 2298 2770 2368 quidem
2813 2299 3000 2354 dicens
3043 2298 3196 2370 (81):
3235 2298 3422 2364 Quare
3469 2301 3702 2368 spernis?

2139 2390 2204 2445 Et
2228 2392 2353 2446 huic
2379 2409 2394 2445 :
2423 2389 2600 2456 Quare
2617 2391 2833 2462 judicas
2869 2392 3087 2460 fratrem
3113 2394 3308 2446 tuum?
3345 2393 3535 2447 Solent
3567 2395 3699 2445 enim

2137 2483 2190 2537 hi
2218 2483 2312 2552 qui
2359 2483 2751 2552 aliquantulum
2794 2485 3044 2537 videntur
3075 2486 3126 2539 in
3165 2484 3403 2539 scientia
3441 2483 3551 2550 (89.)
3581 2499 3699 2552 pro-

2137 2574 2356 2635 fecisse,
2389 2589 2645 2643 speruere
2687 2583 2747 2629 et
2789 2575 2942 2628 nihili
2985 2575 3188 2629 ducere
3220 2589 3321 2628 eos
3369 2574 3461 2641 qui
3506 2572 3703 2626 altioris

2138 2667 2504 2733 intelligentia;
2532 2669 2711 2721 minus
2732 2681 2957 2736 capaces
2986 2678 3146 2730 sunt;
3179 2668 3498 2722 econtrario
3529 2677 3698 2720 autem

2138 2761 2369 2828 imperiti
2405 2771 2459 2814 et
2497 2763 2756 2818 indociles
2790 2761 3063 2831 judicare,
3099 2765 3202 2816 hoc
3243 2772 3334 2816 est
3362 2763 3612 2816 incusare
3651 2771 3701 2813 et

2137 2854 2508 2909 condemnare
2530 2867 2624 2908 eos
2651 2854 2744 2922 qui
2778 2855 2972 2908 altiora
3005 2863 3061 2908 et
3097 2853 3454 2922 profundiora
3494 2853 3701 2921 perqui-

2137 2953 2284 3012 runt,
2322 2959 2484 3014 quam
2512 2945 2614 3014 ipsi
2639 2960 2834 3014 capere
2854 2956 2948 2999 aut
2978 2947 3192 3015 assequi
3228 2956 3457 3015 possunt
3485 2946 3611 3017 (85).
3643 2947 3700 2996 Et

2137 3036 2259 3090 ideo
2286 3036 2596 3104 Apostolus,
2615 3052 2875 3092 resecare
2906 3037 3125 3105 culpam
3169 3038 3360 3090 volens
3385 3051 3450 3090 es
3487 3046 3700 3103 utraque

470 3144 567 3196 per
596 3145 753 3206 quem
790 3131 1005 3184 modum
1047 3145 1151 3183 non
1186 3133 1358 3184 solum
1395 3130 1550 3184 bonis
1574 3140 1626 3183 et
1656 3131 1858 3184 sanctis
1885 3145 2036 3183 men-
2061 3141 2106 3206 ρ
2135 3135 2289 3194 parte
2317 3137 2649 3192 nascentem,
2682 3128 2787 3182 illis
2811 3129 3026 3198 quidem
3069 3129 3342 3196 praecipit,
3389 3144 3460 3182 ne
3489 3127 3701 3182 inferio-

473 3220 615 3274 tihus
642 3204 706 3274 ac
731 3220 1009 3288 spiritibus
1031 3221 1362 3282 dominatur,
1399 3234 1590 3274 verum
1615 3231 1668 3273 et
1699 3235 1950 3289 nequam,
1977 3229 2034 3274 et

472 3309 694 3378 refugis,
743 3320 799 3364 et
843 3311 929 3364 his
978 3325 1112 3380 quos
1164 3311 1441 3378 Scriptura
1495 3311 1675 3364 divina
1695 3312 1739 3343 τ’
1771 3311 2034 3381 malignos

470 3402 693 3470 angelos
724 3401 1033 3470 appellavit.
1071 3401 1276 3457 Idcirco
1308 3403 1450 3455 enim
1482 3411 1536 3456 et
1556 3403 1918 3466 omnitenens,
1949 3403 2034 3456 vel

469 3490 814 3560 omnipotens
841 3491 954 3560 (77)
988 3491 1205 3553 dicitur,
1256 3491 1560 3545 secundum
1610 3492 1755 3560 quod
1797 3490 2034 3546 Joannes

472 3583 720 3652 designat
750 3584 803 3637 in
850 3583 1192 3652 Apocalypsi,
1225 3583 1409 3638 dicens
1437 3599 1450 3635 :
1485 3584 1613 3638 Ha’c
1649 3586 1777 3638 dicit
1814 3587 1904 3652 qui
1938 3596 2032 3652 est,

470 3683 522 3725 et
561 3676 648 3743 qui
681 3684 816 3739 erat,
851 3685 899 3728 et
927 3677 1016 3745 qui
1057 3687 1302 3730 venturus
1352 3687 1450 3742 est,
1491 3677 1899 3744 omnipotens”.
1938 3678 2035 3733 llic

471 3775 604 3832 ergo
629 3778 772 3817 unus
797 3772 880 3818 est
923 3765 1112 3820 modus
1139 3780 1247 3835 quo
1288 3766 1534 3820 Christus
1567 3767 1822 3820 omnibus
1862 3768 2033 3821 domi-

473 3864 655 3909 natur.
689 3855 844 3910 Alius
885 3871 1014 3911 vero
1045 3865 1148 3922 est,
1182 3871 1292 3926 quo
1323 3866 1578 3926 tanquam
1616 3860 1788 3911 bonus
1822 3870 1875 3911 et
1907 3858 2034 3914 boni

471 3944 648 4001 Patris
676 3946 847 4002 Filius
873 3962 979 4002 non
1012 3948 1128 4002 vult
1166 3948 1516 4003 rationabiles
1555 3948 1780 4018 spiritus
1813 3950 1877 4000 ad
1907 3949 2036 4003 obe-

469 4037 724 4092 dientiam
758 4038 895 4109 legis
938 4055 1049 4094 sua:
1073 4040 1346 4095 violenter
1377 4039 1677 4102 inﬂectere,
1716 4041 1809 4093 sed
1842 4056 2032 4109 exspe-

467 4136 578 4182 ctat
607 4138 664 4183 ut
705 4141 898 4200 sponte
941 4132 1180 4198 veniant,
1209 4143 1268 4186 ut
1301 4133 1576 4186 voluntate
1610 4144 1665 4187 et
1706 4148 1810 4186 nou
1840 4147 2028 4187 neces-

466 4219 624 4275 sitate
652 4220 849 4275 bonum
881 4231 1149 4292 quaerant,
1180 4233 1235 4278 et
1263 4225 1502 4280 docendo
1530 4225 1703 4291 magis
1736 4239 1894 4293 quam
1930 4225 2029 4277 im-

537 4377 584 4410 ⁷³
616 4378 769 4433 Rom.
788 4397 864 4443 vr,
895 4383 950 4439 4.

1029 4386 1074 4417 ⁷⁸
1097 4387 1249 4442 Rom.
1283 4403 1394 4446 xw,
1417 4385 1468 4439 8.
1530 4385 1572 4416 ""
1602 4385 1759 4438 Rom.
1795 4401 1870 4443 vt.
1895 4385 1950 4440 5.
2023 4385 2034 4416 τ

2147 4383 2244 4438 uid.
2279 4385 2366 4437 15.
2443 4387 2486 4416 τ’
2511 4385 2642 4441 Luc.
2673 4402 2789 4449 vm,
2815 4386 2870 4441 Ξ.

2137 3232 2224 3273 res
2264 3227 2524 3286 spernant
2555 3228 2716 3288 atque
2749 3219 3088 3288 despiciant;
3117 3219 3202 3273 his
3251 3234 3406 3283 vero,
3441 3234 3508 3274 ne
3547 3234 3697 3286 sape.

2137 3313 2313 3366 riores
2338 3327 2394 3365 se
2419 3312 2678 3379 judicent,
2707 3327 2828 3366 cum
2858 3313 3112 3380 peritiam
3153 3328 3261 3366 non
3297 3313 3540 3366 habeant
3564 3311 3699 3377 judi-

2137 3404 2319 3457 candi.
2360 3402 2620 3470 Quamvis
2658 3418 2790 3473 ergo
2833 3403 2946 3475 (84)
2985 3413 3284 3471 utrumque
3326 3405 3696 3473 reprehendat,

2135 3507 2190 3549 et
2217 3510 2339 3549 eum
2375 3496 2466 3564 qui
2506 3497 2714 3564 spernit
2746 3497 2973 3551 fratrem
3007 3496 3348 3558 inferiorem,
3381 3508 3438 3548 et
3466 3511 3586 3548 eum
3614 3496 3697 3564 qui

2127 3587 2340 3653 judicat
2365 3588 2728 3656 superiorem,
2751 3598 2928 3644 tamen
2960 3598 3020 3640 ιιι
3051 3590 3372 3643 ostenderet
3405 3589 3555 3643 illum
3585 3605 3697 3658 gra-

2135 3680 2254 3733 vius
2298 3679 2348 3732 in
2394 3677 2709 3746 iudicando,
2756 3694 2917 3749 quam
2967 3679 3107 3732 hunc
3156 3679 3210 3733 in
3252 3683 3564 3747 spernendo
3597 3682 3696 3733 fra-

2137 3777 2272 3820 trem
2317 3782 2564 3837 peccare,
2601 3769 2800 3824 omissa
2845 3770 3140 3840 spreliouis
3193 3771 3382 3838 culpa,
3445 3787 3697 3841 pra-sum-

2137 3857 2376 3926 ptionem
2411 3857 2704 3926 iudicantis
2747 3860 2860 3930 (85)
2907 3860 3095 3916 fratris
3141 3875 3461 3934 exaggerat,
3500 3876 3554 3919 et
3590 3865 3698 3917 ideo

2139 3949 2194 4002 in
2225 3951 2685 4017 consequentibus
2705 3951 2891 4019 jungit
2925 3968 2939 4005 :

2204 4044 2294 4096 4|.
2339 4044 2531 4096 Omnes
2560 4045 2696 4096 enim
2726 4047 2980 4098 stabimus
3014 4055 3140 4098 ante
3171 4047 3411 4101 tribunal
3434 4049 3546 4103 Dei.
3565 4050 3699 4106 Scri-

2133 4143 2279 4199 ptum
2312 4143 2387 4184 est
2429 4135 2602 4187 enim:
2639 4132 2760 4186 Vivo
2802 4149 2919 4202 ego,
2956 4136 3084 4188 dicit
3138 4135 3425 4201 Dominus,
3461 4140 3697 4208 quoniam

2136 4223 2263 4274 mihi
2299 4223 2539 4291 flectetur
2568 4241 2719 4278 omne
2749 4241 2906 4295 genu,
2940 4237 2988 4279 el
3016 4228 3356 4295 conﬁtebitur
3399 4233 3565 4284 omnis
3600 4231 3695 4284 lin-

2946 4386 2991 4418 ⁸ο
3019 4387 3188 4456 Apoc.
3225 4403 3264 4454 ι,
3296 4388 3353 4443 8.
3433 4390 3476 4422 ⁸⁸
3511 4389 3552 4444 ll
3577 4390 3691 4445 Cor.

468 4461 544 4514 tv,
574 4449 662 4502 10.
738 4451 1008 4529 θέϐοιοεε.
1042 4470 1126 4521 ιιι,
1154 4457 1207 4511 5.
1285 4457 1330 4486 ⁸³
1361 4455 1514 4510 Rom.
1545 4455 1748 4521 siml).
1825 4456 1870 4486 ⁸⁸
1895 4455 2027 4509 Rom

2147 4495 2158 4517 ,
2201 4454 2252 4507 4.
2326 4455 2369 4485 ⁸⁸
2400 4453 2589 4524 Philip.
2623 4473 2705 4520 ιιι,
2733 4458 2823 4512 20.

553 4585 666 4654 (7'5)
696 4587 859 4649 Editi,
891 4592 994 4644 sive
1016 4593 1152 4645 enim
1183 4593 1420 4654 vivimus,
1452 4602 1554 4645 etc.

547 4657 662 4739 (74)
693 4655 790 4739 his.
827 4657 1026 4739 Regius
1059 4661 1404 4739 num._1659,
1452 4664 1589 4739 velut
1620 4663 1810 4739 mort-ui
1857 4663 2035 4715 viven-

477 4735 571 4780 tes.
614 4727 718 4780 Sed
751 4727 931 4782 caeteri
960 4745 1114 4792 mss.,
1143 4729 1400 4786 Rabanus
1431 4743 1483 4783 et
1509 4733 1634 4784 editi
1663 4743 1718 4782 ut
1746 4732 1797 4784 in
1830 4741 1996 4784 textu.

550 4795 661 4866 (75)
699 4795 791 4850 Sic
828 4814 1018 4853 omnes
1045 4815 1177 4852 mss.
1216 4803 1408 4867 nostri,
1437 4801 1565 4852 editi
1607 4816 1732 4853 vero
1771 4813 1822 4852 et
1861 4801 2037 4853 Raba-

485 4875 599 4937 ‘r-us.
626 4867 692 4918 In
727 4867 822 4919 hoc
855 4868 992 4920 enim
1026 4869 1264 4923 Christus
1313 4882 1551 4922 mortuus
1594 4881 1692 4933 est,
1719 4881 1768 4923 et
1801 4886 2036 4924 resurre-

484 4942 581 4991 πυ,
607 4945 710 4987 etc.

557 4997 662 5066 (π)
693 5003 790 5056 Ms.
827 5002 1028 5072 Regius
1058 5021 1210 5062 num.
1232 5008 1388 5072 1659,
1410 5007 1556 5061 Unus
1580 5020 1673 5069 est,
1697 5024 1785 5074 per
1808 5023 2026 5075 quem...

486 5082 596 5145 sua:
630 5076 885 5131 "tajestati
916 5090 981 5127 ea:
1010 5079 1311 5130 necessitate
1348 5080 1616 5145 potentia',
1644 5090 1749 5132 etc.
1783 5077 1887 5131 Sed
1921 5094 2026 5131 ca?-

486 5143 590 5186 terl
617 5149 782 5211 _nlss..
815 5145 1068 5197 Rabanus
1100 5157 1152 5199 et
1186 5149 1313 5198 editi
1347 5143 1402 5198 ut
1428 5149 1479 5200 in
1512 5159 1698 5200 nostro
1724 5155 1893 5211 textu,
1926 5148 2025 5201 nisi

489 5205 982 5286 (μηδέ-Ρ(ξὲξὲῌοΓῶ
1017 5215 1245 5269 habeant
1280 5227 1463 5269 cadem
1485 5219 1736 5286 subjecta.

560 5273 675 5354 ςῖῗ)
712 5273 885 5354 Nili:
916 5286 1107 5336 tdcirco
1142 5286 1302 5354 igitur
1333 5297 1378 5338 et
1411 5273 1752 5346 omnitEnens,
1781 5296 1828 5337 et
1864 5287 2031 5339 omni-

486 5341 692 5423 νοιέζιε,
722 5357 828 5423 εξρ.
861 5341 940 5423 ll?
968 5354 1137 5423 etiam
1163 5341 1281 5408 “tus.
1308 5354 1508 5423 Regius
1553 5373 1700 5408 num.
1737 5341 1894 5418 i659,
1930 5356 2030 5409 nisi

488 5410 876 5528 ill?‘|’g“l’l’.“i"m
908 5413 1083 5480 ίθίίυν·
1106 5425 1211 5477 Sed
1244 5410 1424 5480 caeteri
1449 5441 1576 5479 mss.
1601 5436 1654 5480 et
1683 5410 1944 5479 Rabanus
1975 5435 2034 5478 ut

470 5495 542 5530 -111
578 5495 744 5529 ICXIII.

563 5547 676 5615 (73)
698 5547 808 5630 ,Μει
847 5546 1046 5630 Regius
1081 5565 1224 5630 ῐξιιξξιο
1259 5561 1414 5630 1659,
1446 5563 1594 5616 Alius
1625 5579 1738 5617 vero
1793 5574 1868 5616 est
1915 5575 2033 5616 tan-

489 5632 648 5684 quam
694 5620 882 5668 bonum
906 5627 954 5669 et
994 5619 1110 5671 boni
1138 5617 1316 5672 Patris
1337 5617 1533 5684 Filium
1559 5650 1660 5684 non
1691 5631 1902 5685 ultra...
1941 5633 2030 5686 sed

489 5697 861 5767 C38])8€i01‘8.:
894 5703 1048 5767 quam
1075 5699 1412 5767 extorquente.
1444 5702 1772 5767 persuadere.
1804 5700 1907 5757 Sed
1935 5718 2034 5758 ea}-

491 5755 589 5809 teri
629 5768 784 5819 mss.,
817 5753 1065 5812 Rabanus
1097 5767 1149 5813 et
1183 5753 1316 5810 editi
1347 5766 1405 5809 ut
1441 5753 1477 5812 ἑ.
1509 5753 1692 5826 nostro
1719 5753 1886 5827 ιεχιιξέ

2066 4597 2114 4652 D

2213 4591 2325 4659 (79)
2352 4591 2598 4646 Illorum.
2627 4593 2785 4648 Deest
2815 4595 2867 4648 in
2895 4602 3052 4647 antea
3085 4593 3270 4648 editis.

2212 4661 2323 4728 (80)
2380 4660 2544 4734 Editi,
2589 4677 2646 4716 tu
2691 4673 2866 4716 autent
2907 4665 3033 4734 quid
3062 4664 3302 4730 jndicas,
3364 4677 3468 4722 etc.
3513 4667 3696 4720 Deinde

2140 4730 2459 4801 iidemediti
2491 4744 2543 4786 et
2573 4749 2701 4787 mss.
2736 4730 2973 4801 quidam,
3003 4742 3052 4786 et
3078 4734 3134 4786 in
3151 4736 3304 4788 terris
3323 4737 3565 4791 ambulas
3584 4754 3697 4790 con-

2137 4799 2473 4875 versationem
2500 4802 2714 4875 habens,
2738 4799 2843 4856 etc.
2887 4803 2992 4858 Sed
3028 4818 3133 4857 ms.
3156 4802 3364 4875 Regius
3401 4806 3696 4861 numJtISQ

2138 4877 2194 4924 et
2227 4869 2482 4923 Rabanus
2509 4883 2566 4924 ut
2592 4873 2644 4924 in
2676 4884 2856 4926 nostro
2891 4884 3062 4929 textu.

2211 4937 2317 5008 (8i)
2358 4939 2518 5005 Editi,
2574 4943 2855 5015 vernacula
2885 4943 3166 5012 appellatio
3228 4947 3478 5015 signavit,
3520 4947 3597 4998 illi
3621 4947 3696 4998 di-

2139 5025 2306 5080 censL
2322 5020 2456 5072 etc.,
2489 5013 2692 5064 omisso
2722 5015 2954 5076 quidem,
2981 5016 3122 5080 quod
3153 5013 3321 5070 etiam
3347 5019 3620 5070 omittitur
3650 5018 3694 5067 in

2139 5095 2240 5158 ms.
2273 5078 2617 5158 Regionum.
2647 5081 2782 5136 1639
2809 5091 2864 5137 et
2893 5078 3032 5154 apud
3067 5083 3398 5153 Rabanum;
3429 5091 3523 5143 sed
3549 5088 3695 5142 resu-

2137 5152 2304 5202 tuitur
2342 5162 2409 5201 ex
2439 5152 2651 5204 caeteris
2681 5167 2810 5207 mss.

2206 5216 2316 5287 (8'2)
2346 5216 2410 5270 In
2449 5220 2684 5273 scientia.
2715 5220 3056 5275 Desideratur
3089 5223 3141 5276 in
3171 5224 3357 5278 editis.

2206 5287 2318 5358 (85)
2357 5287 2522 5351 Editi,
2553 5291 2901 5342 condemnare
2929 5303 2976 5345 et
3007 5293 3254 5347 incusare
3287 5311 3374 5346 eos
3402 5295 3560 5353 qui...
3585 5309 3693 5360 quis

2138 5357 2237 5426 ipsi
2263 5357 2446 5429 capere
2474 5369 2567 5429 aut
2596 5361 2805 5429 assequi
2830 5377 2932 5414 non
2960 5376 3196 5428 possunt.
3222 5363 3313 5416 Sic
3332 5367 3496 5417 etiam
3531 5357 3693 5416 mlh..-

2137 5443 2262 5491 nus,
2294 5427 2397 5481 nisi
2428 5428 2571 5495 quod
2606 5427 2822 5493 habeat,
2844 5427 3085 5483 incusare
3117 5443 3164 5484 et
3201 5444 3548 5486 contemnere.
3593 5432 3692 5485 Sed

2141 5511 2331 5572 omnes
2377 5511 2506 5551 mss.
2533 5507 2589 5548 ut
2620 5498 2671 5549 in
2707 5511 2890 5552 nostro
2943 5510 3112 5564 textu,
3160 5501 3264 5554 nisi
3302 5506 3450 5570 quod
3482 5503 3689 5572 quidam

2140 5565 2395 5635 habeanL
2402 5581 2668 5635 accusare,
2709 5584 2805 5635 pro
2834 5572 3097 5623 incusare.

2211 5631 2323 5774 (84;
2349 5633 2513 5703 Ergo.
2552 5631 2978 5692 Prrelérmittitut
3017 5640 3068 5691 in
3093 5640 3273 5693 editis.

2211 5703 2299 5770 (85
2354 5705 2445 5757 Sic
2476 5721 2578 5758 tus.
2616 5705 2815 5774 Regius
2837 5724 2983 5763 nunt.
3015 5709 3172 5763 1659.
3205 5710 3273 5763 Ed

2211 5703 2322 5780 (εξ)
2354 5705 2445 5780 Sic
2476 5721 2578 5780 ms.
2616 5705 2983 5780 Regiusgum.
3015 5709 3172 5763 1659.
3205 5710 3345 5764 Editi
3377 5726 3528 5775 vero,
3546 5709 3688 5780 judi-

2137 5773 2312 5827 candi.
2349 5774 2540 5830 Caetcri
2576 5773 2722 5832 mss:
2738 5788 2790 5831 et
2819 5777 3366 5848 Rabauus,judicuti,
3401 5773 3557 5837 male.
