3812 6540
69 379 280 464 1241.

1028 413 1385 472 COMMENT.
1424 417 1492 471 IN
1529 417 1746 473 EPIST.
1790 417 1882 470 AD
1915 413 2081 470 ΒΟΜ.
2118 413 2247 470 LIB.
2283 413 2377 472 IX.

3184 413 3327 472 1242

64 542 179 592 grta
241 521 372 578 Deo.
411 521 600 591 Itaque
655 521 770 593 (86)
808 530 1163 600 unusquisque
1197 542 1436 586 nostrum
1465 551 1561 603 pro
1597 552 1650 589 se
1678 539 1724 593 Α
1753 531 1914 586 altior
1937 539 1993 585 et
2010 529 2339 585 eminentior
2375 529 2590 584 ceteris
2614 527 3001 597 quijudicandi
3023 537 3171 592 sunt,
3202 531 3323 600 fiat,

66 616 338 670 rationem
385 616 563 669 reddet
616 615 743 670 Deo.
793 615 918 672 Non
965 635 1088 687 ergo
1144 623 1371 692 amplius
1426 625 1650 682 invicem

56 711 373 778 judicemus
397 709 523 764 :sed
561 709 657 762 hoc
673 708 916 778 judicate
936 713 1125 782 magis,
1141 731 1206 770 ne
1239 719 1447 785 ponatis
1478 719 1650 787 offen-

65 804 283 858 sionem
313 805 492 872 fratri,
523 803 600 859 uel
630 803 942 858 scandalum
965 804 1034 862 ⁸⁸.
1080 807 1380 863 Assumens
1423 813 1651 880 Aposto-

66 895 156 949 lus
193 896 313 966 (87)
347 913 538 952 causas
565 913 632 954 οι
661 899 745 952 his
774 899 829 952 in
856 899 1054 967 quibus
1087 916 1195 956 non
1231 911 1378 957 recte
1406 903 1650 972 judicant

64 987 120 1041 hi
151 988 250 1057 qui
276 989 528 1057 judicant
557 989 784 1054 fratres,
813 992 947 1047 recti
977 1003 1032 1048 et
1067 993 1198 1062 justi
1247 994 1543 1050 introducit
1569 996 1649 1051 di-

64 1080 186 1132 vini
225 1079 419 1150 judicii
447 1080 698 1143 formam,
731 1089 786 1137 et
808 1083 926 1137 ait:
958 1082 1153 1138 Omnes
1190 1085 1330 1139 enim
1378 1102 1471 1140 nos
1507 1098 1648 1142 stare

65 1181 284 1240 oportet
314 1182 435 1226 ante
461 1171 693 1228 tribunal
721 1173 854 1241 Dei;
879 1191 986 1246 quo
1011 1177 1219 1233 scilicet
1247 1180 1458 1232 noverit
1483 1179 1529 1232 is
1553 1179 1646 1248 qui

56 1257 281 1326 judicat
304 1259 550 1327 fratrem,
585 1270 794 1318 tantum
834 1280 894 1320 se
924 1265 1129 1320 crimen
1177 1265 1431 1322 elationis
1465 1267 1648 1322 incur-

59 1363 211 1416 rere,
245 1351 556 1408 uttribunal
595 1353 688 1410 Dei
713 1355 815 1410 sibi
848 1355 1090 1411 videatur
1111 1373 1408 1425 assumere,
1431 1369 1486 1413 et
1515 1358 1647 1414 Uni-

60 1443 234 1512 geniti
251 1443 514 1514 judicium
545 1449 868 1516 praevenire.
899 1447 1096 1504 Verum
1119 1450 1246 1518 quid
1271 1449 1368 1503 sibi
1395 1450 1520 1504 velit
1549 1452 1648 1507 hoc

59 1533 244 1600 ipsum
291 1536 434 1604 quod
477 1538 771 1608 Apostolus
811 1539 1050 1593 tribunal
1120 1539 1216 1594 Dei
1262 1554 1550 1608 memorat,
1591 1551 1647 1597 et

58 1627 345 1694 quomodo
392 1627 802 1701 intelligendum
852 1632 924 1688 sit
963 1631 1264 1687 videamus.
1307 1631 1424 1688 Non
1469 1634 1644 1690 solum

58 1718 210 1771 enim
232 1717 348 1790 (88)
383 1719 435 1774 in
478 1720 581 1777 hoc
633 1721 777 1791 loco,
816 1724 912 1778 sed
955 1733 1010 1780 et
1051 1726 1120 1780 ad
1173 1725 1483 1781 Corinthios
1508 1727 1644 1781 scri-

60 1809 220 1875 bens,
256 1813 546 1868 tribunalis
582 1813 713 1869 facit
754 1815 1112 1873 nihilominus
1154 1820 1508 1885 mentionem,
1549 1819 1640 1874 ubi

1752 639 1821 677 ne
1843 631 2189 691 conspectum
2208 623 2324 692 ejus
2341 623 2547 676 lateant
2567 621 2647 675 vel
2667 636 2882 675 reorum
2906 620 3017 690 (92)
3035 622 3321 691 supplicia,

1753 713 1837 766 vel
1895 713 2246 783 allegationes
2302 713 2710 779 innocentium;
2748 712 2820 766 ita
2869 711 3229 780 intelligamus
3266 723 3325 770 et

1745 803 1982 873 judicem
2001 804 2240 859 onmium
2262 804 2539 860 Christum
2578 815 2772 857 natura
2803 811 2856 856 et
2881 803 3164 871 majestate
3192 818 3326 858 cun-

1749 890 1855 944 ctis
1906 892 2239 945 eminentem
2283 891 2642 960 introspicere
2674 891 2842 945 corda
2870 901 2925 945 et
2964 892 3324 949 conscientias

1748 981 2108 1050 singulorum,
2150 983 2500 1036 manifestare
2533 983 2766 1047 occulta,
2798 994 2844 1037 et
2869 982 3083 1038 obtecta
3120 985 3325 1038 revela-

1749 1087 1830 1140 re,
1863 1084 1922 1128 ut
1948 1085 2002 1128 et
2023 1075 2182 1128 bonis
2217 1075 2432 1128 actibus
2464 1074 2680 1128 laudem
2713 1075 3008 1138 tribuat,et
3043 1075 3168 1129 mali
3201 1088 3322 1145 pm-

1747 1180 1872 1220 nam
1925 1181 2089 1234 quam
2124 1176 2404 1222 merentur
2438 1167 2714 1234 excipiant
2746 1165 2878 1236 (95).
2924 1167 3077 1233 Quod
3127 1169 3170 1221 si
3208 1183 3322 1222 ma-

1747 1267 1839 1311 net
1869 1257 2032 1329 663
2055 1257 2293 1322 futurum
2317 1257 2584 1328 judicium
2614 1257 2729 1322 Dei,
2761 1267 2815 1312 et
2837 1256 2944 1312 tale
2968 1257 3237 1327 judicium
3265 1259 3321 1313 in

1746 1362 1992 1418 quonon
2035 1349 2212 1404 solum
2259 1348 2634 1419 unusquisque
2686 1350 2911 1418 recipiet
2957 1366 3056 1419 pro
3105 1350 3321 1406 actibus

1747 1441 1880 1506 suis,
1908 1441 2000 1494 sed
2028 1451 2082 1494 et
2100 1456 2197 1510 pro
2231 1443 2376 1496 omni
2413 1443 2589 1496 otioso
2613 1441 2780 1495 verbo
2811 1442 3000 1496 reddet
3029 1443 3318 1510 rationem,

1745 1534 2040 1587 secundum
2109 1536 2437 1588 sententiam
2514 1533 2732 1587 Domini
2800 1533 2847 1564 ’°
2897 1552 2910 1588 :
2965 1535 3320 1603 cogitationes

1745 1638 1960 1694 quoque
2023 1627 2177 1679 malae
2251 1625 2383 1694 (94)
2462 1624 2891 1680 confutabuntur
2961 1627 3320 1696 redarguente

1744 1716 2099 1780 conscientia,
2133 1728 2188 1772 et
2213 1717 2266 1771 in
2302 1719 2553 1772 omnibus
2587 1717 2941 1786 unusquisque
2966 1728 3198 1770 nostrum
3223 1732 3318 1783 pro

1743 1821 1798 1859 se
1823 1807 2080 1860 rationem
2119 1809 2300 1862 reddet
2343 1807 2474 1862 Deo.
2522 1809 2643 1864 Non
2667 1826 2809 1880 ergo,
2842 1808 3054 1876 inquit,
3092 1807 3318 1875 amplius

57 1901 176 1953 ait:
207 1894 439 1972 Propter
479 1906 623 1972 quod
675 1907 945 1960 studemus
1008 1908 1115 1962 sive
1176 1879 1505 1977 pra'sentes,’
1531 1910 1620 1964 sirt

1741 1896 1964 1950 invicem
2006 1897 2333 1967 judicemus.
2379 1900 2523 1954 sicut
2568 1909 2622 1954 et
2670 1879 2736 1953 in
2772 1899 2893 1954 aliis
2921 1900 3052 1952 dicit
3083 1915 3098 1952 :
3129 1897 3318 1966 Itaque

59 1995 304 2047 absentes
334 1994 542 2062 placere
592 1996 693 2052 illi.
735 1997 929 2052 amnes
973 1999 1112 2052 enim
1145 2014 1239 2052 nos
1271 1998 1383 2068 (89)
1409 1999 1636 2070 manife-

59 2085 188 2135 stdri
225 2092 431 2152 Oportet
466 2096 588 2138 ante
611 2087 848 2140 tribunal
875 2086 1096 2152 Christi,
1135 2097 1192 2140 ut
1224 2089 1442 2154 recipiat
1475 2105 1638 2143 unus-

59 2177 287 2244 quisque
323 2191 416 2245 per
455 2192 644 2246 corpus
675 2187 834 2244 prout
856 2179 1036 2248 gessit,
1064 2181 1172 2234 sive
1198 2181 1367 2244 bona,
1394 2181 1498 2234 sive
1525 2197 1637 2234 nta-

58 2265 184 2319 le".
221 2265 332 2320 Sed
362 2276 418 2322 et
445 2268 588 2337 apud
625 2269 904 2323 Danielem
961 2271 1282 2340 prophetam
1330 2271 1636 2326 invenimus

61 2358 180 2412 talia
214 2360 467 2427 quaedam
511 2361 578 2415 de
612 2360 894 2429 judicandi
923 2362 1106 2432 specie
1147 2362 1440 2432 descripta.
1484 2361 1638 2416 Vide-

60 2453 192 2514 bam,
229 2452 426 2520 inquit,
460 2463 508 2505 et
539 2469 654 2506 ecce
697 2453 843 2508 sedes
872 2455 1058 2522 posita:
1089 2465 1268 2518 erant,
1298 2465 1346 2508 et
1384 2452 1635 2508 Vetustas

59 2544 263 2594 dierum
290 2543 521 2607 sedebat,
547 2552 595 2596 et
627 2545 993 2598 indumentum
1025 2543 1140 2613 ejus
1164 2547 1297 2599 sicut
1324 2545 1416 2599 nia:
1448 2547 1634 2599 candi-

58 2633 199 2695 dum,
238 2643 291 2686 et
317 2634 495 2703 capilli
519 2635 709 2703 capitis
734 2634 850 2703 ejus
879 2636 1017 2690 sicut
1051 2637 1178 2690 lana
1208 2640 1428 2690 munda.
1465 2636 1634 2690 Thro-

58 2738 145 2774 nus
179 2723 302 2793 ejus
337 2725 556 2792 ﬂamma
584 2726 742 2795 ignis,
775 2735 906 2781 rota:
939 2727 1054 2798 ejus
1102 2728 1240 2797 ignis
1266 2729 1629 2800 inﬂammatis,

57 2814 240 2881 ﬂuvius
271 2815 404 2884 ignis
452 2818 692 2871 currebat
728 2829 849 2872 ante
883 2819 1075 2887 ipsum.
1103 2817 1300 2872 Hillies
1330 2818 1499 2874 millia
1527 2822 1630 2873 mi—

57 2906 350 2959 nistrabant
391 2907 460 2971 ei,
506 2917 555 2962 et
591 2911 764 2962 decies
805 2911 999 2964 millies
1029 2911 1166 2965 dena
1209 2911 1380 2965 millia
1414 2912 1630 2965 assiste-

59 2996 169 3048 bant
216 3009 342 3050 ante
377 3013 514 3050 eum.
573 2997 849 3053 Iudicium
913 3001 1188 3054 constituit
1237 3001 1370 3071 (90),
1405 3012 1453 3056 et
1507 3002 1627 3056 libri

58 3088 216 3149 aperti
271 3089 473 3142 sunt“.
522 3089 580 3144 ln
631 3090 921 3146 duodecim
968 3108 1186 3162 quoque
1232 3093 1623 3162 prophetarum

58 3179 205 3246 libro,
241 3182 346 3236 sub
393 3183 651 3254 mysterio
706 3183 965 3238 dicitur”
1000 3187 1129 3256 quia
1170 3186 1225 3240 iu
1260 3187 1408 3241 valle
1459 3186 1620 3242 Josa-

1739 1988 1896 2042 nolite
1931 1997 2054 2042 ante
2104 2000 2304 2058 tempus
2352 1992 2476 2060 quid
2521 1990 2788 2060 judicare,
2833 2007 3096 2060 usquequo
3142 1991 3317 2043 veniat

1735 2075 1996 2130 Dominus
2022 2079 2112 2148 qui
2144 2078 2465 2132 illuminabit
2491 2078 2698 2131 occulta
2735 2081 3088 2143 tenebrarum,
3115 2088 3162 2132 et
3198 2095 3314 2131 ma-

1739 2169 2012 2234 nifestabit
2043 2171 2270 2222 consilia
2298 2172 2533 2223 sordium
2559 2187 2578 2226 :
2606 2181 2651 2224 et
2680 2181 2802 2222 tunc
2833 2171 2950 2222 laus
2978 2172 3072 2222 erit
3109 2170 3316 2222 unicui-

1736 2273 1836 2328 que
1880 2275 1912 2310 a
1977 2257 2083 2312 Deo
2118 2260 2163 2292 "
2203 2259 2338 2331 (95).
2384 2260 2688 2316 Nudabitur
2743 2263 2887 2316 enim
2935 2264 3222 2327 universae,
3259 2267 3318 2314 ut

1736 2364 1836 2418 ego
1868 2349 2133 2416 arbitror,
2160 2361 2435 2408 creaturae
2465 2353 2773 2408 rationabili
2806 2369 2903 2408 cor
2940 2364 3186 2407 nostrum
3213 2394 3226 2416 ,
3263 2362 3317 2407 et

1736 2441 2125 2496 revelabuntur
2175 2443 2418 2511 occulta,
2457 2445 2542 2499 vel
2588 2446 2751 2498 etiam
2801 2445 3312 2499 manifestabuntur.

1733 2529 1834 2588 Est
1880 2535 2027 2588 enim
2077 2533 2404 2591 differentia.
2456 2536 2718 2593 Videntur
2777 2538 2920 2591 enim
2973 2552 3036 2591 ea
3097 2538 3313 2606 quidem

1731 2641 1854 2695 quae
1901 2625 2235 2692 revelantur,
2291 2630 2357 2681 ad
2410 2630 2580 2683 malos
2629 2629 2940 2697 pertinere,
2995 2630 3061 2682 de
3118 2629 3317 2697 quibus

1731 2717 1970 2773 dicitur:
2003 2718 2071 2771 In
2123 2720 2241 2790 igne
2277 2722 2415 2775 enim
2450 2721 2766 2774 revelabitur
2798 2722 2882 2788 9';
2915 2737 2978 2773 ea
3015 2736 3146 2774 vero
3188 2735 3312 2789 quae

1732 2811 2187 2879 manifestantur,
2233 2815 2299 2866 ad
2348 2815 2554 2877 bonos;
2600 2821 2657 2866 et
2703 2813 2825 2866 ideo
2865 2813 3065 2867 dicitur
3100 2835 3111 2868 :
3147 2813 3313 2868 Omne

1728 2903 1866 2957 enim
1906 2903 2048 2973 quod
2078 2904 2470 2972 manifestatur,
2493 2903 2587 2956 lus:
2609 2913 2683 2957 est
2713 2903 2794 2957 "1
2819 2913 2874 2957 et
2905 2913 3158 2972 tanquam
3189 2904 3311 2958 libri

1729 2996 1955 3065 quidam
2008 2995 2296 3064 descripti,
2348 2994 2427 3048 vel
2486 2994 2688 3048 tabula:
2739 2995 2922 3049 incisa:
2969 2995 3312 3050 continentes

1729 3069 1947 3139 litteras
2000 3095 2222 3138 actuum
2279 3084 2778 3154 cogitationumque
2839 3097 3182 3147 nostrarum,
3240 3087 3310 3139 ab

1729 3176 1902 3241 omni,
1939 3185 1996 3230 ut
2029 3177 2266 3231 diximus
2291 3219 2306 3242 ,
2335 3186 2585 3231 creatura
2619 3177 2931 3231 rationabili
2976 3178 3304 3248 relegentur.

58 3239 469 3340 ριηιῇοωίηυξ
491 3275 696 3344 judice;
722 3279 976 3348 populum
1001 3239 1408 3350 guumgpsan',
1447 3239 1626 3339 έιίιᾶη
1653 3239 1697 3297 C
1733 3267 1801 3321 Et
1836 3239 1940 3322 hoc
1969 3279 2051 3322 est
2078 3271 2221 3338 quod
2259 3239 2498 3322 arbitror
2522 3268 2755 3323 iudicari
2784 3285 2879 3338 per
2909 3239 3178 3325 Danielem
3212 3270 3301 3325 ubi

59 3366 239 3422 vallem
269 3366 530 3438 Josapbat
559 3371 718 3439 paulo
748 3382 867 3440 post
899 3371 1089 3426 vallem
1111 3370 1306 3441 judicii
1355 3371 1622 3426 nominat.

60 3457 152 3512 Sed
195 3461 268 3514 de
298 3461 383 3515 his
431 3477 574 3517 nunc
611 3463 864 3532 singulis,
893 3479 1013 3533 quae
1049 3463 1422 3518 similitudinis
1459 3476 1623 3515 causa

58 3551 394 3616 protulimus,
439 3553 713 3608 disserere
762 3555 983 3624 longum
1021 3554 1257 3609 videtur.
1308 3554 1385 3608 Ea
1445 3562 1621 3606 tamen

56 3659 160 3711 qua:
208 3645 281 3698 ad
323 3643 635 3699 Corinthios
677 3647 960 3713 scripsisse
998 3643 1316 3716 Apostolum
1360 3644 1617 3708 diximus,

59 3736 388 3792 conferentes
431 3752 554 3792 cum
593 3737 847 3805 praesenti
901 3737 1042 3802 loco,
1088 3737 1172 3791 vel
1235 3733 1448 3790 caeteris
1501 3749 1621 3803 quae

59 3829 184 3895 apud
228 3830 536 3898 prophetas
559 3829 670 3899 (91)
697 3830 898 3898 scripta
959 3826 1407 3888 memoravimus,
1440 3825 1624 3880 decla-

58 3923 149 3974 rari
181 3921 434 3975 videmus
477 3935 540 3974 ex
589 3921 846 3974 omnibus
885 3919 1194 3974 certissime
1228 3916 1466 3971 futurum
1497 3930 1616 3970 esse

54 4011 296 4076 judicium
336 4012 465 4078 Dei;
497 4012 654 4080 cujus
704 4012 917 4080 species
958 4019 1016 4062 ut
1074 4009 1251 4062 notior
1306 4007 1618 4062 hominibus

61 4104 216 4167 lieret,
253 4101 534 4170 judicandi
586 4101 760 4154 forma
801 4115 864 4153 ex
913 4099 995 4152 his
1029 4115 1150 4166 qua:
1184 4098 1324 4151 inter
1368 4097 1614 4150 homines

60 4202 305 4258 geruntur
351 4201 628 4260 assumpta
679 4198 785 4248 est.
831 4203 943 4257 quo
997 4187 1206 4242 scilicet
1241 4201 1611 4248 nosceremus,

59 4285 164 4347 quia
197 4283 343 4337 sicut
372 4280 537 4352 judex
572 4280 676 4336 iste
707 4291 955 4334 terrenus
1001 4277 1284 4332 celsiorem
1322 4279 1612 4346 quemdam

61 4371 217 4427 locum
243 4373 393 4443 quod
432 4371 667 4426 tribunal
699 4371 1023 4441 appellatur,
1057 4367 1324 4432 ascendit,
1360 4376 1416 4420 ut
1452 4381 1519 4421 ex
1551 4382 1617 4422 eo

114 4512 154 4542 “
185 4513 344 4567 Rom.
372 4527 483 4576 xw,
523 4511 709 4566 10-15.
787 4512 832 4542 ⁸⁷
863 4511 913 4566 Il.
937 4509 1064 4564 Cor.
1097 4525 1152 4570 v,
1191 4509 1246 4571 9,
1280 4507 1368 4561 10.

59 4581 134 4635 "l
171 4584 294 4639 Cor.
341 4597 418 4646 tv,
454 4582 508 4636 5.

1461 4507 1506 4538 ⁸⁸
1536 4507 1670 4562 Dan.
1699 4520 1797 4569 vit,
1830 4506 1886 4568 9,
1914 4504 2002 4558 10.

586 4582 630 4613 ”
662 4583 679 4636 ι
706 4581 834 4637 Cor.
867 4581 1042 4646 "1,15.
1117 4578 1163 4610 "
1195 4579 1392 4647 Ephes.
1435 4593 1487 4642 v,
1519 4578 1607 4631 13.
1682 4576 1728 4609 “
1758 4579 1892 4631 Dan.
1918 4592 2017 4642 vtt,
2054 4575 2143 4630 10.
2219 4576 2263 4608 "
2299 4577 2432 4631 ibid.
2467 4580 2520 4632 9.

1729 3359 1903 3413 dicit:
1938 3359 2006 3411 Et
2043 3360 2165 3412 libri
2193 3361 2359 3429 aperti
2395 3371 2516 3413 sunt
2565 3361 2631 3428 “,
2667 3362 2757 3432 qui
2802 3362 3009 3416 scilicet
3050 3363 3100 3415 in
3142 3364 3305 3417 corde

1728 3466 1875 3504 nunc
1909 3451 2131 3522 involuti
2175 3464 2301 3506 sunt
2339 3465 2395 3505 et
2437 3452 2676 3518 obtecti,
2719 3454 3060 3508 continentes
3085 3455 3306 3522 quidem

1728 3543 1931 3611 scripta
1993 3557 2115 3612 qua:
2186 3546 2424 3615 gerimus
2478 3549 2613 3617 (96),
2679 3557 2736 3602 et
2790 3548 2932 3601 nctis
2983 3547 3307 3616 quibusdam

1725 3636 2074 3689 conscientia:
2119 3637 2346 3702 sulcati,
2413 3656 2514 3695 nec
2571 3651 2748 3694 tamen
2788 3641 2878 3694 ulli
2916 3641 3022 3694 nisi
3067 3643 3163 3696 soli
3196 3641 3306 3696 Deo

1726 3726 1950 3793 cogniti.
1984 3724 2077 3779 isti
2111 3741 2243 3798 ergo
2275 3728 2394 3783 libri
2431 3732 2627 3786 anima:
2649 3743 2872 3796 nostrae,
2906 3734 2986 3787 vel
3015 3734 3095 3786 ha:
3124 3733 3306 3790 cordis

1729 3816 1904 3870 nostri
1969 3819 2180 3888 paginae
2239 3821 2562 3888 aperientur
2627 3822 2680 3876 in
2762 3834 3058 3892 conspectu
3120 3825 3303 3878 throni

1723 3906 1987 3973 flammei,
2052 3921 2107 3964 et
2163 3919 2407 3964 rotarum
2460 3912 2602 3979 ignis
2651 3913 2912 3975 ardentis,
2957 3923 3011 3968 et
3067 3913 3304 3970 ﬂuminis

1725 4000 1865 4070 ignei
1899 4013 1962 4053 ac
1993 4002 2366 4069 percurrentis
2393 4013 2520 4055 ante
2556 4000 2840 4058 Vetustum
2873 4005 3081 4057 dierum
3108 4005 3174 4057 ⁸⁵.
3212 4004 3302 4058 Vi-

1723 4090 1926 4145 debunt
1951 4091 2096 4158 haec,
2133 4103 2188 4146 et
2224 4092 2407 4161 legent
2437 4093 2600 4148 etiam
2630 4095 2830 4162 angeli,
2876 4105 2930 4148 et
2971 4096 3060 4148 illa
3105 4097 3300 4152 millies

1723 4181 1890 4234 millia
1925 4183 2260 4252 angelorum,
2289 4194 2344 4238 et
2381 4185 2560 4240 decies
2604 4186 2799 4242 millies
2827 4189 2962 4241 dena
3003 4187 3170 4241 millia
3201 4191 3300 4242 mi-

1722 4271 2027 4326 nistrorum
2058 4273 2127 4339 “,
2160 4283 2215 4328 et
2248 4274 2324 4328 ita
2353 4275 2647 4329 criminum
2679 4291 2987 4332 nostrorum
3020 4277 3073 4332 in
3103 4278 3298 4348 quibus

1726 4379 1870 4418 nunc
1920 4380 2089 4419 unum
2124 4364 2316 4420 saltem
2348 4375 2539 4422 testem
2580 4370 2690 4438 pati
2735 4367 3136 4434 confundimur,
3183 4384 3298 4424 cte-

2101 4505 2147 4537 ⁸⁹
2177 4505 2314 4560 Joel.
2350 4521 2435 4571 ιιι,
2465 4506 2521 4570 ‘2,
2559 4506 2646 4561 12.
2752 4509 2797 4539 ’°
2830 4508 3018 4563 Matth.
3058 4525 3155 4575 xu,
3203 4511 3294 4568 56.

2101 4575 2143 4629 3.
2219 4576 2263 4608 "
2299 4577 2432 4631 ibid.
2467 4580 2520 4632 9.
2631 4579 2678 4608 ⁸⁸
2710 4578 2840 4633 ibid.
2874 4581 2940 4634 10

117 4699 220 4770 (86)
256 4698 826 4770 Itaqueiunusquisque
879 4708 1114 4770 nostrum
1143 4715 1237 4766 pro
1267 4715 1321 4750 se
1353 4701 1611 4753 rationem
1642 4701 1692 4762 D
1719 4698 1823 4758 cia,
1860 4706 1967 4770 etc.
2000 4696 2204 4770 Deinde
2233 4697 2363 4750 editi
2392 4697 2645 4750 omittunt
2671 4701 2743 4770 ita
2762 4707 2889 4752 ante
2917 4696 3292 4768 intelligamus;

62 4771 212 4822 reddet
265 4769 394 4822 Deo.
437 4769 559 4822 Non
609 4787 729 4835 ergo
763 4770 988 4837 amplius
1036 4769 1251 4820 invicem
1281 4769 1609 4836 judicemus,

61 4840 132 4888 sed
152 4840 244 4890 hoc
261 4839 507 4907 judicate
532 4840 722 4907 magis,
745 4856 806 4891 ne
829 4839 1037 4904 ponatis
1070 4839 1406 4906 o/fensionem
1431 4840 1610 4905 fratri,

61 4908 120 4958 sel
149 4908 475 4962 scandalum.
512 4907 651 4970 Haec,
680 4924 803 4976 quae
830 4909 1122 4962 restituunt
1165 4923 1294 4960 mss.
1339 4919 1392 4961 et
1428 4907 1612 4964 Raba-

64 4991 164 5036 nus,
193 4979 244 5029 in
274 4979 428 5031 libris
453 4990 613 5030 antea
652 4979 814 5031 editis
845 4993 952 5030 non
985 4987 1324 5044 comparent.

118 5047 221 5114 (87)
259 5047 567 5113 Apostolus.
599 5047 758 5100 Deest
781 5049 831 5100 in
861 5047 1113 5100 omnibus
1143 5063 1273 5100 mss.
1304 5048 1532 5116 nostris,
1559 5059 1615 5104 et

63 5118 177 5184 apud
210 5117 515 5181 Rabanum,
551 5117 644 5171 sed
678 5125 853 5170 exstat
885 5116 936 5168 in
968 5119 1144 5169 editis.

117 5185 215 5254 (88)
255 5189 413 5240 Deest
440 5188 577 5238 enim
615 5187 666 5238 in
699 5189 854 5240 libris
883 5194 1038 5238 antea
1069 5186 1252 5239 editis.

115 5258 214 5325 (89)
243 5257 401 5309 Enim
446 5272 559 5309 nos.
591 5254 718 5310 Haec
751 5258 911 5310 verba
938 5257 1320 5311 desiderantur
1346 5259 1399 5311 in
1424 5259 1608 5314 editis.

117 5329 218 5394 (9U)
251 5327 416 5397 Editi,
446 5337 574 5379 rotat
603 5325 715 5394 ejus
735 5327 871 5396 ignis
891 5342 1162 5390 accensus,
1178 5327 1372 5395 ﬂuvius
1404 5330 1608 5397 igneus.

64 5389 233 5448 tame.
269 5395 437 5448 millia
468 5389 776 5448 minis'trnni
802 5399 916 5452 ei...
949 5389 1260 5450 assistebant
1299 5402 1367 5457 ei,
1398 5389 1448 5451 ei
1478 5409 1598 5453 ante

64 5477 157 5514 eum
181 5466 443 5531 judicium
477 5468 839 5532 constitutum,
873 5478 981 5521 etc.
1018 5466 1222 5520 Deinde
1270 5469 1434 5522 iidem
1479 5469 1610 5525 editi

65 5544 104 5580 et
131 5551 249 5605 nuss.
281 5537 526 5604 quidam,
552 5535 617 5589 In
641 5538 952 5590 duodecimo
979 5552 1204 5605 quoque.
1236 5550 1340 5591 etc.

120 5603 216 5672 (91)
246 5603 319 5658 Ita
361 5622 463 5659 ms.
501 5607 702 5675 liegius
733 5623 881 5659 nunt.
923 5607 1060 5660 1659
1093 5603 1148 5661 et
1177 5606 1458 5663 ﬂabanus.
1491 5610 1606 5664 Ca:-

68 5677 293 5743 lerivero
317 5692 447 5731 mss.
469 5685 523 5728 et
550 5679 704 5740 editi,
729 5677 1059 5743 prapiietam.

121 5741 218 5813 (92)
259 5745 421 5809 Editi,
453 5761 514 5797 ne
539 5741 836 5812 conspectui
861 5747 974 5813 ejus
999 5749 1196 5801 lateant
1222 5749 1298 5801 vel
1322 5747 1604 5811 malorum,

65 5819 149 5862 etc.
178 5812 270 5886 bis.
303 5814 504 5881 Regius
531 5831 682 5886 num.
717 5812 972 5876 1659,7ne
1006 5830 1308 5884 conspectus
1363 5822 1478 5886 ejus
1528 5821 1603 5870 la-

70 5888 150 5931 teat
174 5885 240 5935 vel
271 5901 475 5938 reorum
501 5885 805 5956 (liubauus,
833 5895 1032 5941 lateant
1067 5889 1140 5941 rel
1176 5885 1606 5959 rerum)suppli-

1715 4775 1769 4820 et
1799 4766 1958 4835 paulo
1990 4777 2112 4835 post
2141 4769 2359 4835 habent,
2393 4770 2598 4820 caeteris
2620 4769 2948 4821 eminentem.

1788 4835 1899 4908 (95)
1933 4835 2025 4890 Sic
2058 4836 2332 4902 Rabanus,
2368 4854 2468 4890 ms.
2495 4837 2695 4906 Regius
2717 4855 2862 4891 num.
2895 4837 3026 4891 1659
3053 4847 3107 4891 et
3136 4839 3288 4894 editi.

1715 4905 1844 4960 Mss.
1880 4905 2010 4960 vero
2041 4909 2305 4975 plerique,
2343 4916 2392 4960 et
2430 4905 2600 4960 malos
2637 4924 2788 4976 paena
2826 4924 2984 4974 quam
3023 4921 3291 4963 merentur

1713 4977 1963 5030 excipiat.

1789 4991 2006 5114 iiiiiiia
2042 5061 2144 5100 ms.
2176 5047 2374 5115 Regius
2407 5061 2553 5098 num.
2582 5045 2737 5098 1659.
2775 5047 2914 5100 Editi
2948 5062 3078 5100 vero
3101 5089 3115 5112 ,
3147 5049 3286 5102 reci-

1715 5115 1819 5184 piet
1855 5133 1950 5184 pro
1985 5119 2208 5178 actibus,
2237 5122 2325 5169 sed
2357 5133 2452 5182 pro
2475 5119 2616 5168 omni
2644 5117 2793 5169 verbo
2837 5120 3004 5170 otioso
3035 5121 3284 5173 reddetur

1716 5185 1946 5256 ratio....
1984 5188 2430 5256 cogitationesque
2465 5188 2652 5256 rmalw,
2688 5198 2794 5239 etc.
2837 5189 3028 5241 Cameri
3063 5205 3192 5242 mss.
3231 5201 3288 5244 et

1717 5255 1998 5329 “abantis,
2053 5255 2304 5329 redditur
2368 5255 2597 5329 ratium.
2657 5258 2997 5326 cogitationes
3066 5275 3284 5329 quaeque

1718 5323 2037 5395 (iiubanus,
2073 5325 2310 5394 quoque)
2338 5327 2515 5387 malw,
2542 5337 2647 5380 etc.

1789 5393 1903 5465 (95)
1932 5397 2082 5450 Sicut
2106 5408 2152 5446 et
2179 5402 2232 5448 in
2259 5393 2380 5448 aliis
2400 5397 2528 5447 dicit
2559 5411 2578 5449 :
2610 5395 2794 5464 Itaque
2817 5397 2978 5450 nolite
3003 5410 3122 5452 ante
3158 5410 3286 5453 tem-

1717 5483 1813 5532 pus
1849 5466 2253 5534 quidjuu'icare,
2285 5482 2416 5527 etc.,
2455 5481 2624 5533 usque
2656 5473 2756 5528 ad,
2789 5481 2832 5519 et
2876 5481 2999 5521 tunc
3029 5470 3150 5526 lau.
3183 5474 3282 5524 erit

1718 5537 1996 5604 unicuique
2035 5553 2068 5588 a
2120 5535 2248 5589 Deo.
2286 5536 2409 5588 llum
2445 5538 2821 5606 desiderantur
2860 5539 2912 5591 in
2963 5539 3154 5606 editis;
3185 5539 3280 5594 sed

1716 5607 2079 5678 restituuntur
2122 5621 2185 5656 ex
2220 5623 2350 5659 mss.
2392 5607 2610 5678 nostris.
2666 5604 2764 5659 Ms.
2796 5616 2971 5660 tamen
3019 5604 3155 5664 unus
3184 5623 3282 5678 pro

1715 5675 1803 5748 his
1839 5679 2018 5748 verbis
2043 5677 2228 5748 habet,
2263 5681 2348 5728 sed
2379 5676 2474 5748 hoc
2497 5677 2736 5739 judicate
2771 5681 2960 5746 magis,
2990 5696 3050 5732 ne
3071 5675 3278 5748 ponatis

1716 5746 2093 5815 a/fcndiculum
2140 5744 2310 5808 ’ratri,
2351 5747 2428 5798 vel
2475 5748 2783 5800 scandalum
2810 5791 2825 5816 ,
2860 5744 3005 5817 quod
3058 5744 3280 5804 minime

1718 5820 1956 5871 uolueret
1989 5831 2111 5868 cum
2147 5820 2519 5883 seqUeutibus.

1789 5885 1902 5954 (96)
1947 5885 2107 5951 Editi,
2160 5888 2401 5955 I’Mtl’dllin
2443 5888 2637 5954 scripta
2671 5905 2785 5956 qua:
2816 5891 3061 5956 gerimus.
