3796 6536
463 421 605 479 1245

1915 415 2235 476 ORIGENIS

3587 411 3708 470 1211

463 534 677 592 testium
738 541 872 592 tunc
907 530 1179 591 virtutum
1228 543 1393 592 testes
1439 543 1691 591 catervas
1739 535 2048 589 innumera-
2075 541 2122 595 Α
2149 531 2464 604 Apostolus.
2487 529 2642 600 Quod
2667 537 2849 588 tamen
2878 542 2988 588 non
3013 535 3102 585 est
3132 525 3441 584 carnaliter
3462 527 3712 596 accipien-

464 626 604 683 biles
646 627 942 694 patiemur.
1003 627 1138 683 Cum
1189 637 1372 682 autem
1432 627 1635 682 Paulus
1684 626 1862 690 dicat,
1917 627 2046 695 quia

463 730 642 770 omnes
671 717 930 771 stabimus
957 727 1078 772 ante
1117 717 1350 771 tribunal
1405 716 1520 781 Dei,
1557 726 1614 772 et
1653 717 1782 770 dum
1820 714 1932 785 (97)
1987 729 2047 771 se

465 821 592 863 cum
648 808 738 864 his
796 811 968 864 societ
1019 808 1114 880 qui
1167 811 1392 865 stabunt
1440 817 1567 863 ante
1619 808 1860 862 tribunal
1919 807 2044 876 Dei,

468 903 726 974 quisnam
753 903 951 973 estqui
986 901 1338 971 semetipsum
1387 901 1460 955 ita
1491 900 1726 969 decipiat
1771 909 1828 954 et
1872 898 2044 968 fallat,

466 1003 532 1049 ut
569 995 636 1049 ad
659 993 922 1064 judicium
964 1009 1024 1048 se
1049 993 1278 1057 Christi,
1318 1000 1374 1048 et
1414 992 1482 1047 ad
1516 991 1749 1048 tribunal
1773 991 2045 1060 cognitio-

466 1085 554 1141 nis
584 1085 702 1154 ejus
730 1100 837 1140 non
871 1094 1026 1154 putet
1051 1099 1174 1140 esse
1201 1095 1512 1151 venturum,
1551 1093 1646 1138 aut
1687 1083 2044 1139 manifestan-

465 1176 597 1232 dum
627 1192 687 1232 se
718 1193 823 1232 non
856 1186 1013 1247 putet
1043 1177 1097 1230 in
1130 1176 1216 1231 his
1241 1192 1361 1247 qua:
1393 1178 1509 1232 sive
1544 1185 1712 1241 recte,
1740 1177 1856 1232 sive
1876 1177 2045 1231 etiam

466 1271 648 1324 minus
685 1278 832 1324 recte
871 1268 1254 1323 commiserit?
1307 1268 1460 1335 Quod
1513 1283 1642 1323 vero
1691 1268 1744 1322 in
1791 1265 2045 1337 praesenti

465 1363 684 1430 quidem
737 1361 857 1417 loco
903 1360 1138 1415 tribunal
1188 1360 1307 1426 Dei,
1361 1361 1430 1415 ad
1479 1359 1791 1416 Corinthios
1833 1373 1961 1413 vero
1998 1360 2044 1390 "

466 1452 704 1509 tribunal
755 1453 954 1508 Christi
1012 1455 1216 1522 posuit,
1265 1469 1363 1524 ego
1409 1453 1628 1522 quidem
1676 1452 1878 1505 nullam
1918 1461 2048 1521 puto

464 1558 588 1598 esse
626 1542 738 1615 (98)
785 1541 1148 1597 differentiam
1187 1544 1474 1611 quominus
1505 1557 1669 1595 unum
1705 1550 1864 1610 atque
1903 1543 2045 1595 idem

465 1635 698 1690 tribunal
733 1636 929 1689 Christi
959 1645 1014 1690 et
1045 1635 1279 1689 tribunal
1327 1635 1422 1688 Dei
1457 1635 1794 1697 nominetur,
1851 1649 2048 1688 secun-

469 1729 598 1782 dum
629 1729 772 1796 quod
809 1730 925 1796 ipse
961 1727 1215 1782 Salvator
1244 1728 1294 1780 iu
1323 1727 1614 1795 Evangelio
1640 1727 1771 1781 dicit
1799 1744 1814 1781 :
1852 1725 2048 1782 Omnia

463 1835 582 1890 quae
613 1819 768 1873 habet
807 1819 991 1884 Pater,
1038 1836 1153 1872 mea
1197 1828 1319 1872 sunt
1350 1819 1436 1885 '5;
1487 1829 1544 1874 et
1585 1820 1784 1873 iterum
1817 1836 1830 1872 :
1859 1817 2043 1884 Pater,

2149 627 2300 689 dum,
2353 632 2416 679 ut
2445 633 2698 694 putemus
2737 623 2880 693 quod
2907 622 3072 680 etiam
3101 619 3375 685 caelestia,
3438 632 3560 688 qua:
3597 617 3712 673 dicit

2149 729 2292 786 genu
2324 713 2564 781 ﬂectere,
2594 713 2903 768 carnalibus
2938 711 3206 768 membris
3246 708 3438 764 facere
3465 708 3580 762 haec
3606 721 3708 763 cre-

2147 808 2348 862 dantur
2387 805 2514 877 (2):
2553 805 2707 861 verbi
2750 818 2936 869 causa,
2988 812 3050 858 ut
3086 809 3311 873 putetur
3367 798 3458 854 vel
3500 797 3602 863 sol,
3634 798 3712 853 vel

2146 897 2301 962 luna,
2335 896 2420 949 vel
2450 893 2642 959 stellae,
2695 894 2783 950 vel
2825 893 2988 949 etiam
3030 891 3238 964 angeli,
3291 899 3348 945 et
3397 905 3712 960 quaecunque

2147 996 2277 1045 sunt
2310 1003 2428 1058 quae
2460 987 2702 1044 caelestia
2727 987 3095 1049 nominantur,
3125 983 3513 1054 corporalibus
3541 983 3710 1040 inﬂexa

2146 1082 2377 1151 genibus
2408 1083 2662 1144 adorare,
2695 1089 2788 1134 aut
2823 1080 2990 1134 etiam
3044 1077 3234 1146 lingua
3271 1075 3514 1140 carnali,
3557 1085 3611 1130 et
3635 1075 3712 1131 tali

2149 1175 2392 1230 membro
2418 1173 2562 1244 quali
2595 1188 2693 1228 nos
2719 1172 2965 1227 homines
2987 1171 3294 1242 loquimur,
3319 1178 3582 1239 putentur
3599 1184 3716 1224 con-

2147 1264 2291 1320 literi
2319 1265 2513 1330 Deum,
2539 1263 2608 1321 de
2633 1264 2830 1334 quibus
2855 1263 3057 1318 dicitur
3095 1263 3227 1333 quia
3269 1260 3386 1315 sint
3430 1260 3649 1330 spiritus
3671 1267 3718 1314 et

2147 1358 2310 1428 ignis,
2361 1357 2661 1414 secundum
2701 1358 2844 1427 quod
2879 1357 3152 1426 Propheta
3191 1353 3329 1410 dicit
3358 1354 3380 1386 ⁶
3411 1369 3428 1408 :
3459 1353 3566 1418 Qui
3603 1353 3717 1422 facit

2147 1450 2360 1521 angelos
2387 1466 2510 1506 suos
2537 1450 2774 1520 spiritus,
2813 1447 2982 1521 664
3014 1459 3063 1503 et
3099 1447 3378 1502 ministros
3407 1462 3536 1503 suos
3565 1446 3719 1515 ignem

2147 1552 2402 1597 urentem.
2430 1542 2497 1596 Et
2521 1557 2643 1612 quae
2664 1556 2843 1610 genua
2870 1543 2922 1596 in
2947 1539 3235 1611 spiritibus
3251 1553 3377 1594 esse
3403 1537 3719 1595 credentur?

2147 1644 2240 1688 aut
2265 1649 2385 1702 qua:
2410 1633 2590 1703 lingua
2622 1633 2674 1687 in
2698 1632 2838 1702 ignis
2862 1632 3046 1702 specie
3071 1630 3428 1701 requiretur?
3454 1629 3565 1685 Sed
3595 1644 3717 1699 genu

2148 1725 2392 1793 ﬂectere,
2424 1715 2667 1791 subjecta
2696 1739 2818 1780 esse
2842 1733 3064 1789 cuncta,
3094 1734 3152 1777 et
3173 1721 3346 1778 cultui
3384 1723 3483 1776 Dei
3512 1722 3721 1777 obedire

2149 1816 2395 1872 declarat
2419 1816 2522 1887 (5).
2557 1816 2739 1871 Movet
2766 1829 2855 1870 me
2895 1815 2974 1886 (4)
3024 1814 3208 1870 adhuc
3259 1830 3330 1869 ex
3379 1815 3470 1870 his
3509 1829 3626 1884 qua
3665 1816 3722 1868 de

466 1886 646 1968 omnia
674 1929 789 1967 mea
832 1923 923 1967 tua
955 1921 1099 1976 sunt,
1133 1921 1180 1966 et
1210 1923 1300 1966 tua
1341 1929 1456 1966 mea
1488 1914 1557 1967 θ’.
1621 1911 1678 1967 Si
1712 1912 1834 1981 quis
1864 1922 2046 1966 tamen
2077 1886 2120 1941 Β
2149 1909 2393 1980 Epistula
2425 1886 2494 1963 ad
2529 1907 2848 1964 Corinthios
2879 1907 3313 1978 assumpsimus,
3340 1908 3440 1964 ubi
3464 1908 3599 1963 dicit
3625 1924 3639 1961 :
3664 1905 3722 1961 Ur

465 2015 621 2077 putat
645 2007 700 2060 in
731 2005 1078 2062 sermonibus
1103 2003 1274 2070 Pauli,
1311 2006 1440 2076 quia
1482 2005 1625 2060 nulla
1666 2008 1718 2060 in
1748 2003 1867 2071 ejus
1905 2004 2049 2059 litte-

467 2099 546 2154 ris
567 2098 742 2154 otiosa
783 2099 868 2153 vel
896 2098 1103 2169 syllaba
1138 2107 1264 2164 est,
1312 2113 1510 2153 causas
1552 2099 1837 2154 varietatis
1885 2097 2049 2167 hujus

467 2206 594 2248 esse
648 2191 1050 2261 requirendos,
1104 2191 1306 2259 poterit
1360 2190 1616 2245 fortassis
1680 2190 1788 2246 tale
1847 2189 2048 2259 aliquid

468 2282 697 2337 dicere:
731 2281 938 2337 Christi
983 2281 1340 2348 vocabulum,
1385 2291 1650 2351 quantum
1690 2282 1758 2335 ad
1803 2283 2049 2350 proprie-

471 2384 636 2430 tatem
677 2374 1061 2444 appellationis
1093 2375 1262 2443 ipsius
1286 2376 1548 2442 pertinet,
1588 2373 1750 2428 Verbi
1799 2374 1850 2426 in
1881 2389 2050 2429 carne

469 2468 632 2536 positi
665 2477 720 2522 et
747 2469 1005 2523 mundum
1053 2467 1164 2521 Deo
1196 2467 1622 2534 (reconciliantis
1654 2467 1913 2522 indicium
1941 2477 2047 2533 est,

469 2559 614 2615 sicut
643 2572 698 2614 et
723 2560 863 2614 idem
893 2559 1098 2615 Paulus
1122 2561 1270 2624 dicit,
1296 2563 1420 2629 quia
1455 2559 1596 2614 Deus
1621 2561 1803 2614 eratin
1835 2559 2049 2615 Christo

468 2652 728 2705 mundum
779 2652 1127 2705 reconcilians
1186 2653 1285 2706 sibi
1318 2653 1370 2716 ¹;
1429 2653 1524 2706 sed
1591 2651 2049 2709 reconciliationis

469 2739 630 2809 hujus
669 2741 843 2810 spatia
872 2741 1250 2796 conversiOnis
1281 2752 1481 2798 nostrae
1528 2743 1718 2798 dilatio
1752 2753 1807 2799 et
1857 2759 2049 2799 emen-

470 2835 707 2890 dationis
736 2835 1064 2904 negligentia
1100 2836 1398 2900 distendit,
1454 2845 1510 2892 et
1556 2837 1802 2907 longiora
1848 2839 2050 2893 consti-

469 2930 606 2994 tuit;
646 2937 701 2983 et
735 2929 908 2982 donec
949 2938 1177 2983 evacuet
1206 2944 1400 2983 omnes
1451 2930 1790 2997 principatus
1821 2940 1874 2984 ct
1906 2941 2054 2999 pote-

469 3030 659 3086 states,
703 3033 759 3077 et
801 3033 966 3091 ponat
1010 3035 1203 3077 omnes
1254 3023 1506 3077 inimicos
1533 3023 1634 3076 sub
1667 3024 1890 3092 pedibus
1915 3024 2047 3086 suis,

472 3127 536 3169 ac
563 3115 916 3169 novissimum
935 3114 1214 3168 inimicum
1259 3115 1509 3170 destruat
1543 3123 1796 3178 mortem,
1826 3115 1899 3168 ita
1925 3131 2047 3169 eum

472 3218 704 3275 regnare
749 3214 966 3273 oportet
1005 3207 1046 3266 '.
1078 3216 1136 3259 ut
1187 3207 1499 3276 mysterium
1550 3206 1663 3277 (99)
1699 3216 1964 3275 susceptae
1995 3209 2046 3260 in
2073 3241 2121 3300 ο

469 3311 640 3352 carne
680 3293 1108 3367 dispensationis
1155 3309 1440 3362 exerceat,
1494 3308 1549 3352 et
1590 3301 1764 3352 bonos
1824 3301 2047 3366 quidem

470 3389 810 3454 manifestet,
840 3391 1142 3460 culpabiles
1169 3399 1348 3444 autem
1380 3389 1648 3458 recipiant
1677 3392 2052 3460 unusquisque

472 3481 772 3534 secundum
801 3496 962 3550 opera
993 3497 1090 3536 sua
1124 3498 1140 3536 :
1168 3481 1258 3535 ubi
1291 3495 1422 3535 vero
1443 3481 1463 3512 ³
1497 3480 1782 3535 tradiderit
1819 3496 2052 3550 regnum

473 3567 587 3626 Deo
617 3581 673 3626 et
729 3571 904 3637 Patri,
945 3573 998 3627 id
1034 3583 1118 3628 est
1153 3588 1454 3628 conversos
1487 3583 1543 3628 et
1586 3575 1904 3629 emendatos
1937 3591 2054 3630 om-

472 3677 571 3718 nes
598 3663 858 3719 obtulerit
883 3665 1088 3730 Deo,et
1119 3665 1185 3719 ad
1219 3665 1489 3736 integrum
1515 3667 1832 3739 mysterium
1865 3668 2050 3722 mundi

472 3757 942 3813 reconciliationis
973 3757 1308 3828 expleverit,
1349 3768 1477 3813 tunc
1511 3760 1590 3813 ait
1637 3769 1765 3814 ante
1811 3759 2054 3814 tribunal

472 3851 572 3909 Dei
601 3858 782 3906 astare
803 3864 994 3904 omnes
1025 3850 1126 3919 (1),
1160 3860 1218 3902 ut
1261 3849 1550 3918 impleatur
1573 3850 1676 3905 hoc
1697 3853 1838 3918 quod
1874 3853 2056 3920 sequi-

475 3954 564 4000 tur
596 3962 610 3999 :
644 3942 776 3998 Vivo
823 3960 939 4013 ego,
990 3943 1119 3995 dicit
1167 3943 1453 4008 Dominus,
1491 3943 1619 4012 quia
1648 3943 1776 3995 mihi
1817 3944 2056 4012 ﬂectetur

473 4051 624 4089 omne
640 4051 800 4105 genu,
833 4045 884 4087 et
919 4033 1256 4101 conﬁtebitur
1278 4034 1447 4086 omnis
1478 4033 1660 4102 lingua
1692 4033 1818 4090 Deo.
1849 4033 2056 4089 Flectet

475 4135 655 4179 autem
684 4139 825 4194 genu
871 4123 1052 4178 omnis
1090 4131 1340 4178 creatura
1372 4123 1485 4179 Deo
1526 4124 1582 4178 in
1623 4125 1843 4179 nomine
1899 4124 2054 4190 Jesu,

471 4230 572 4284 per
606 4230 768 4286 quem
798 4215 1149 4270 reconciliata
1187 4227 1274 4270 est
1300 4214 1374 4282 ei,
1408 4216 1709 4270 secundum
1749 4218 1893 4286 quod
1913 4219 2054 4273 idem

474 4307 766 4374 Apostolus
799 4307 954 4372 dicit,
1012 4309 1139 4378 quia
1185 4311 1240 4364 in
1291 4309 1500 4362 nomine
1537 4307 1666 4362 Iesu
1724 4325 1877 4364 omne
1918 4327 2055 4380 genu

477 4398 720 4467 ﬂectetur
759 4397 1082 4464 calestium,
1123 4402 1488 4465 terrestrium,
1541 4409 1588 4454 et
1624 4399 1954 4470 infernarum
2009 4402 2052 4456 ‘.

475 4485 724 4543 Flectere
763 4503 897 4542 sane
948 4504 1115 4553 genu,
1158 4501 1215 4544 et
1264 4505 1482 4546 omnem
1515 4492 1752 4560 linguam
1803 4493 2052 4549 conﬁteri

2149 2001 2366 2070 recipiat
2407 2001 2767 2071 unusquisque
2803 2002 3015 2070 propria
3068 2003 3308 2064 corporis
3356 2013 3517 2071 prout
3556 2004 3720 2072 gessit,

2147 2094 2254 2146 sive
2277 2094 2440 2159 bona,
2461 2097 2567 2148 sive
2609 2093 2751 2150 mala
2784 2097 2805 2128 ⁷
2832 2136 2848 2158 ,
2888 2103 3071 2148 utrum
3104 2094 3230 2162 quia
3263 2094 3319 2148 in
3345 2095 3604 2150 omnibus
3633 2095 3724 2149 ho-

2148 2185 2388 2239 minibus
2417 2199 2640 2240 necesse
2669 2195 2755 2239 est
2797 2184 2997 2254 aliquid
3038 2184 3168 2239 boni
3207 2199 3372 2252 esse,
3431 2197 3489 2240 et
3538 2186 3723 2254 aliquid

2150 2273 2278 2328 mali
2304 2292 2321 2341 ;
2347 2291 2447 2330 nec
2472 2275 2641 2331 ullum
2679 2275 2735 2328 in
2759 2274 2918 2330 bouis
2951 2275 3211 2341 inveniri,
3242 2276 3337 2346 qui
3382 2292 3492 2331 non
3532 2278 3726 2346 aliquid

2149 2365 2404 2420 habuerit
2431 2375 2486 2420 et
2509 2367 2676 2435 ntali;
2715 2367 2800 2423 vel
2832 2368 3028 2422 iterum
3066 2366 3308 2436 aliquem
3343 2366 3400 2421 in
3437 2368 3613 2430 malis,
3640 2371 3724 2438 qui

2153 2471 2262 2511 non
2296 2455 2554 2510 habuerit
2577 2456 2782 2526 aliquid
2837 2466 2893 2511 et
2939 2457 3093 2523 boni,
3128 2467 3357 2527 propter
3393 2459 3728 2529 Scripturatn

2149 2560 2271 2615 quae
2323 2546 2455 2600 dicit
2485 2563 2501 2599 :
2534 2545 2765 2615 Spiritus
2785 2548 2922 2600 enim
2955 2547 3383 2616 incorruptibilis
3419 2550 3476 2602 in
3507 2551 3728 2603 homini-

2151 2641 2246 2694 bus
2273 2647 2351 2694 est
2380 2637 2402 2670 ⁸
2439 2637 2542 2711 (5),
2577 2649 2866 2708 propterea
2915 2640 3120 2694 dixerit
3164 2651 3225 2695 ut
3263 2643 3643 2712 unusquisque
3682 2653 3731 2695 et

2151 2746 2250 2800 pro
2310 2730 2469 2786 bonis
2509 2729 2624 2785 suis
2667 2729 2834 2796 bona,
2893 2741 2948 2785 et
2993 2748 3092 2800 pro
3146 2733 3307 2788 malis
3347 2734 3464 2788 suis
3512 2735 3730 2803 recipiat

2151 2823 2294 2876 mala
2322 2840 2336 2887 ;
2371 2837 2440 2877 an
2475 2824 2651 2878 bonos
2689 2823 2810 2878 illos
2837 2824 2978 2879 dicat
3001 2826 3202 2894 quibus
3236 2826 3372 2880 nihil
3401 2828 3528 2881 mali
3563 2831 3728 2881 ascri-

2150 2915 2386 2968 bendum
2414 2915 2509 2980 sit,
2533 2924 2588 2969 et
2623 2915 2744 2970 illos
2771 2916 2943 2970 malos
2968 2917 3168 2986 quibus
3197 2918 3328 2972 boni
3361 2919 3496 2973 nihil
3520 2919 3730 2972 omnino

2152 3005 2430 3060 debeatur.
2470 3005 2578 3060 Sed
2605 3006 2650 3059 si
2685 3007 2787 3061 hoc
2813 3007 3177 3061 novissimum
3213 3018 3497 3078 putemus,
3530 3009 3731 3063 videbi-

2151 3113 2273 3152 mur
2296 3107 2489 3153 contra
2509 3099 2814 3154 evidentem
2836 3100 3019 3155 venire
3042 3101 3340 3156 rationem.
3362 3099 3553 3155 Nullus
3571 3101 3731 3164 enim,

2153 3198 2212 3243 ut
2235 3190 2369 3257 dixi,
2403 3192 2477 3245 ita
2515 3192 2689 3245 bonus
2717 3191 3050 3257 invenietur,
3075 3191 3162 3246 cui
3206 3205 3316 3246 non
3357 3193 3570 3262 aliquid
3607 3191 3732 3245 insi-

2157 3290 2270 3335 tum
2287 3283 2361 3336 sit
2395 3284 2520 3337 mali
2547 3281 2648 3353 (6),
2680 3293 2738 3335 ut
2765 3297 2832 3336 ex
2864 3284 3163 3338 multorum
3199 3292 3528 3338 sanctorum
3557 3282 3730 3354 perla-

2153 3373 2256 3428 cile
2288 3375 2469 3446 colligi
2500 3377 2720 3432 videtur
2753 3376 3060 3446 exemplis;
3101 3383 3157 3430 et
3207 3390 3402 3431 rursus
3442 3392 3602 3431 nemo
3655 3384 3732 3428 est

2154 3465 2539 3534 pessimorum,
2567 3469 2782 3524 etiamsi
2813 3469 2928 3537 ipse
2956 3467 3129 3524 ludas
3169 3479 3410 3538 ponatur
3449 3471 3542 3539 qui
3577 3484 3732 3536 supra

2155 3573 2371 3613 omnem
2397 3560 2730 3630 impietatem
2757 3562 2834 3631 ('7)
2867 3561 3064 3629 impius
3098 3560 3204 3614 fuit
3229 3599 3246 3626 ,
3287 3571 3348 3616 ut
3391 3577 3502 3616 non
3540 3562 3731 3630 aliquid

2155 3651 2322 3704 etiam
2377 3652 2492 3721 ipse
2535 3655 2659 3709 boni
2711 3655 2969 3708 habuisse
3017 3652 3298 3710 videatur.
3349 3653 3488 3708 Nam
3541 3663 3596 3708 ut
3649 3653 3734 3707 illa

2156 3746 2426 3811 omittam,
2461 3763 2581 3815 qua:
2609 3763 2738 3803 cum
2763 3745 3025 3816 apostolis
3067 3746 3282 3816 positus
3315 3747 3475 3816 quasi
3504 3762 3638 3802 unus
3669 3759 3734 3800 ex

2157 3840 2292 3909 ipsis
2322 3840 2568 3906 gerebat,
2599 3841 2847 3909 quamvis
2878 3847 2933 3893 et
2959 3834 3176 3905 ibi'jam
3212 3841 3373 3894 bonis
3408 3842 3527 3909 ejus
3549 3841 3738 3893 misce-

2156 3942 2418 3986 renturet
2439 3932 2575 3985 mala
2596 3932 2672 4002 (8)
2693 3934 2834 3999 (erat
2857 3932 2999 3986 enim
3019 3933 3266 4000 pecuniae
3290 3933 3544 4004 cupidus)
3562 3943 3735 3986 tamen

2157 4027 2259 4080 hoc
2315 4040 2490 4094 Ipsum
2529 4026 2672 4093 quod
2722 4027 3025 4093 poenitentia
3064 4028 3257 4080 ductus
3294 4027 3585 4098 reportavit
3639 4027 3741 4079 tri-

2157 4120 2302 4188 ginta
2333 4129 2602 4188 argenteos
2626 4119 2695 4172 ad
2731 4121 3053 4185 sacerdotes,
3090 4131 3137 4174 et
3163 4121 3306 4174 dixit
3331 4135 3350 4173 :
3385 4119 3604 4175 Peccavi
3637 4130 3742 4172 tra-

2156 4210 2285 4264 dens
2327 4211 2637 4280 sanguinem
2677 4211 2887 4280 justum
2937 4211 2979 4277 ⁹,
3031 4211 3135 4265 luit
3202 4212 3414 4282 aliquid
3459 4213 3605 4267 boni.
3662 4211 3740 4265 Ex

2157 4303 2355 4372 quibus
2385 4303 2640 4371 omnibus
2671 4303 2887 4358 videtur
2916 4303 3075 4368 mihi,
3119 4306 3388 4373 quoniam
3426 4321 3530 4360 non
3559 4314 3739 4374 potest

2156 4411 2298 4451 unus
2354 4405 2517 4465 atque
2568 4396 2713 4453 idem
2770 4400 2913 4455 bona
2973 4400 3142 4456 simul
3193 4400 3448 4468 recipere
3501 4411 3554 4453 et
3597 4398 3742 4451 mala

2157 4491 2360 4563 (neque
2394 4494 2542 4548 enim
2573 4493 2736 4548 simul
2773 4502 2830 4548 et
2878 4496 2934 4549 in
2981 4494 3306 4564 paradisum
3346 4493 3496 4562 quis,
3549 4502 3643 4546 aut
3689 4493 3742 4544 in

476 4576 607 4643 Deo,
652 4577 719 4632 de
747 4576 902 4633 Isaiae
957 4580 1235 4649 pr0pheta:
1289 4584 1638 4638 sermonibus
1676 4583 1698 4616 '
1754 4587 2054 4655 assumpsit
2086 4583 2131 4639 D
2161 4599 2328 4654 regna
2356 4584 2658 4654 caelorum,
2705 4596 2760 4642 et
2793 4588 2848 4640 in
2893 4586 3198 4656 gehennam
3248 4585 3395 4640 mitti
3443 4586 3637 4655 potest)
3690 4586 3745 4638 in

540 4697 588 4731 ”
617 4693 661 4769 ll
685 4691 920 4769 Cor.__v,
979 4695 1067 4752 10.
1143 4700 1190 4732 ’⁸
1228 4699 1389 4755 Joan.
1438 4717 1549 4769 xvi,
1589 4701 1680 4758 15.
1748 4705 1792 4736 ⁹⁹
1828 4703 2052 4769 Joan._x

2190 4704 2279 4761 10.
2359 4705 2374 4735 ⁸
2403 4703 2444 4756 ll
2475 4703 2605 4759 Cor.
2641 4718 2697 4766 v,
2731 4703 2818 4758 19.
2895 4703 2915 4733 ¹
2951 4701 2968 4755 1
3005 4702 3133 4758 Cor.
3167 4718 3260 4769 xv,
3291 4703 3484 4758 24.26.
3561 4703 3581 4734 ³
3609 4704 3743 4757 ibid.

469 4769 582 4843 an
635 4765 661 4798 ⁸
704 4763 901 4836 Philip.
933 4784 993 4839 ll,
1026 4769 1115 4825 10.
1193 4772 1216 4804 ⁵
1255 4772 1382 4827 lsai.
1423 4763 1548 4838 xcv,
1588 4772 1679 4826 24.
1746 4775 1777 4806 ὀ
1806 4773 1950 4831 Psal.
1983 4764 2052 4831 ἐιι

2164 4777 2193 4831 l.
2272 4775 2295 4806 '
2325 4773 2367 4830 ll
2394 4775 2521 4830 Cor.
2559 4789 2612 4841 v,
2646 4763 2732 4830 10.
2808 4773 2830 4805 ⁸
2855 4771 2955 4829 Job
2986 4775 3220 4842 xxxtt,8.
3247 4763 3258 4769 ⁷
3293 4775 3316 4806 ⁹
3344 4773 3537 4830 Matth.
3568 4789 3743 4839 xxvii,

469 4840 526 4906 5,
554 4839 610 4896 4.

546 4959 661 5083 ῈἹ)
691 4957 784 5015 Sic
803 4973 911 5015 ms.
934 4960 1139 5045 Regius
1154 4976 1304 5018 num.
1334 4961 1497 5018 1659.
1522 4961 1715 5018 (Σπιθτὶ
1742 4978 1872 5018 vero
1891 4979 2048 5031 mss.,

474 5029 554 5085 Ra
597 5044 751 5086 anus.
792 5040 849 5086 et
872 5033 1004 5085 edttt
1033 5041 1292 5086 omittunt
1314 5035 1461 5086 dum.

735 5072 751 5094 ο
792 5050 849 5086 ει
872 5050 1004 5085 CCIII
1033 5050 1292 5086 omlllunl
1314 5050 1461 5086 aum.

542 5099 784 5174 (98)_Ms.
816 5101 1020 5174 Regius
1057 5119 1208 5157 num.
1244 5103 1408 5170 1659,
1439 5103 1642 5156 nullam
1676 5120 1896 5158 causam
1923 5115 2050 5174 puto

474 5185 608 5225 esse.
652 5170 757 5224 Sed
781 5170 964 5226 caeteri
993 5187 1151 5236 mss.,
1172 5174 1428 5228 Rabanus
1461 5183 1517 5226 et
1545 5173 1678 5229 editi
1705 5184 1763 5228 ut
1789 5174 1840 5226 in
1874 5170 2049 5231 textu.

551 5239 663 5310 (99)
695 5239 838 5297 Editi
865 5242 1218 5309 etRabanus,
1248 5255 1303 5296 ut
1323 5243 1699 5304 ministerium,
1723 5253 1830 5298 etc.
1851 5245 2054 5301 Omnes

475 5323 610 5384 vero
635 5325 788 5384 _mss.
831 5313 1025 5374 nostri,
1059 5323 1116 5364 ut
1152 5315 1484 5384 mysterium,
1514 5322 1624 5368 etc.
1658 5314 1864 5369 Deinde
1890 5316 2050 5384 editi,

477 5379 742 5447 accipiant
789 5384 1145 5452 unusquisque
1204 5379 1498 5445 Secundum
1538 5399 1699 5454 Opera
1751 5401 1874 5441 sua.
1954 5379 2054 5440 Ubi

476 5464 623 5518 ergo,
647 5458 754 5506 etc.

553 5518 632 5594 (l)
664 5518 762 5576 Ms.
790 5519 993 5594 Regius
1015 5521 1354 5594 num._1659,
1373 5531 1500 5577 tunc
1521 5523 1640 5594 jam
1665 5535 1790 5579 ante
1815 5525 2056 5580 tribunal

479 5589 579 5644 Dei
611 5589 786 5644 astare
830 5589 1098 5644 dicantur.
1146 5592 1430 5654 Rabanus.
1473 5589 1616 5655 tunc.
1657 5596 1766 5659 ait,
1811 5608 1933 5650 ante
1960 5597 2054 5648 tri-

480 5659 646 5740 bunal
685 5659 782 5713 Dei
798 5671 995 5740 'astare
1019 5661 1241 5718 dicitur.
1309 5661 1415 5717 Sed
1445 5663 1632 5718 caeteri
1670 5680 1806 5720 mss.
1838 5677 1891 5720 et
1923 5667 2054 5722 editi

481 5739 685 5798 rectius
709 5741 768 5783 ιιι
797 5739 851 5783 in
881 5739 1069 5785 DOSU'O
1095 5742 1267 5787 textu.

554 5798 631 5867 (Ξ)
654 5799 970 5851 Credantur.
1012 5801 1170 5856 Deest
1197 5805 1247 5856 in
1284 5801 1437 5860 libris
1467 5815 1626 5858 antea
1649 5805 1830 5861 editis.

556 5867 632 5938 (5)
656 5867 818 5936 Editi,
841 5871 1165 5926 creduntur?
1193 5884 1286 5929 aut
1314 5891 1430 5944 quae
1453 5877 1654 5947 lingua:
1688 5878 1742 5930 in
1769 5875 1904 5944 ignis
1932 5891 2050 5945 spe-

2152 4966 2232 5018 cie
2260 4964 2632 5035 requirentur?
2667 4963 2776 5019 Sed
2837 4964 3254 5034 genuﬂectere...
3322 4973 3376 5019 et
3441 4968 3587 5019 cuitu
3645 4965 3746 5021 Dei

2152 5036 2367 5088 obedire
2394 5035 2651 5088 declarat.

2151 5051 2367 5090 008(1er
2394 5051 2651 5088 aectarat.

2225 5105 2304 5175 (4)
2333 5105 2434 5160 Ms.
2461 5105 2662 5174 Regius
2685 5119 2840 5159 num.
2859 5104 3020 5168 1659,
3039 5103 3252 5158 Movent
3276 5120 3382 5170 me,
3407 5117 3515 5163 etc.
3539 5107 3750 5164 Deinde

2153 5192 2295 5230 mss.
2323 5175 2568 5249 plerique
2595 5187 2649 5230 et
2687 5176 2848 5249 editi,
2871 5192 3072 5249 necesse
3109 5186 3186 5249 est
3213 5193 3327 5249 esse
3361 5179 3560 5249 aliquid
3590 5179 3746 5241 boni,

2152 5263 2262 5299 esse
2285 5255 2332 5300 et
2363 5245 2484 5316 (ειη
2522 5255 2571 5300 et
2603 5246 2737 5313 esse)
2776 5246 2979 5316 aliquid
3011 5247 3162 5303 mali.
3219 5246 3329 5301 Sed
3376 5245 3576 5303 rectius
3607 5268 3744 5304 mss.

2154 5315 2560 5385 Regius’num.
2592 5316 2730 5372 1659
2777 5326 2835 5370 et
2863 5315 3147 5372 ’Rahanus
3181 5327 3240 5370 ut
3281 5319 3335 5371 in
3394 5328 3564 5382 textu,
3636 5323 3745 5375 nisi

2161 5389 2303 5456 quod
2330 5387 2587 5441 Rabanus
2612 5387 2664 5440 in
2691 5388 2796 5441 line
2827 5388 3046 5452 habeat,
3084 5387 3291 5455 aliquid
3325 5399 3374 5441 et
3403 5390 3551 5441 ntali.

2235 5457 2314 5525 (5)
2365 5456 2436 5509 Ita
2487 5456 2655 5520 editi;
2698 5473 2830 5511 mss.
2863 5472 2991 5510 vero
3024 5460 3197 5510 nostri
3226 5473 3421 5513 omnes
3466 5471 3519 5513 et
3551 5457 3742 5513 Raba-

2161 5543 2284 5590 nus,
2327 5526 2565 5590 Spiritus
2606 5527 2746 5580 enim
2788 5528 3201 5591 incorruptibilis
3246 5531 3303 5581 in
3353 5531 3596 5582 omnibus
3642 5541 3744 5585 est.

2231 5597 2310 5667 (6)
2341 5595 2441 5667 llis.
2475 5595 2676 5667 Regius
2712 5613 2862 5651 num.
2895 5597 3052 5657 1659,
3085 5599 3327 5652 inustum
3349 5600 3419 5653 sit
3447 5600 3592 5653 mali.

2235 5666 2312 5737 (7)
2343 5666 2505 5732 Editi,
2546 5666 2755 5720 etiamsi
2797 5669 2908 5734 ipse
2937 5667 3111 5722 Judas
3155 5672 3400 5737 ponitur,
3449 5670 3536 5738 qui
3579 5686 3746 5737 super

2159 5738 2500 5804 impietatem,
2529 5749 2638 5791 etc.

2233 5808 2311 5929 (‘8)
2342 5805 2506 5876 Editi,
2538 5808 2774 5879 quamvis
2827 5816 2875 5862 et
2927 5809 3000 5862 ibi
3043 5809 3161 5878 jam
3205 5811 3360 5865 bonis
3417 5811 3658 5866 misceret
3697 5822 3748 5865 et

2233 5896 2241 5929 l
2267 5896 2318 5929 (ι.

2158 5893 2318 5933 mata.
