3796 6544
77 458 183 518 1215

994 449 1347 516 COMMENT.
1389 456 1456 512 IN
1497 457 1712 514 EPIST.
1751 457 1841 511 AD
1878 456 2045 513 R031.
2081 455 2208 511 LIB.
2252 452 2347 512 IX.

3139 453 3280 509 1246

75 575 158 631 illis
180 572 553 627 tantummodo
587 571 855 628 rationem
885 573 1010 628 boni
1034 590 1138 628 non
1168 577 1378 642 haberi,
1409 575 1465 630 in
1489 577 1610 644 qui-
1637 581 1683 638 Α
1713 577 1984 642 labantur,
2018 577 2084 630 ad
2126 576 2318 630 horum
2350 582 2528 629 autem
2555 571 2958 629 distinctionem
2993 572 3103 645 (16)
3143 570 3245 627 reli
3267 594 3287 608 -

77 666 155 718 bus
175 660 321 716 valde
352 663 772 732 praeponderant
803 663 942 718 mala
979 664 1077 734 (9);
1113 674 1168 720 et
1208 667 1261 720 in
1300 665 1405 720 illis
1445 666 1612 721 ratio-

76 769 172 808 nem
191 750 313 807 mali
344 767 454 807 non
477 756 672 824 accipi,
705 756 759 809 in
789 755 987 824 quibus
1011 749 1425 826 praeponderat"
1449 757 1612 822 bona,

77 857 118 900 et
147 846 193 899 in
231 844 437 914 quibus
464 846 734 900 malorum
767 845 994 916 vestigia
1021 847 1335 917 paenitentia
1380 861 1614 902 conver-

77 939 214 995 sionis
236 938 506 993 abolevit.
530 937 606 994 Ut
628 947 811 994 autem
839 939 906 994 ad
931 939 1194 1010 propositi
1216 939 1435 1008 capituli
1455 939 1616 994 ﬁnem

79 1031 559 1100 conclusionemque
587 1031 897 1095 redeamus,
931 1045 1078 1096 cum,
1120 1031 1318 1100 inquit,
1366 1039 1512 1085 tanta
1546 1031 1620 1085 sit

77 1121 190 1189 apud
226 1120 398 1175 Deum
435 1129 493 1176 et
529 1121 667 1190 apud
693 1121 968 1176 Christum
1010 1121 1128 1190 ejus
1163 1121 1352 1191 judicii
1391 1121 1616 1189 veritas,

79 1226 201 1270 tanta
223 1214 426 1270 futurae
463 1215 888 1272 examinationis
931 1215 1145 1286 indago,
1201 1231 1305 1270 non
1345 1232 1488 1286 ergo,
1520 1217 1616 1282 ait,

77 1309 272 1376 amplius
299 1309 524 1363 invicem
547 1309 870 1378 judicemus.
901 1307 1006 1364 Sed
1042 1309 1138 1362 hoc
1162 1310 1403 1378 Judicate
1428 1311 1616 1378 magis,

78 1417 127 1453 ne
143 1401 336 1468 ponatis
366 1401 703 1468 offensionem
739 1401 943 1470 fratri,
993 1399 1073 1453 uel
1112 1399 1443 1456 scandalum.
1508 1398 1620 1454 Hoc

77 1493 309 1563 iudicate,
344 1491 398 1546 id
430 1501 516 1548 est
568 1493 672 1547 hoc
715 1492 943 1546 statuite
992 1504 1061 1546 ne
1089 1505 1188 1561 per
1213 1490 1620 1546 observantiam

79 1584 291 1638 ciborum
322 1582 660 1638 oﬂ'ensiones
702 1582 965 1638 fratribus
991 1582 1073 1636 vel
1109 1584 1361 1638 scandala
1401 1598 1623 1653 genere-

78 1673 153 1728 tis.
184 1673 252 1727 De
275 1671 579 1728 oﬁ'ensione
617 1674 704 1728 vel
745 1674 1000 1728 seandalo
1031 1673 1142 1743 jam
1186 1689 1349 1742 supra
1389 1674 1623 1728 diximus

78 1765 196 1834 quod
221 1765 538 1820 scandalum
565 1767 635 1821 sit
664 1780 786 1819 cum
811 1765 863 1820 in
882 1766 964 1819 via
993 1779 1097 1834 qua
1121 1765 1391 1821 inceditur
1422 1764 1623 1832 aliquid

78 1855 324 1910 invenitur
351 1856 653 1926 obiectum,
691 1859 744 1912 in
765 1871 872 1927 quo
903 1854 1179 1910 oﬁ’cndant
1215 1857 1330 1928 (10)
1356 1857 1624 1911 scanden-

1713 681 1820 736 qua
1849 681 1974 721 vasa
2012 665 2322 720 communia
2354 663 2705 726 dicebantur;
2739 661 2811 716 ita
2845 672 2900 716 et
2935 663 3000 716 ad
3031 663 3280 718 ciborum

1715 756 2142 820 distinctionem,
2176 768 2366 811 eorum
2393 765 2532 822 quos
2557 753 2712 822 quasi
2754 753 2986 810 mundos
3011 765 3065 810 et
3089 768 3287 810 secun-

1715 846 1842 902 dum
1892 846 2065 917 legem
2109 846 2352 901 edendos
2399 842 2684 913 Scriptura
2723 847 3048 916 segregavit,
3091 847 3290 916 reliqui

1714 951 1905 990 omnes
1921 950 2238 992 communes
2259 936 2515 1007 appellati
2538 943 2683 990 sunt.
2712 935 2817 991 Sed
2848 935 3022 992 Judaei
3043 937 3155 992 vim
3173 952 3293 994 ver-

1714 1025 1770 1082 bi
1801 1027 2255 1096 ignorantes(i7),
2286 1029 2430 1083 unde
2457 1028 2760 1084 communis
2792 1029 3068 1084 diceretur
3101 1028 3289 1096 homo,

1717 1132 1877 1188 quem
1899 1118 2063 1190 665
2086 1135 2432 1176 communem
2455 1119 2812 1190 appellabant,
2833 1120 3104 1177 sermonis
3126 1137 3228 1176 usu
3239 1138 3288 1174 m

1718 1215 1840 1270 sine
1881 1215 2292 1285 signiﬁcationis
2331 1219 2686 1290 intelligentia
2731 1226 3042 1272 tenuerunt.
3104 1213 3294 1284 Neque

1719 1307 1864 1362 enim
1893 1307 2006 1380 (18)
2051 1309 2157 1364 cibi
2200 1324 2339 1379 quos
2370 1311 2512 1366 Deus
2549 1309 2778 1372 creavit,
2835 1316 2930 1361 aut
2977 1301 3294 1376 ignaranter

1720 1407 1815 1454 aut
1842 1399 2165 1471 simpliciter
2193 1404 2392 1472 sumpti
2421 1415 2766 1457 communem
2799 1400 2977 1454 facere
3012 1399 3291 1453 hominem

1721 1500 1974 1563 poterant
1994 1501 2050 1548 et
2074 1495 2446 1560 immundum;
2481 1495 2574 1548 sed
2609 1507 2762 1546 mens
2784 1491 2873 1545 illa
2908 1490 3146 1546 hominis
3173 1503 3294 1558 qua:

1723 1581 1832 1636 Deo
1858 1581 1957 1637 soli
2005 1593 2285 1652 segregata
2333 1591 2437 1648 est,
2485 1581 2682 1637 merito
2721 1582 2920 1636 munda
2947 1579 3292 1650 appellatur:

1721 1688 1842 1743 quae
1880 1689 2010 1728 vero
2048 1675 2220 1729 aliena
2260 1689 2291 1729 a
2341 1675 2452 1729 Deo
2495 1683 2614 1738 est,
2660 1673 2915 1741 quoniam
2945 1687 3057 1752 non
3083 1671 3150 1724 ab
3184 1682 3294 1722 uno

1723 1765 1917 1833 spiritu
1951 1765 2245 1829 immundo,
2273 1765 2367 1820 sed
2390 1779 2419 1818 a
2444 1765 2691 1836 plurimis
2727 1763 3055 1835 possidetur,
3087 1761 3296 1815 idcirco

1725 1857 1848 1912 talis
1877 1858 2037 1911 homo
2067 1859 2370 1912 communis
2401 1858 2722 1927 appellatur,
2778 1855 2932 1926 quasi
2965 1853 3055 1922 qui
3091 1851 3294 1906 multo-

79 1945 190 2000 tiutn
221 1945 305 2000 vel
348 1947 720 2002 incedentium
774 1919 959 2017 pedes.
1007 1946 1119 2002 Hoc
1157 1919 1244 2002 est
1293 1961 1426 2016 ergo
1478 1947 1622 2017 quod
1653 1919 1699 1980 Β
1727 1961 1845 2000 rum
1891 1947 1962 2001 sit
2000 1945 2110 2016 (19)
2165 1946 2246 2002 vel
2287 1919 2580 2013 vitioium,
2615 1947 2700 2002 vel
2741 1946 3044 2000 daemonum
3079 1956 3294 2004 servus,

79 2038 332 2108 patiuntur
357 2040 418 2094 hi
448 2041 541 2109 qui
566 2040 713 2094 viam
755 2039 879 2094 ﬁdei
907 2055 1078 2110 nuper
1100 2040 1356 2110 ingressi,
1383 2040 1623 2108 priorum

79 2129 148 2184 vel
172 2130 628 2195 contentionibus,
652 2131 737 2186 vel
766 2130 1145 2201 negligentiis,
1191 2130 1278 2186 vel
1313 2139 1625 2202 contemptu

81 2229 123 2274 et
148 2220 470 2276 elationibus
505 2220 876 2286 oﬁ'enduntur,
925 2230 1092 2293 atque
1130 2221 1394 2293 exemplis
1433 2237 1624 2280 eorum

79 2313 256 2368 tecussi
280 2313 400 2386 (11)
426 2323 752 2369 avertuntur
783 2328 814 2366 a
849 2314 974 2370 ﬁde.

135 2403 215 2458 l2.
238 2401 364 2458 Scio
393 2413 446 2459 et
479 2404 690 2473 conﬁdo
721 2405 776 2459 in
806 2404 1030 2460 Domino
1052 2403 1202 2471 Iesu,
1230 2405 1356 2478 quia
1384 2406 1515 2461 nihil
1552 2414 1626 2460 est

80 2503 322 2542 commune
351 2503 450 2553 per
478 2489 673 2556 ipsum,
699 2489 802 2543 nisi
834 2489 881 2543 ei
902 2487 990 2558 qui
1023 2489 1287 2543 existimat
1322 2489 1447 2560 quid
1488 2504 1631 2543 com-

79 2594 211 2632 mune
239 2595 374 2645 esse,
417 2579 506 2633 illi
527 2595 800 2635 commune
820 2590 917 2636 est.
963 2579 1025 2635 Si
1053 2581 1190 2635 enim
1223 2590 1435 2650 propter
1457 2579 1628 2634 cibum

78 2671 220 2739 frater
250 2681 375 2726 tuus
399 2674 772 2740 contristatur,
799 2674 916 2742 jam
949 2688 1053 2727 non
1081 2672 1365 2726 secundum
1395 2672 1630 2725 charita-

78 2771 160 2813 tcnt
193 2763 461 2818 ambulas.
515 2761 645 2818 Noli
683 2763 799 2818 cibo
820 2773 912 2818 tuo
941 2763 1092 2817 illum
1133 2763 1374 2834 perdere,
1403 2778 1498 2832 pro
1525 2779 1629 2832 quo

77 2851 290 2911 Christus
341 2868 592 2912 mortuus
623 2867 700 2914 est
737 2860 782 2891 ¹⁰
813 2857 950 2929 (12).
1003 2857 1249 2915 Diximus
1288 2867 1344 2914 et
1388 2859 1444 2914 in
1487 2858 1630 2925 aliis,

79 2948 204 3014 quod
232 2949 283 3003 in
309 2949 621 3020 Scripturis
642 2952 850 3006 sanatis
876 2952 1169 3006 vernacula
1191 2952 1423 3021 quadam
1448 2951 1633 3022 appel-

77 3038 256 3096 latione
285 3043 438 3112 quod
483 3053 734 3098 sanctum
778 3043 866 3099 vel
897 3043 1156 3098 mundum
1188 3059 1297 3101 non
1323 3052 1432 3110 est,
1484 3059 1634 3098 com-

76 3144 214 3185 mune
248 3131 599 3197 nominetur;
634 3146 754 3200 quae
807 3141 990 3186 tamen
1042 3131 1333 3203 appellatio
1379 3133 1434 3187 in
1484 3131 1634 3190 Novo

76 3216 406 3275 Testamento
459 3221 799 3290 frequentius
845 3223 1124 3279 invenitur
1193 3223 1329 3296 (15).
1373 3224 1426 3279 in
1453 3223 1632 3281 Veteri

75 3325 184 3368 vero
209 3328 320 3368 non
353 3315 621 3370 recordor
649 3315 821 3370 sicubi
841 3315 1120 3370 nominata
1150 3325 1258 3382 est,
1290 3325 1349 3372 ut
1375 3317 1427 3371 in
1455 3316 1634 3372 Evan-

73 3403 191 3472 gelia
228 3404 491 3460 Salvator
525 3405 682 3470 dicit,
711 3403 838 3473 quia
871 3404 936 3458 de
968 3407 1127 3460 corde
1163 3407 1454 3474 procedunt
1483 3407 1631 3476 cogi-

75 3497 276 3551 tationes
309 3497 500 3563 malua,
532 3497 842 3560 homicidia,
876 3497 1256 3565 fornicationes
1276 3538 1292 3565 ,
1341 3497 1630 3564 adulteria,

73 3585 217 3655 farta,
256 3589 405 3658 falsa
436 3589 737 3644 testimonia
765 3603 783 3642 :
813 3599 862 3642 et
889 3589 994 3644 ista
1029 3601 1154 3645 sunt
1185 3607 1303 3661 qute
1339 3591 1633 3646 communi-

74 3689 171 3732 cant
191 3680 304 3754 (14)
342 3681 639 3735 hominem.
683 3680 808 3734 Non
844 3681 970 3735 lotis
1003 3692 1180 3736 autem
1209 3683 1448 3736 manibus
1475 3698 1630 3736 man-

73 3769 264 3839 ducare,
327 3787 445 3826 non
492 3773 845 3826 communicat
877 3772 1142 3828 hominem
1175 3775 1240 3827 “.
1273 3772 1533 3841 Quamvis
1575 3772 1632 3827 in

73 3864 324 3920 nonnullis
365 3863 779 3932 exemplaribus
828 3864 1011 3920 Latini
1059 3881 1158 3937 pro
1201 3867 1635 3932 communicant,

73 3954 395 4024 coinquinant
446 3957 756 4026 posuerint,
809 3965 864 4012 et
898 3957 1026 4013 licet
1079 3960 1270 4014 eadem
1316 3958 1490 4013 virtus
1540 3958 1633 4024 sit,

73 4049 357 4117 praprietas
387 4060 577 4104 tamen
606 4049 878 4105 sermonis
903 4053 1257 4106 communicat
1291 4053 1452 4107 habet
1491 4051 1631 4124 (15).

74 4134 161 4191 Sed
199 4148 256 4194 et
298 4141 358 4196 in
400 4141 637 4196 Actibus
673 4141 1041 4210 apostolorum
1093 4143 1353 4199 Dominus
1389 4143 1521 4200 dicit
1565 4144 1635 4199 ad

71 4223 263 4286 Petrum
295 4248 312 4287 :
342 4231 509 4298 Quod
533 4229 674 4286 Deus
693 4233 985 4300 mundaoit,
1013 4244 1072 4288 tu
1097 4249 1370 4290 commune
1399 4251 1462 4290 ne
1487 4234 1636 4289 dixe-

71 4317 130 4370 ris
159 4319 219 4374 ¹².
255 4321 402 4377 Puto
460 4335 598 4388 ergo
656 4320 784 4376 inde
815 4336 971 4377 usum
1017 4324 1180 4395 hujus
1229 4326 1496 4382 sermonis
1547 4341 1636 4382 as-

71 4421 345 4480 sumptum,
413 4422 476 4466 ut
503 4414 658 4481 quia,
699 4411 855 4467 verbi
897 4415 1109 4482 gratia,
1149 4430 1278 4472 vasa
1304 4417 1491 4486 templi
1524 4417 1632 4471 mi-

1727 2039 2019 2095 secundum
2060 2040 2208 2094 illum
2253 2039 2346 2109 qui
2393 2039 2775 2109 interrogatus,
2808 2037 2961 2102 Quod
2990 2035 3084 2088 tibi
3108 2049 3296 2088 nomen

1725 2131 1845 2186 est?
1873 2133 2169 2201 respondit,
2197 2131 2356 2202 Legio
2387 2149 2406 2188 :
2437 2133 2597 2187 Multi
2627 2136 2764 2186 enim
2796 2144 2975 2182 sumus
3006 2127 3050 2159 ¹³
3077 2143 3090 2179 :
3125 2136 3179 2180 et
3213 2139 3297 2179 se-

1727 2223 1965 2276 cundum
2004 2223 2134 2277 illud
2174 2223 2316 2292 quod
2362 2239 2393 2277 a
2440 2223 2724 2278 Salvatore
2759 2223 2976 2286 dicitur,
3015 2219 3141 2288 quia
3178 2234 3295 2271 cum

1725 2313 1913 2368 exierit
1958 2314 2259 2367 immundus
2303 2314 2520 2382 spiritus
2564 2317 2628 2367 ab
2676 2314 2909 2377 homine,
2969 2309 3155 2366 circuit
3182 2309 3300 2362 loca

1727 2405 1904 2469 arida,
1943 2420 2181 2473 quaerens
2221 2404 2483 2475 requiem,
2514 2417 2561 2458 et
2604 2421 2706 2458 non
2743 2404 3004 2458 inveniens
3036 2403 3213 2456 redit:
3249 2410 3299 2455 et

1727 2497 1990 2551 inveniens
2015 2495 2228 2548 domum
2265 2504 2536 2550 vacantem
2563 2507 2608 2550 et
2643 2496 2814 2563 scopis
2844 2495 3152 2548 mundatam
3170 2536 3184 2558 ,
3209 2509 3299 2546 as-

1728 2589 1890 2642 sumit
1931 2603 2105 2642 secum
2150 2597 2344 2657 septem
2389 2589 2521 2642 alios
2566 2588 2784 2656 spiritus
2829 2587 3100 2656 nequiores
3123 2599 3212 2648 se;
3251 2594 3300 2637 et

1729 2679 1986 2734 intrantes
2012 2679 2254 2732 habitant
2293 2680 2348 2733 in
2389 2695 2448 2732 eo
2489 2677 2603 2748 (20)
2632 2677 2694 2731 ⁸⁵.
2732 2677 2799 2730 Ει
2837 2677 2958 2732 sine
3001 2676 3162 2730 dubio
3199 2677 3300 2729 iste

1732 2769 1856 2825 talis
1888 2771 2048 2826 homo
2077 2770 2380 2825 communis
2413 2770 2631 2834 dicitur,
2664 2783 2853 2823 eorum
2896 2768 3149 2823 videlicet
3179 2784 3299 2822 ser-

1729 2877 1830 2917 vus
1857 2861 2080 2918 electus
2103 2863 2344 2917 omnium
2373 2862 2658 2931 spirituum
2695 2861 3051 2929 malignorum
3083 2861 3174 2930 qui
3205 2863 3299 2914 ha-

1731 2957 1906 3013 bitant
1944 2957 1998 3010 in
2041 2969 2127 3010 eo.
2177 2953 2372 3009 Merito
2428 2968 2558 3022 ergo
2602 2954 2780 3007 sciens
2833 2952 3099 3006 sermonis
3144 2949 3299 3019 hujus

1732 3049 1875 3104 hanc
1900 3062 2021 3102 esse
2044 3047 2330 3101 rationem
2377 3042 2595 3108 Paulus,
2625 3043 2755 3098 dicit
2785 3061 2799 3098 :
2842 3041 2968 3100 Scio
3009 3054 3056 3097 et
3091 3043 3304 3110 conﬁdo

1732 3139 1786 3193 in
1813 3137 2036 3192 Domino
2063 3134 2215 3202 Jesu,
2254 3135 2380 3205 quia
2409 3134 2538 3189 nihil
2564 3141 2639 3187 est
2675 3147 2948 3186 commune
2981 3147 3074 3201 per
3103 3132 3300 3196 ipsum.

1734 3229 1878 3286 Nihil
1910 3230 2053 3285 enim
2083 3229 2134 3284 in
2168 3228 2439 3284 creaturis
2469 3226 2563 3282 Dei
2595 3237 2788 3280 natura
2820 3225 2902 3279 sui
2933 3222 3046 3295 (21)
3072 3222 3298 3275 immun-

1737 3324 1863 3378 dum
1889 3330 1974 3376 est
2001 3321 2201 3391 (omnia
2238 3333 2473 3388 namque
2516 3332 2548 3372 a
2594 3319 2736 3372 bono
2780 3317 2891 3371 Deo
2919 3322 3124 3378 creata,
3162 3314 3300 3367 bona

1737 3428 1856 3471 esse
1882 3421 2166 3469 constatet
2199 3411 2423 3480 munda)
2449 3410 2538 3464 sed
2571 3411 2639 3473 ei,
2666 3409 2861 3479 inquit,
2902 3407 2993 3477 qui
3033 3407 3302 3460 existimat

1737 3509 1937 3578 aliquid
1966 3523 2076 3562 esse
2114 3521 2406 3572 commune,
2448 3505 2549 3574 ipsi
2598 3517 2869 3557 commune
2910 3509 3022 3559 est:
3061 3499 3162 3553 hoc
3197 3507 3303 3563 est,

1737 3598 1832 3669 qui
1853 3597 2151 3653 intentione
2186 3595 2372 3651 cordis
2403 3594 2739 3649 immundum
2765 3591 2969 3660 aliquid
2998 3589 3216 3659 cogitat,
3249 3595 3302 3642 et

1735 3689 2136 3744 observantiam
2167 3685 2504 3741 diversitatis
2531 3685 2794 3749 admittit,
2831 3685 2975 3738 sicut
3008 3693 3062 3736 et
3096 3683 3147 3734 in
3173 3695 3302 3734 con-

1733 3778 2083 3848 sequentibus
2113 3777 2244 3831 dicit
2281 3793 2296 3830 :
2334 3775 2438 3841 Qui
2473 3786 2650 3829 autem
2695 3774 2970 3839 discernit,
3008 3775 3055 3827 si
3081 3773 3299 3825 mandu-

1736 3872 1950 3938 cauerit,
1979 3870 2266 3923 damnatus
2288 3879 2398 3933 est;
2435 3868 2562 3938 quia
2588 3882 2692 3920 non
2718 3881 2784 3920 ea:
2802 3866 2927 3933 ﬁde.
2978 3863 3144 3918 Omne
3167 3863 3306 3914 enim

1738 3961 1877 4032 quod
1911 3975 2016 4014 non
2036 3969 2108 4014 est
2131 3975 2196 4013 ex
2219 3958 2343 4027 ﬁde,
2384 3967 2656 4027 peccatum
2686 3966 2762 4010 est
2791 3956 2856 4010 ".
2889 3954 2999 4008 Nec
3046 3963 3222 4006 tamen
3251 3951 3305 4005 in

1744 4051 1831 4107 his
1859 4049 2260 4106 distinctionem
2290 4047 2430 4119 legis
2451 4046 2703 4110 exclusit,
2736 4053 2796 4099 ut
2823 4043 3068 4098 absolute
3099 4041 3302 4095 diceret

1739 4145 1874 4200 nihil
1893 4160 2014 4201 esse
2044 4159 2331 4200 commune
2356 4147 2450 4196 aut
2475 4137 2811 4194 immundum
2847 4151 3036 4192 eorum
3067 4149 3186 4204 quae
3215 4133 3302 4188 lex

1740 4237 1982 4294 deﬁnivit
2007 4237 2310 4308 immunda.
2341 4233 2612 4290 Praemisit
2637 4231 2780 4287 enim
2823 4243 3044 4284 causam
3074 4242 3173 4284 cur
3208 4239 3312 4297 per

1738 4330 2090 4398 semetipsum
2127 4327 2264 4383 nihil
2309 4338 2597 4381 commune
2634 4323 2865 4378 dicatur.
2910 4319 3064 4386 Scio,
3109 4319 3304 4385 inquit,

1737 4431 1787 4476 et
1822 4420 2028 4488 conﬁdo
2074 4421 2130 4474 in
2174 4418 2398 4473 Domino
2438 4415 2588 4470 Jesu.
2641 4414 2698 4468 In
2744 4411 2971 4466 Domino
3005 4424 3139 4478 ergo
3179 4404 3305 4460 Jesu

71 4500 269 4559 nisterio
297 4513 601 4576 segregata
627 4544 644 4573 ,
680 4519 811 4561 vasa
843 4506 964 4564 sine
1003 4508 1168 4565 dubio
1199 4509 1412 4565 Domini
1442 4509 1629 4581 appel-
1661 4501 1707 4556 Ῑ)
1735 4509 1869 4565 nihil
1890 4524 2176 4566 commune
2203 4524 2298 4580 per
2321 4507 2693 4578 semetipsum,
2729 4505 2835 4559 hoc
2865 4510 2969 4567 est,
2998 4511 3192 4554 natura
3215 4496 3302 4550 sui

123 4646 162 4677 ¹⁶
203 4647 366 4703 Rom.
408 4663 534 4710 xw,
567 4646 774 4712 14,15.

880 4649 924 4681 ¹¹
952 4649 1141 4706 Matth.
1182 4666 1274 4716 xv,
1306 4650 1395 4716 19,
1427 4649 1520 4706 20.

70 4713 265 4774 “Rom.
296 4734 418 4786 xiv,
444 4719 543 4774 25.

118 4860 186 4930 (9)
228 4862 401 4929 Editi,
447 4877 520 4917 ea:
551 4860 738 4930 quibus
767 4861 1006 4932 omnibus
1053 4862 1259 4917 videtur
1293 4864 1453 4930 mihi,
1497 4864 1624 4932 quia

68 4943 152 4982 non
184 4943 355 5000 potest
399 4948 550 4987 unus
594 4941 750 5000 atque
782 4931 922 4984 idem
955 4935 1088 4986 bona
1119 4933 1276 4986 simul
1319 4931 1544 5000 recipere
1573 4942 1622 4986 et

67 5001 203 5074 mala.
226 5002 419 5074 Neque
441 5005 588 5056 enim
619 5001 778 5054 simul
805 5011 898 5074 aut
939 5003 993 5054 in
1027 5005 1336 5072 paradisum
1367 5006 1507 5071 quis,
1532 5010 1625 5056 aut

67 5067 112 5141 in
144 5087 295 5141 regna
324 5067 644 5141 ’δίεισι-μω,
687 5080 778 5122 aut
824 5073 878 5123 in
922 5067 1206 5139 gehennam
1259 5067 1394 5126 mitti
1438 5067 1626 5140 patest.

66 5135 441 5208 Respondemus
461 5143 522 5194 in
545 5140 651 5194 illis
679 5135 1040 5195 tantummodo
1059 5144 1315 5196 rationem
1337 5135 1458 5196 vita}
1481 5144 1629 5196 bona:

68 5224 152 5282 non
175 5215 383 5277 haberi,
421 5214 484 5265 in
507 5211 698 5282 quibus
721 5209 869 5282 ualde
889 5215 1293 5281 prwponderant
1318 5213 1460 5265 mala
1480 5252 1496 5278 ,
1521 5219 1628 5268 etc.

69 5275 154 5333 Sed
180 5298 306 5338 mss.
347 5275 540 5336 nostri
565 5290 620 5334 et
647 5275 904 5333 Rabanus
929 5275 1077 5333 ut'iu
1107 5290 1277 5335 textu.

127 5353 230 5421 (10)
260 5353 438 5416 Editi,
482 5351 545 5404 in
568 5366 672 5420 quo
698 5350 1051 5418 oﬂ'endeutur.
1083 5350 1342 5406 Rabanus
1361 5389 1378 5415 ,
1411 5350 1467 5404 in
1492 5351 1632 5420 quod

74 5420 338 5487 iﬁendant,
365 5432 487 5477 etc.
1190 5473 1198 5476 -

122 5491 226 5562 (11)
268 5493 420 5548 Editi
455 5498 517 5546 et
543 5502 650 5562 ms.
703 5503 864 5562 unus,
916 5488 1379 5562 repercussi.Sed
1434 5491 1638 5546 rectius

73 5559 219 5616 :arteri
245 5579 384 5618 mss.
420 5559 628 5626 nostri,
651 5567 707 5615 et
738 5559 998 5615 Rabanus
1021 5599 1036 5622 ,
1065 5561 1282 5616 ret‘ussi.

125 5631 227 5701 (12)
266 5633 328 5687 Si
369 5634 527 5687 enim
561 5639 774 5701 prOpter
803 5629 1176 5701 cibumgfrater
1202 5643 1326 5683 tuus
1351 5631 1637 5701 contrista-

73 5706 156 5765 tur,
190 5699 305 5772 jam
350 5720 466 5758 non
519 5700 812 5772 secundum
847 5699 1173 5772 charitatem
1205 5700 1470 5753 ambulas.
1508 5700 1636 5754 Noli

74 5773 158 5822 :ibo
190 5769 290 5828 tuo
343 5775 513 5826 illum
557 5769 810 5838 perdere,
851 5787 947 5839 pro
971 5770 1350 5839 qquChristus
1398 5781 1636 5823 mortuus

74 5853 142 5892 tsi.
170 5842 286 5899 lianc
312 5837 716 5899 desiderantur
743 5842 796 5894 in
837 5837 1021 5895 editis.
1059 5837 1166 5895 Mss
1233 5841 1479 5909 plerique
1507 5854 1638 5894 cou-

74 5921 246 5970 lextutu
281 5911 545 5986 Apostoli
578 5919 1004 5980 prosequuntur,
1039 5911 1177 5966 alter
1210 5925 1378 5980 usque
1420 5909 1486 5966 ad
1515 5926 1638 5966 ver-

1616 4652 1661 4684 “
1691 4651 1813 4708 Act.
1839 4666 1897 4718 x,
1934 4650 2023 4706 15.

2123 4649 2167 4682 ¹³
2196 4647 2331 4706 Luc.
2360 4661 2478 4713 vtu,
2504 4644 2596 4701 '50.
2695 4641 2740 4674 “
2764 4640 2954 4696 Matth.
2989 4653 3092 4704 xu,
3122 4636 3305 4692 45-45.

1728 4875 1846 4916 sum
1870 4858 1938 4914 19
1959 4857 2247 4924 inclusive,
2277 4856 2419 4911 alter
2446 4865 2618 4924 usque
2651 4851 2718 4924 ad
2745 4849 2979 4904 medium
3018 4862 3168 4924 vers.
3213 4844 3305 4901 20.

1726 4931 1836 4986 Sed
1869 4945 1990 4984 cum
2018 4937 2198 4984 tomus
2234 4919 2483 4983 decimus
2512 4919 2734 4990 incipiat
2751 4935 2793 4998 _a
2822 4933 2982 4973 versu
3031 4919 3121 4998 115,
3161 4927 3306 4970 recte

1727 5014 1902 5070 usque
1923 4999 1989 5054 ad
2015 4999 2159 5070 hunc
2181 5013 2396 5070 versum
2425 4991 2802 5050 tantummodo
2821 4991 3172 5060 prosequi-tur
3206 5001 3307 5042 ius.

1731 5067 1934 5142 Regius
1957 5085 2108 5142 num.
2124 5069 2155 5142 _i
2169 5067 2332 5142 639._
2494 5135 2508 5142 _
2663 5140 2669 5142 Α

1833 5130 1916 5194 15)
1950 5137 2248 5192 Invenitur.
2300 5137 2463 5192 Deest
2494 5135 2550 5188 in
2581 5140 2744 5187 antea
2774 5130 2959 5185 editis.

1831 5203 1916 5277 14)
1948 5209 2117 5270 Alias,
2150 5209 2519 5277 coinquinant,
2539 5203 2716 5277 _male.

1834 5269 1920 5348 15)
1968 5269 2136 5342 Editi,
2185 5287 2238 5331 et
2282 5269 2404 5348 licet
2449 5269 2630 5348 eadem
2675 5270 2799 5325 istic
2847 5269 2915 5324 sit
2968 5269 3312 5342 proprietas,

1738 5343 1914 5405 tamen
1938 5363 2108 5402 sermo
2131 5345 2518 5400 communicant
2539 5343 2714 5397 habet.

1811 5419 1923 5490 (iii)
1951 5418 2118 5490 Editi,
2140 5416 2525 5490 deﬁnitionem,
2545 5413 2710 5490 _male.

1811 5419 1900 5490 (16
1951 5419 2118 5483 Editi,
2140 5419 2525 5485 deﬁnitionem,
2555 5419 2710 5467 male.

1810 5490 1857 5559 (1
1871 5419 1923 5558 Ἱζ
1955 5487 2121 5559 Editi,
2156 5489 2259 5559 vim
2283 5485 2430 5559 _verbi
2457 5484 2557 5559 Dei
2583 5486 2916 5559 ignorantes.

1811 5553 1925 5630 (18)
1956 5557 2136 5630 _Enim.
2173 5556 2524 5630 Desidet-ator
2547 5553 2814 5610 ineditis.

1810 5626 1922 5700 (19)
1952 5627 2113 5700 Deest
2139 5627 2209 5680 sit
2236 5627 2291 5700 in
2319 5626 2503 5680 editis.

1813 5691 1926 5772 (20)
1972 5697 2136 5772 Editi,
2184 5709 2231 5750 et
2259 5698 2481 5772 intrant
2516 5695 2577 5772 in
2620 5710 2764 5750 eum.
2824 5694 3106 5772 Rabanus,
3142 5699 3193 5749 et
3222 5691 3311 5772 in-

1745 5765 1945 5824 trantes
1974 5769 2212 5822 habitant
2253 5769 2303 5820 in
2333 5783 2414 5820 ea.
2451 5765 2556 5820 Sed
2589 5780 2778 5824 omnes
2805 5782 2936 5825 mss.
2964 5777 3018 5822 ut
3049 5768 3106 5823 in
3135 5771 3308 5820 textu.

1819 5839 1930 5909 (21)
1953 5835 2115 5906 Editi,
2155 5839 2220 5894 de
2251 5847 2438 5894 natura
2470 5839 2570 5892 sui.
