3796 6544
480 408 616 486 tet?

1899 425 2221 484 ORIGENIS

3584 419 3707 468 ιω

475 552 708 612 dicitur;
752 550 842 604 sed
871 547 977 614 illi,
1019 548 1214 619 inquit,
1242 550 1330 618 qui
1352 549 1639 612 existimat,
1679 556 1734 604 et
1775 549 1865 617 qui
1896 558 2046 618 putat
2075 551 2122 607 Α
2147 553 2269 600 sunt
2298 543 2479 598 omnia
2504 540 2557 595 in
2589 538 2979 606 corruptionem
3004 537 3120 603 ipso
3153 549 3276 598 usu,
3299 533 3579 586 secundum
3595 549 3711 600 prte-

477 643 678 712 aliquid
700 658 808 696 esse
837 658 1127 704 commune,
1165 643 1264 707 ipsi
1293 658 1568 702 commune
1608 652 1704 696 est.
1745 641 1810 694 Et
1843 656 1910 695 ne
1945 642 2047 694 mi-

477 732 619 783 reris
648 730 789 798 quod
821 731 1077 799 cogitatio
1112 730 1310 783 mentis
1350 729 1532 784 cibum
1578 733 1669 800 qui
1720 741 1912 784 natura
1960 731 2044 786 sui

475 823 782 876 communis
825 814 911 876 v'el
956 823 1192 892 pollutus
1229 838 1334 876 non
1379 833 1496 886 est,
1549 823 1714 877 faciat
1758 823 2042 891 pollutum,

476 928 600 967 cum
649 915 954 968 econtrario
1000 914 1179 968 cibum
1216 929 1345 968 vere
1393 914 1657 984 pollutum
1710 918 1860 984 (vere
1897 917 2043 970 enim

475 1002 711 1072 pollutus
737 1013 821 1056 est
851 1003 942 1073 qui
988 1003 1144 1057 idolis
1172 1002 1504 1072 immolatur)
1535 1004 1854 1072 simplicitas
1895 1018 2046 1056 men-

476 1093 566 1157 tis,
593 1102 649 1148 et
689 1092 833 1146 nulla
868 1094 1212 1162 cogitationis
1242 1092 1632 1162 scrupulositas
1671 1092 1866 1161 injecta
1905 1089 2042 1160 (εἳ),

473 1182 621 1236 omni
662 1181 967 1250 suspicione
996 1181 1471 1236 contaminationis
1508 1181 1772 1236 absolvat.
1814 1182 1875 1236 Et
1922 1198 2044 1236 rur-

475 1287 593 1328 sum
619 1273 828 1328 etiamsi
876 1274 1104 1327 mundus
1135 1275 1204 1327 sit
1236 1273 1410 1335 cibus,
1461 1275 1822 1340 suspicionem
1859 1283 2041 1329 tamen

471 1367 670 1435 aliquis
709 1367 948 1436 patiatur
984 1367 1138 1436 quasi
1191 1367 1332 1436 quod
1382 1367 1540 1422 idolis
1587 1366 1896 1421 immolatus
1946 1368 2041 1434 sit,

470 1455 640 1525 pollui
685 1455 885 1509 dicitur
926 1472 1023 1525 pro
1076 1456 1420 1510 conscientiae
1458 1458 1733 1526 scrupulo.
1799 1457 1860 1511 Si
1903 1464 2040 1512 enim

469 1556 684 1615 propter
710 1547 880 1600 cibum
919 1547 1088 1616 frater
1113 1560 1233 1602 tuus
1260 1552 1608 1603 contristatur
1636 1550 1773 1620 (25),
1805 1567 1908 1604 non
1921 1551 2042 1620 jam

469 1639 758 1692 secundum
794 1639 1102 1692 churitatem
1141 1641 1402 1694 ambulas.
1451 1639 1582 1694 Noli
1621 1644 1734 1695 cibo
1765 1653 1854 1696 tuo
1885 1643 2040 1697 illum

467 1733 703 1798 perdere,
729 1747 825 1799 pro
855 1749 956 1803 quo
989 1731 1232 1788 Christus
1262 1743 1504 1787 mortuus
1531 1744 1627 1789 est.
1659 1737 1793 1790 Cum
1825 1736 2042 1791 definis-

468 1830 557 1875 set
596 1823 889 1891 apostolico
927 1825 1176 1892 dogmate
1223 1841 1319 1895 per
1366 1825 1648 1881 Dominum
1688 1827 1872 1883 Jesum
1907 1829 2038 1884 nihil

2151 647 2302 705 cepta
2347 645 2395 689 et
2445 633 2712 686 doctrinas
2756 630 3024 682 hominum
3072 643 3243 697 :qute
3293 637 3413 680 sunt
3469 626 3710 677 rationein

2151 727 2363 796 quidem
2393 725 2639 778 habentia
2660 725 2930 792 sapientia:
2959 724 3015 775 in
3048 721 3410 774 obseruatione
3434 718 3712 786 religionis,

2151 827 2200 872 et
2226 817 2527 870 humilitate
2547 833 2640 885 per
2662 817 2985 871 uexationem
3006 813 3267 883 corporis,
3297 829 3404 864 non
3439 812 3494 864 in
3533 811 3714 864 honore

2151 908 2327 979 aliqua
2361 909 2431 961 ad
2451 909 2788 962 saturitatem
2821 907 2998 961 carnis
3030 906 3098 960 ".
3132 905 3208 959 De
3240 906 3438 973 quibus
3475 917 3570 971 per
3609 905 3713 957 sin-

2150 997 2272 1067 gula
2315 997 2583 1051 disserere
2623 1013 2729 1052 non
2781 1004 2863 1051 est
2906 995 3197 1066 praesentis
3239 995 3459 1061 operis;
3528 991 3592 1044 de
3640 991 3715 1044 his

2150 1087 2292 1141 enim
2323 1103 2465 1142 nunc
2506 1103 2626 1158 quae
2668 1088 2735 1141 ad
2771 1087 3045 1142 Romanos
3091 1084 3285 1140 scribit
3308 1082 3603 1152 Apostolus
3633 1096 3714 1135 co-

2150 1195 2346 1234 namur
2381 1195 2650 1250 exponere
2695 1178 2828 1250 (27).
2873 1178 2986 1234 Hoc
3028 1188 3116 1233 est
3157 1188 3337 1232 tamen
3380 1175 3524 1246 quod
3562 1176 3713 1230 etiam

2149 1272 2402 1341 praesenti
2435 1273 2700 1327 asseritur
2732 1270 2982 1341 exemplo
3012 1287 3027 1324 :
3064 1285 3134 1324 ne
3157 1271 3210 1324 in
3246 1269 3393 1334 cibo,
3432 1267 3516 1322 vel
3548 1268 3598 1320 in
3626 1281 3713 1337 po-

2153 1377 2232 1433 tu,
2268 1366 2352 1419 vel
2397 1365 2453 1418 in
2495 1362 2803 1430 huiusmodi
2852 1361 3249 1424 observantiis,
3285 1375 3410 1429 qua:
3446 1360 3590 1428 apud
3631 1355 3716 1410 Ju-

2149 1460 2294 1515 dsos
2322 1456 2466 1511 velut
2488 1455 2654 1528 666
2680 1454 2990 1524 angelorum
3025 1454 3218 1522 religio
3251 1461 3503 1522 putatur,
3526 1450 3718 1518 judice»

2151 1567 2272 1606 mur
2297 1552 2365 1605 ab
2393 1550 2598 1620 aliquo.
2635 1547 2913 1602 Extollunt
2937 1548 3084 1601 enim
3112 1547 3249 1602 sein
3277 1545 3365 1600 bis
3388 1558 3512 1612 quae
3543 1543 3715 1594 viden-

2149 1651 2258 1708 tur,
2283 1653 2335 1698 et
2363 1643 2529 1698 inllati
2560 1651 2686 1698 sunt
2716 1644 2782 1698 de
2816 1642 3124 1699 visibilibus
3151 1643 3336 1698 rebus.
3385 1641 3522 1708 Quae
3547 1650 3714 1693 tamen

2147 1735 2310 1790 elatio
2355 1751 2460 1790 non
2509 1744 2592 1790 est
2631 1736 2927 1791 secundum
2978 1735 3307 1806 sapientiam
3341 1735 3589 1803 spiritus,
3628 1735 3712 1786 sed

2147 1829 2444 1883 secundum
2477 1843 2695 1882 sensum
2723 1828 2924 1884 carnis.
2955 1825 3075 1880 Non
3101 1835 3282 1880 autem
3315 1826 3388 1879 de
3415 1823 3714 1879 carnalibus

468 1926 757 1968 commune
787 1925 879 1969 aut
925 1917 1256 1971 immundum
1286 1928 1478 1973 natura
1507 1923 1591 1973 sui
1631 1923 1953 1989 putandum,
1985 1931 2042 1976 et
2074 1906 2116 1961 Β
2145 1919 2307 1974 rebus
2342 1928 2664 1988 praeceptum
2692 1929 2774 1972 est
2805 1934 2820 1971 :
2858 1917 2940 1971 Ne
2980 1918 3236 1987 tetigeris,
3268 1932 3334 1970 ne
3381 1917 3718 1970 attaminaee-

468 2004 707 2060 dedisset
753 2023 880 2077 erga
929 2025 1058 2064 usus
1125 2010 1369 2064 ciborum
1431 2011 1678 2067 fidelibus
1738 2014 2040 2083 quibusque

469 2096 924 2153 absolutissimam
957 2099 1278 2165 libertatem,
1307 2118 1496 2156 rursus
1526 2102 1590 2155 ad
1625 2104 2037 2160 aedificationem

469 2189 694 2242 fraterni
733 2193 932 2244 amoris
960 2193 1229 2246 licentiam
1283 2203 1493 2247 resecat
1543 2193 1843 2262 libertatis,
1875 2205 1930 2250 et
1951 2197 2036 2250 di-

469 2279 582 2332 cit:
615 2279 834 2334 Etiamsi
886 2297 1172 2336 commune
1216 2283 1348 2336 nibil
1388 2295 1491 2347 est,
1539 2295 1598 2340 et
1634 2301 1762 2340 usus
1796 2288 2037 2342 omnium

465 2367 710 2421 ciborum
743 2369 970 2423 licenter
1007 2372 1329 2435 admittitur,
1375 2382 1555 2428 tamen
1611 2383 1666 2429 tu
1717 2375 1763 2429 si
1817 2387 2039 2446 propter

466 2457 644 2512 cibum
668 2474 825 2528 quem
860 2460 1010 2515 licito
1040 2472 1196 2530 putas
1227 2465 1570 2530 sumendum,
1607 2466 1830 2521 fratrem
1864 2481 2034 2535 tuum,

465 2551 560 2616 qui
594 2551 828 2605 nondum
861 2553 1104 2608 scientiae
1127 2553 1289 2622 hujus
1323 2572 1495 2626 capax
1520 2569 1625 2622 est,
1672 2562 2035 2626 scandalizas,

459 2641 574 2709 iam
621 2658 723 2696 non
764 2646 1048 2697 secundum
1088 2645 1401 2700 charitatem
1445 2649 1707 2712 ambulas,
1755 2665 1856 2705 nec
1906 2652 2037 2706 alle-

463 2740 610 2786 ctum
645 2734 696 2788 in
735 2743 786 2788 te
819 2735 1039 2790 fraterni
1069 2739 1272 2793 amoris
1299 2741 1559 2794 ostendis.
1606 2741 1742 2808 Quid
1771 2743 1912 2798 enim
1943 2745 2036 2800 la:-

462 2825 629 2890 deris,
661 2826 706 2880 si
740 2837 796 2882 ut
828 2828 1051 2882 fratrem
1104 2841 1251 2885 tuum
1299 2847 1402 2885 non
1453 2835 1764 2898 contristes.
1809 2838 1973 2891 etiam
2003 2853 2034 2891 a

461 2913 627 2972 licitis
658 2920 973 2974 abstineas?
1001 2920 1117 2976 Tibi
1151 2925 1294 2978 enim
1335 2927 1613 2982 abstinere
1663 2944 1694 2982 a
1733 2928 1894 2984 licitis
1928 2931 2037 2984 cri-

462 3022 584 3061 men
625 3011 826 3064 nullum
875 3023 991 3078 est;
1050 3014 1124 3067 illi
1175 3031 1306 3070 vero
1342 3017 1394 3071 in
1437 3019 1634 3088 quibus
1677 3020 1940 3075 discernit
1980 3030 2035 3076 et

461 3111 616 3166 putat
647 3118 749 3156 non
783 3104 967 3166 licere,
1008 3107 1437 3162 condenmabilis
1483 3125 1612 3165 usus
1659 3119 1744 3164 est
1765 3111 1897 3180 (24).
1930 3112 2035 3178 Qui

462 3193 600 3245 enim
626 3195 896 3260 discernit,
920 3197 966 3250 si
987 3200 1396 3265 manducauerit,
1434 3203 1718 3256 damnatus
1746 3213 1842 3256 est.
1875 3204 2029 3272 Quod

461 3282 506 3334 si
555 3284 744 3350 facias,
799 3297 850 3340 tu
905 3288 1088 3357 utique
1136 3289 1360 3343 fratrem
1394 3300 1544 3345 tuum
1585 3294 1766 3362 perdis
1796 3311 1889 3362 pro
1926 3311 2028 3364 quo

461 3373 701 3432 Christus
756 3391 992 3434 mortuus
1038 3395 1135 3446 est,
1176 3391 1231 3435 et
1286 3392 1338 3437 tu
1380 3385 1429 3438 ei
1467 3399 1658 3440 causas
1710 3385 2032 3454 perditionis

462 3469 718 3536 acquiris.
752 3469 1182 3538 Magniﬁcentius
1209 3485 1388 3528 autem
1435 3477 1500 3529 de
1531 3475 1618 3531 his
1659 3476 1801 3530 idem
1834 3476 2032 3532 Paulus

459 3559 529 3613 ad
551 3560 899 3617 Colossenses
915 3564 1179 3629 scribens,
1214 3566 1344 3620 dicit
1377 3584 1390 3620 :
1425 3565 1596 3621 Nemo
1623 3569 1801 3639 itaque
1822 3586 1906 3624 vos
1936 3570 2032 3637 ju-

461 3653 598 3706 dicet
620 3656 672 3706 in
694 3670 834 3718 esca,
856 3665 949 3708 aut
974 3657 1027 3708 in
1051 3665 1197 3724 potu,
1230 3668 1322 3711 aut
1353 3660 1406 3712 in
1447 3671 1596 3727 parte
1620 3662 1725 3714 diei
1754 3662 1898 3730 festi,
1938 3671 2030 3715 aut

462 3747 765 3810 neomeniis,
801 3757 890 3800 aut
914 3747 1170 3812 Sabbato,
1199 3765 1318 3815 qua:
1343 3760 1464 3806 sunt
1494 3752 1679 3805 umbra
1705 3753 2024 3821 futurorum,

459 3853 648 3906 corpus
687 3851 860 3896 autem
907 3843 1126 3897 Christi.
1176 3843 1345 3898 Nemo
1375 3863 1462 3901 vos
1497 3850 1714 3902 seducat
1760 3850 1932 3902 volens
1973 3852 2026 3903 in

459 3929 756 3984 humilitate
783 3934 954 3988 cordis
997 3945 1044 3987 et
1071 3935 1321 4004 religione
1365 3939 1670 4007 angelorum
1711 3955 1869 4005 quam
1922 3957 2026 3993 non

457 4021 586 4073 cidit
627 4025 878 4077 extollens
924 4042 998 4090 se,
1040 4025 1242 4093 frustra
1285 4028 1501 4096 inﬂatus
1545 4045 1577 4081 a
1627 4039 1796 4082 mente
1850 4032 2027 4082 carnis

457 4127 569 4166 sua:
599 4114 729 4184 (25).
767 4127 815 4170 et
856 4135 959 4171 non
1009 4129 1186 4173 tenens
1233 4132 1386 4187 caput
1439 4121 1517 4184 ¹⁶;
1569 4130 1774 4189 etpost
1805 4136 1974 4189 pauca
2008 4138 2025 4174 :

459 4203 524 4257 Si
551 4222 671 4274 ergo
698 4210 892 4260 mortui
931 4210 1054 4262 estis
1089 4227 1207 4262 cum
1239 4209 1446 4263 Christo
1479 4212 1544 4263 ab
1586 4212 1849 4265 elementis
1885 4229 2031 4268 mun-

457 4296 534 4359 di,
554 4300 682 4364 quid
712 4299 847 4352 velut
891 4299 1111 4354 viventes
1137 4302 1190 4354 in
1213 4301 1310 4354 hoc
1350 4304 1544 4355 mundo
1591 4303 1910 4358 decernitis?
1948 4303 2031 4358 Ne

457 4388 714 4456 tetigeris,
743 4406 807 4442 ne
839 4392 1151 4460 gustaveris,
1198 4408 1261 4446 ne
1305 4395 1700 4448 attaminavcrt's
1725 4395 1835 4465 (26)
1862 4410 1879 4448 :
1911 4413 2031 4467 quin

2142 2013 2236 2077 ris,
2267 2029 2330 2066 ne
2353 2014 2642 2082 gustaveris
2670 2010 2783 2081 (9.8)
2813 2011 2876 2064 ¹⁸.
2919 2010 3040 2064 Haec
3074 2011 3220 2064 enim
3267 2012 3481 2072 omnia,
3509 2008 3609 2062 hoc
3641 2016 3715 2060 est

2141 2105 2402 2170 carnalia,
2436 2105 2504 2160 ad
2551 2120 2708 2159 usum
2751 2110 2895 2159 hunc
2936 2102 3354 2173 corruptibilem
3403 2102 3530 2154 data
3562 2109 3712 2162 sunt;

2140 2205 2194 2251 et
2218 2211 2337 2263 quae
2370 2207 2547 2266 potest
2568 2211 2692 2251 esse
2716 2196 2768 2250 in
2795 2196 3146 2265 corruptione
3187 2194 3542 2249 observantia
3576 2192 3714 2258 puri-

2141 2287 2304 2340 tatis?
2331 2287 2436 2341 Sed
2468 2303 2589 2340 cum
2622 2287 2710 2341 lex
2747 2288 2859 2340 haec
2892 2288 2958 2340 de
2993 2284 3420 2339 rationabilibus
3459 2281 3710 2350 praecipit,

2139 2393 2280 2447 quae,
2331 2379 2378 2433 si
2425 2378 2699 2432 immunda
2747 2387 2892 2440 sunt,
2943 2391 3072 2431 vere
3109 2375 3380 2444 tangenda
3411 2387 3525 2428 non
3575 2386 3712 2435 sunt,

2138 2483 2314 2537 neque
2355 2470 2640 2538 gustanda,
2686 2484 2754 2524 ne
2793 2469 3086 2538 participes
3130 2482 3231 2520 nos
3279 2465 3491 2520 faciant
3519 2464 3711 2534 peccati

2135 2568 2192 2613 et
2216 2559 2569 2613 immunditiae
2596 2575 2730 2625 suae,
2762 2569 3031 2628 praecepta
3057 2559 3344 2613 hominum
3365 2564 3424 2612 et
3449 2557 3714 2612 doctrinas

2137 2649 2531 2720 relinquentes,
2564 2651 2706 2704 hunc
2745 2649 3049 2720 Spiritalem
3088 2650 3201 2718 (29)
3237 2664 3466 2705 sensum
3496 2649 3560 2701 ad
3590 2662 3712 2702 car-

2137 2744 2276 2796 nalia
2307 2743 2419 2796 haec
2441 2752 2498 2797 et
2520 2743 2826 2814 corporalia
2859 2741 3276 2804 transtulerunt,
3305 2757 3432 2810 quze
3461 2740 3712 2794 rationem

2135 2835 2415 2902 sapientiae
2456 2835 2659 2890 habent
2697 2835 2750 2888 in
2784 2835 3167 2889 observatione
3214 2833 3502 2902 religionis
3549 2843 3604 2886 et
3629 2834 3715 2886 lni-

2136 2925 2363 2980 militate
2406 2927 2673 2995 corporis,
2711 2941 2819 2980 non
2857 2937 3040 2979 tamen
3083 2935 3142 2978 ut
3191 2925 3491 2980 occasione
3530 2922 3710 2992 hujus-

2134 3018 2278 3070 modi
2314 3018 2680 3072 observantia:
2710 3017 2882 3070 honor
2912 3016 3026 3085 (30)
3072 3014 3267 3084 aliquis
3303 3017 3448 3083 apud
3475 3014 3713 3068 homines

2134 3122 2190 3162 et
2218 3109 2400 3163 carnis
2433 3108 2644 3164 delicia:
2673 3109 3044 3178 requirantur,
3093 3111 3220 3161 dum
3262 3121 3367 3174 pro
3420 3121 3708 3174 paucorum

2135 3201 2460 3254 abstinentia
2509 3200 2663 3254 multi
2709 3200 2813 3254 cibi
2853 3200 3206 3269 requiruntur
3249 3210 3308 3254 et
3359 3198 3543 3253 electi.
3583 3195 3710 3249 Vera

2135 3303 2315 3345 autem
2353 3292 2704 3346 observantia
2738 3299 2822 3346 est
2854 3291 2942 3344 ubi
2970 3291 3044 3344 ita
3093 3292 3335 3344 sumitur
3357 3291 3536 3350 cibus,
3563 3299 3616 3342 et
3644 3290 3708 3340 ita

2132 3395 2364 3454 aguntur
2387 3385 2591 3449 omnia,
2619 3394 2677 3437 ut
2710 3398 2817 3438 non
2852 3384 2919 3437 de
2948 3382 3148 3437 talibus
3180 3384 3409 3436 dicatur
3438 3399 3451 3434 :
3481 3380 3708 3444 Quorum

2132 3476 2273 3530 Deus
2302 3486 2478 3530 venter
2505 3485 2579 3529 est
2613 3477 2678 3531 ".
2709 3474 3000 3528 Abstinere
3034 3474 3180 3528 enim
3223 3473 3342 3541 (51)
3369 3473 3623 3527 convenit
3648 3474 3709 3522 ab

2133 3569 2279 3622 omni
2310 3568 2435 3622 cibo
2464 3582 2624 3636 quem
2659 3565 3103 3636 concupiscentia
3131 3575 3186 3618 et
3214 3564 3389 3618 libido
3415 3563 3705 3632 praesumit,

2131 3674 2291 3728 quem
2338 3659 2549 3713 deliciae
2595 3667 2808 3728 parant,
2865 3673 3024 3725 quem
3086 3657 3250 3710 luxus
3283 3658 3585 3726 excogitat.
3620 3651 3700 3705 Vi-

2131 3752 2364 3806 dendum
2409 3767 2640 3820 namque
2673 3762 2757 3806 est
2794 3750 2905 3820 (52)
2938 3765 3045 3804 non
3097 3748 3276 3804 solum
3328 3749 3508 3818 quali,
3537 3748 3629 3802 sed
3658 3755 3708 3800 et

2133 3857 2335 3916 quanto
2383 3845 2531 3910 cibo,
2576 3856 2632 3898 et
2680 3858 2790 3913 quo
2840 3844 2892 3896 in
2936 3851 3212 3910 tempore,
3263 3851 3320 3895 et
3354 3857 3518 3910 quam
3552 3854 3709 3909 parco

2131 3948 2367 3992 utamur.
2399 3936 2491 3991 Sic
2536 3937 2681 3991 enim
2714 3938 2891 3989 omnia
2933 3936 3135 3987 munda
3188 3935 3410 3986 mundis
3447 3933 3708 3986 mentibus

2126 4029 2294 4091 ﬁunt;
2354 4027 2729 4081 contaminatis
2765 4038 2966 4085 autem,
3015 4035 3072 4077 ut
3120 4025 3254 4078 dicit
3299 4023 3612 4092 Apostolus,
3661 4032 3707 4075 et

2133 4120 2434 4189 inﬁdelibus
2467 4120 2596 4174 nihil
2646 4119 2898 4172 mundum
2923 4119 2989 4170 ".
3024 4119 3084 4170 In
3121 4134 3230 4187 quo
3274 4119 3539 4181 ostendit,
3579 4117 3701 4185 quia

2125 4213 2291 4266 etiam
2319 4226 2379 4266 ea
2405 4225 2531 4280 quae
2566 4211 2706 4280 apud
2742 4207 2956 4264 indutos
3001 4211 3205 4262 munda
3261 4210 3618 4262 nominantur
3657 4211 3706 4259 in

2125 4305 2283 4370 cibis,
2324 4304 2370 4358 si
2407 4307 2532 4373 quis
2570 4303 2969 4358 contaminatus
3004 4302 3077 4354 sit
3117 4310 3174 4354 et
3217 4302 3483 4366 infidelis,
3515 4300 3707 4355 munda

2126 4398 2175 4451 ei
2208 4412 2330 4452 esse
2358 4413 2465 4451 non
2501 4406 2746 4468 possunt.
2787 4395 3144 4464 Consequens
3180 4395 3353 4464 igitur
3401 4395 3528 4460 erit,
3576 4404 3631 4446 ut
3662 4394 3707 4447 si

529 4525 573 4555 "
599 4523 807 4580 Coloss.
840 4543 900 4592 ιι,
950 4530 1133 4584 16-18.
1211 4531 1253 4561 ¹⁷
1286 4531 1416 4586 ibid.
1445 4532 1516 4587 20
1549 4549 1665 4603 seq.
1743 4535 1788 4566 ⁸⁸
1821 4535 2029 4592 Coloss.
2060 4551 2123 4603 ll,
2156 4537 2250 4620 $1.
2326 4537 2370 4568 ”
2399 4535 2594 4606 Philip.
2640 4551 2724 4599 Ill,
2778 4533 2863 4588 19.
2941 4533 2987 4563 "
3014 4531 3126 4585 Tit.
3158 4548 3198 4596 t,
3229 4531 3320 4587 15.

535 4659 769 4736 (Ἐλδίβ
805 4675 904 4715 η¹⁸ο
942 4661 1143 4729 Βεθῐιῖίιιει
1178 4683 1325 4720 num.
1364 4667 1498 4723 1659
1519 4679 1573 4723 et
1598 4669 1872 4726 Rabanns.
1899 4670 2026 4725 Mss.
2057 4678 2106 4736 υ
2132 4669 2335 4724 omisso
2367 4669 2530 4722 enim.
2562 4668 2703 4722 Editi
2729 4666 2984 4721 omittunt
3020 4681 3180 4729 nunc,
3219 4675 3274 4719 et
3315 4665 3517 4736 habent
3545 4663 3706 4717 etiam

455 4729 586 4806 vero
618 4729 878 4806 plerique,
919 4742 968 4806 et
1016 4737 1161 4788 nulla
1190 4739 1502 4806 cogitatione
1533 4743 1912 4801 scrupulositas
1939 4745 2025 4795 in-

449 4803 614 4878 jecta.
658 4801 818 4866 Editi,
851 4812 900 4856 et
929 4804 982 4856 in
1005 4801 1318 4874 cogitatione
1342 4809 1488 4860 nulla
1519 4812 1897 4878 scrupulositas
1943 4817 2026 4864 in-

481 4887 615 4926 ecta.

449 4891 639 5012 “7:23)
671 4939 830 5002 Editi,
855 4942 1164 5010 fratertuus
1197 4947 1594 5000 scandalizatur
1624 4949 1702 5002 vel
1741 4950 2022 5003 contrista-

457 5023 564 5075 tur,
598 5021 703 5086 etc.
748 5012 968 5075 Deinde,
1011 5031 1127 5066 cum
1176 5019 1312 5069 enim
1365 5019 1696 5086 tle/inisset...
1741 5037 1832 5086 per
1864 5019 2023 5073 Chri-

457 5091 594 5134 stum
627 5082 834 5149 Iesum,
867 5092 973 5138 etc.
1001 5085 1107 5138 Sed
1141 5101 1329 5142 omnes
1356 5082 1486 5142 mss.
1516 5099 1569 5142 et
1602 5082 1858 5144 Rabanus
1882 5101 1939 5144 ut
1970 5093 2022 5144 in

459 5161 625 5207 textu.

529 5221 644 5289 (2t)
678 5220 802 5274 Mss.
833 5222 1099 5294 plerique,
1134 5224 1392 5280 Rabanus
1422 5235 1476 5280 et
1509 5227 1664 5287 editi.
1691 5231 2022 5282 contamina-

457 5292 575 5344 bitis
603 5307 726 5344 usus
753 5303 826 5344 est
856 5309 876 5346 :
907 5292 1004 5347 sed
1031 5297 1228 5349 rectiur
1256 5297 1470 5350 videtur
1494 5298 1654 5351 lectio
1684 5301 1888 5354 codicis
1915 5299 2021 5354 Re-

455 5362 527 5430 gii
562 5377 704 5413 num.
739 5362 892 5427 1659,
919 5365 1332 5418 condemnabilis
1363 5383 1488 5420 usus
1513 5377 1611 5424 est.

529 5431 638 5500 (25)
671 5431 760 5484 Sic
804 5450 905 5487 ms.
941 5433 1138 5502 Regius
1170 5450 1315 5486 num.
1344 5436 1500 5490 1659.
1535 5436 1608 5489 Ita
1642 5437 1803 5491 etiam
1835 5438 2015 5491 caeteri

458 5514 612 5571 mss,
642 5503 840 5556 omisso
882 5521 934 5557 a.
968 5504 1134 5566 Editi,
1160 5504 1373 5571 inﬂatus
1399 5523 1553 5560 sensu
1581 5509 1752 5559 carnis
1777 5523 1907 5561 sum.

528 5569 908 5646 (26)-[l_ll‘lll§§.
956 5569 1223 5646 plerique.
1261 5575 1398 5628 Editi
1438 5591 1565 5629 vero
1590 5587 1644 5629 et
1685 5594 1784 5630 ms.
1822 5578 2024 5646 Regius

458 5652 606 5716 num.
639 5639 794 5720 4163.9,
829 5640 908 5694 Ne
953 5639 1246 5713 tetigeritis,
1287 5661 1349 5698 ne
1387 5648 1744 5715 gustaveritis,
1795 5663 1858 5700 ne
1881 5639 2025 5701 atta-

456 5721 794 5772 mtnaveruts,
827 5723 935 5764 etc.

528 5776 806 5858 (27).Ms.m
831 5780 1034 5858 Regius
1082 5797 1230 5837 num.
1277 5783 1434 5848 1639,
1483 5803 1585 5841 non
1633 5797 1712 5840 est
1751 5787 2025 5855 praesentis

457 5850 722 5912 temporis.
764 5850 841 5904 De
882 5854 962 5905 his
1009 5868 1212 5912 nunc...
1260 5871 1506 5911 conemur
1557 5850 1843 5924 exponere.
1893 5870 2024 5922 etc.,

2132 4756 2254 4793 cum
2286 4738 2560 4807 plerisque
2598 4751 2734 4807 mss.
2776 4752 3025 4790 conemur
3060 4751 3344 4807 exponere.
3378 4735 3487 4788 Sed
3518 4736 3708 4787 rectior

2132 4806 2348 4864 videtur
2382 4808 2544 4862 lectio
2569 4825 2671 4862 ms.
2703 4806 2852 4876 Regii
2893 4823 3040 4860 num.
3070 4806 3233 4869 1640,
3276 4821 3536 4858 conamur
3555 4819 3709 4870 expo-

2133 4897 2272 4932 nere.
2305 4879 2508 4932 Deinde
2541 4879 2694 4942 editi,
2725 4876 2842 4930 lloc
2865 4886 2940 4930 est
2971 4886 3199 4940 tantum,
3226 4887 3337 4928 etc.

2203 4949 2315 5019 (‘28)
2347 4947 2421 5001 Ita
2455 4963 2646 5001 omnes
2686 4964 2813 5002 mss.
2854 4947 3044 5000 nostri.
3087 4945 3231 4999 Editi
3267 4958 3425 5019 vero,
3479 4960 3540 4998 ne
3580 4946 3706 4997 teti-

2130 5015 2430 5088 geritistne
2453 5019 2912 5077 attaminaveritis,
2942 5033 3003 5068 ne
3027 5015 3393 5088 gustaeeritis.

2202 5089 2314 5158 (9.9)
2339 5086 2502 5154 Editi,
2529 5098 2574 5158 et
2606 5089 2859 5140 doctrina:
2881 5084 3036 5155 (mss.
3056 5086 3328 5158 plerique,
3347 5095 3398 5137 et
3421 5084 3705 5150 doctrinas)

2131 5155 2502 5226 relinquentes,
2539 5157 2676 5209 hunc
2701 5159 3024 5222 spiritalem.
3064 5166 3170 5209 etc.
3216 5155 3317 5208 Ms.
3357 5166 3532 5207 tamen
3565 5171 3706 5205 unus

2129 5227 2331 5296 Regius
2367 5243 2520 5280 num.
2568 5226 2705 5280 1610
2746 5228 2908 5281 habet
2959 5228 3330 5290 observantes,
3393 5241 3491 5294 pro
3537 5226 3707 5276 relin-

2165 5308 2359 5349 nentes.

2165 5315 2359 5349 uenies.

2127 5315 2158 5366 ᾳ
2198 5369 2310 5437 (50)
2341 5366 2505 5428 Editi,
2533 5383 2635 5420 non
2659 5379 2861 5420 tantum
2890 5382 3008 5420 vero
3039 5367 3318 5420 occasione
3351 5366 3509 5434 hujus
3537 5365 3707 5416 obser-

2123 5442 2311 5490 t'antia!
2333 5439 2677 5503 honorabilis,
2703 5448 2808 5492 etc.
2836 5438 2941 5492 Sed
2964 5451 3154 5491 omnes
3185 5453 3324 5491 mss.
3353 5446 3412 5489 ut
3439 5438 3492 5489 iu
3517 5446 3707 5488 nostro

2125 5517 2294 5561 textu.

2217 5577 2306 5646 5|)
2333 5576 2512 5629 Enim.
2543 5577 2708 5646 Deest
2746 5581 2796 5628 in
2839 5575 2992 5629 libris
3029 5590 3186 5630 antea
3216 5577 3399 5632 editis.

2217 5580 2306 5646 51)
2333 5580 2512 5629 Enim.
2550 5580 2708 5629 Deest
2746 5581 2796 5628 in
2839 5580 2992 5629 libris
3029 5590 3186 5630 antea
3216 5580 3399 5632 editis.

2193 5580 2306 5718 liii)
2335 5647 2498 5710 Editi,
2539 5645 2844 5718 Videndum.
2875 5657 3130 5718 sanciesl.
3179 5649 3406 5712 Deinde,
3439 5645 3524 5702 Sic
3560 5648 3702 5698 enim

2124 5717 2299 5770 omnia
2327 5719 2540 5770 mundis
2571 5720 2765 5769 munda
2791 5717 2944 5784 ﬁunt.
2983 5717 3111 5771 Mss.
3143 5719 3411 5786 plerique,
3446 5719 3532 5771 Sic
3559 5718 3705 5768 enim

2125 5789 2299 5860 omnia
2328 5790 2526 5860 munda
2580 5787 2787 5839 mundis
2816 5788 2973 5854 fiunt.
3007 5789 3111 5844 Sed
3164 5807 3269 5846 ηιμ.
3317 5787 3514 5860 Regius
3545 5803 3703 5841 nutu.

2129 5857 2266 5910 1659
2299 5866 2353 5911 ut
2386 5857 2437 5909 iu
2468 5869 2655 5912 nostro
2683 5867 2849 5914 textu.
