3812 6546
53 378 210 437 1269

1012 373 1363 432 COMMENT.
1405 367 1474 428 IN
1506 372 1728 430 EPIST.
1765 374 1862 430 AD
1895 375 2064 432 ROM.
2099 375 2227 431 LIB.
2269 375 2334 432 Χ.

3167 380 3306 436 i250

49 510 118 548 ea
171 507 301 562 quas
344 490 546 545 munda
587 447 732 553 sunt,
783 490 1168 546 contaminatis
1218 492 1491 547 immunda
1523 491 1636 545 eﬁi-
1664 501 1708 556 Α
1740 493 2006 562 ruptionis
2029 493 2288 562 explebit.
2315 494 2380 549 Et
2413 493 2546 550 nihil
2574 495 2769 550 mirum
2804 495 2847 550 si
2876 505 3098 551 sanctus
3126 497 3306 552 cibum

48 583 305 647 ciantur,
354 570 516 634 etiam
553 591 614 632 ea
645 591 766 646 quae
805 578 1058 632 dicuntur
1088 580 1389 644 immunda,
1435 582 1638 636 sanctis

51 683 106 726 et
148 670 416 732 ,lidelibus
461 668 659 722 munda
702 665 860 722 ﬁant.
917 668 1336 737 Sanctiﬁcantur
1377 672 1513 726 enim
1549 687 1640 738 per

51 763 277 815 verbum
305 761 398 815 Dei
430 759 544 832 (55)
578 768 626 812 et
655 759 968 825 orationem,
1013 763 1140 830 quia
1183 763 1351 816 omnis
1395 774 1640 816 creatura

53 855 151 906 Dei
182 855 342 918 bona,
397 865 444 906 et
473 853 607 906 nihil
632 851 987 919 abjiciendum
1017 856 1154 923 quod
1193 870 1312 908 cum
1344 857 1639 924 gratiarum

52 949 269 1000 actione
299 946 584 1013 percipitur
612 946 682 998 ²¹.
715 945 824 1000 Per
848 949 1150 1001 orationem
1183 957 1362 1001 autem
1399 963 1504 1002 non
1541 962 1637 1002 cu-

53 1039 369 1106 juscunque
399 1032 832 1101 sanctiﬁcautur.
871 1039 966 1092 sed
987 1053 1175 1092 eorum
1215 1039 1306 1104 qui
1336 1038 1516 1092 levant
1537 1056 1638 1107 pu-

53 1147 149 1184 ras
207 1146 396 1184 manus
433 1130 546 1184 sine
590 1129 673 1184 ira
708 1141 758 1186 et
807 1131 1184 1197 disceptatione
1211 1133 1279 1183 “.
1319 1130 1412 1185 Vis
1454 1140 1638 1184 autem

54 1222 506 1292 magniﬁcentius
529 1221 708 1276 adhuc
735 1223 802 1278 de
830 1221 1044 1276 mundis
1070 1230 1127 1277 et
1157 1221 1470 1285 immundis,
1491 1221 1637 1290 quod

54 1331 167 1369 non
205 1316 276 1370 de
302 1317 644 1386 corporibus,
677 1321 770 1370 sed
798 1316 864 1370 de
893 1314 1088 1369 animis
1122 1314 1374 1368 dicantur
1401 1321 1457 1367 et
1488 1327 1640 1367 men-

55 1409 236 1472 tibus,
268 1409 482 1464 edoceri
516 1407 669 1478 (54)?
698 1407 837 1462 Audi
869 1408 1036 1478 ipsius
1064 1407 1272 1461 Domini
1302 1417 1356 1462 et
1389 1405 1636 1460 Salvato-

56 1500 136 1552 ris
169 1501 226 1552 in
264 1499 553 1569 Evangelio
582 1500 906 1554 sententiam
929 1499 1160 1554 dicentis
1193 1516 1207 1552 :
1241 1497 1363 1552 Non
1400 1513 1518 1567 qua:
1556 1501 1638 1550 in-

55 1599 204 1641 trant
233 1591 288 1643 in
313 1607 390 1652 os,
418 1591 804 1643 communicant
843 1589 956 1660 (55)
987 1589 1270 1651 hominem,
1297 1590 1387 1642 sed
1428 1603 1548 1658 quis
1573 1603 1638 1642 ex

57 1696 150 1734 ore
195 1681 519 1750 procedunt;
557 1682 808 1751 quoniam
852 1682 916 1734 ab
956 1683 1098 1735 intus
1134 1681 1198 1734 de
1250 1681 1404 1734 corde
1447 1691 1638 1734 exeunt

58 1772 414 1841 cogitationes
447 1772 622 1838 multa,
648 1773 955 1838 homicidia,
985 1773 1251 1827 adulteria
1285 1771 1353 1838 ³³,
1379 1780 1484 1827 etc.
1533 1772 1638 1826 Co-

1741 601 1899 654 quem
1943 587 2147 651 sumit,
2199 587 2365 642 verbo
2414 588 2543 652 Dei.
2595 596 2648 641 et
2686 589 2930 641 oratione
2965 589 3305 654 sanctiﬁcat,

1741 689 1863 728 cum
1897 675 2059 730 etiam
2103 675 2218 745 ipsa
2269 677 2464 746 quibus
2503 677 2745 732 induitur
2789 688 2971 732 sancta
2999 681 3108 733 sint
3140 681 3301 735 vesti-

1742 774 1943 820 menta.
1995 766 2227 820 Sudaria
2271 768 2505 836 denique
2551 768 2704 823 Pauli
2755 768 2801 800 "
2862 777 2916 822 et
2965 772 3304 825 semicinctia

1745 866 1952 911 tantum
1984 873 2050 912 ex
2100 859 2268 928 ipsius
2320 861 2556 929 puritate
2596 861 3043 915 sanctiﬁcationis
3079 876 3307 930 accepe-

1743 957 1886 1011 rant,
1925 958 1984 1002 ut
2030 951 2192 1019 aegris
2239 952 2481 1006 adhibita
2536 954 2855 1022 corporibus
2896 953 3007 1023 (56)
3058 952 3310 1020 fugarent

1743 1041 1980 1107 morbos,
2021 1051 2077 1094 ct
2121 1043 2410 1098 redderent
2459 1045 2767 1098 sanitatem.
2833 1043 2968 1098 Nam
3029 1043 3097 1099 de
3142 1043 3310 1098 Petro

1742 1133 1870 1203 quid
1913 1134 2111 1198 dicam,
2165 1135 2318 1204 cujus
2360 1135 2524 1188 etiam
2575 1138 2763 1190 umbra
2812 1136 3056 1204 corporis
3101 1146 3310 1191 tantum

1741 1225 2186 1281 sanctiﬁcationis
2227 1231 2451 1297 gerebat
2485 1227 2556 1292 ",
2607 1237 2666 1282 ut
2695 1243 3046 1299 quoscunque
3080 1238 3310 1298 praeter-

1742 1314 1858 1368 iens
1890 1329 1994 1368 non
2039 1316 2170 1383 ipse,
2205 1317 2296 1370 sed
2325 1316 2436 1370 sola
2485 1317 2601 1385 ejus
2631 1318 2816 1370 umbra
2860 1318 3144 1386 tetigisset,
3178 1333 3313 1372 con-

1745 1403 1891 1456 tinuo
1939 1406 2007 1458 ab
2052 1405 2197 1458 omni
2243 1407 2562 1475 aegritudine
2603 1405 2952 1460 levarentur?
2994 1405 3102 1461 Sed
3151 1407 3312 1474 paulo

1743 1490 1902 1544 latius
1931 1494 2262 1547 excessimus
2305 1496 2371 1547 de
2418 1495 2630 1549 mundis
2662 1494 2800 1548 cibis
2843 1506 2904 1549 et
2932 1495 3306 1551 communibus

1741 1583 2097 1650 disserentes,
2126 1596 2184 1640 ut
2208 1585 2451 1656 Apostoli
2485 1601 2726 1652 sensum,
2761 1597 3023 1656 quantum
3051 1589 3310 1657 possibik;

1743 1681 1846 1736 est,
1891 1675 2362 1731 consideraremus
2404 1676 2694 1732 excelsius.
2739 1678 2845 1732 Sed
2889 1694 3155 1734 memores
3186 1695 3310 1748 pro-

1742 1762 1930 1832 posita:
1979 1765 2286 1832 brevitatis,
2336 1768 2392 1822 in
2439 1769 2523 1825 his
2573 1770 2700 1824 noni
2754 1769 3042 1825 voluminis
3089 1772 3314 1824 conclu-

58 1864 263 1929 gitatio
307 1879 435 1934 ergo
473 1875 558 1920 est
599 1874 654 1920 ei.
694 1881 849 1920 mens
889 1880 996 1919 non
1041 1873 1187 1920 recte
1230 1864 1468 1918 sentiens
1520 1879 1639 1933 qua:
1669 1843 1713 1901 Β
1741 1859 1893 1914 sione
1924 1858 2087 1923 facta,
2117 1862 2315 1916 decimi
2339 1862 2688 1933 ejusdemque
2719 1865 2892 1919 ultimi
2927 1866 3313 1934 aggrediamur

59 1952 260 2020 polluit
293 1953 586 2020 hominem,
614 1970 720 2010 non
742 1956 986 2009 ciborum
1013 1955 1244 2024 qualitas
1262 1993 1278 2018 ,
1304 1969 1426 2023 quas
1453 1955 1638 2022 cujus-

59 2057 288 2111 cunque
319 2044 462 2099 modi
492 2043 672 2112 fuerit,
700 2045 815 2114 pari
843 2045 1143 2114 eodemque
1167 2045 1313 2100 exitu
1339 2060 1492 2098 usum
1518 2058 1642 2099 cor-

1745 1953 2026 2006 exordium
2055 1953 2187 2024 (57),

1193 2363 1545 2449 LIBER
1617 2362 2182 2455 DECIMUS.

123 2690 299 2764 667
365 2691 415 2744 Ι.
477 2687 598 2743 Non
650 2688 1031 2758 blasphemetur
1093 2704 1215 2758 ergo
1268 2689 1461 2743 bonum
1519 2705 1618 2743 no-

62 2794 228 2838 atrum
247 2783 383 2852 (58).
414 2779 466 2834 Ν
471 2797 537 2834 on
553 2781 689 2834 enim
703 2795 918 2848 regnum
939 2779 1034 2832 Dei
1051 2789 1255 2834 estesca
1279 2791 1324 2834 et
1339 2791 1514 2843 potus,
1537 2781 1628 2834 sed

57 2875 302 2944 justitia,
317 2883 366 2928 et
382 2889 508 2944 pax,
526 2885 574 2927 et
587 2875 836 2943 gaudium
856 2873 910 2926 in
927 2872 1136 2942 Spiritu
1149 2884 1353 2930 sancto.
1380 2875 1523 2930 Nam
1538 2877 1630 2946 qui

63 2967 113 3019 in
130 2966 230 3020 hoc
250 2966 407 3019 servit
429 2962 660 3028 Christo,
683 2963 850 3033 placet
883 2961 1012 3027 Deo,
1037 2971 1085 3017 et
1100 2969 1347 3030 probatus
1360 2977 1439 3020 est
1459 2968 1634 3021 homi-

65 3058 212 3111 nibus
239 3057 291 3087 '°
330 3054 463 3128 (59).
498 3054 735 3123 Requiro
766 3054 1038 3124 quomodo
1064 3053 1429 3122 blasphemari
1465 3059 1635 3127 possit

1735 2691 1826 2761 qui
1870 2692 2042 2748 suillis
2071 2703 2323 2747 vescatur
2363 2692 2651 2761 carnibus,
2690 2695 2773 2752 vel
2827 2697 2948 2754 aliis
2993 2699 3301 2770 huiusmodi
3391 2719 3406 2734 ι

1736 2785 2113 2839 communibus
2155 2794 2212 2839 et
2254 2785 2687 2843 indiﬁ'erentibus
2726 2791 2886 2845 cibis.
2931 2792 3096 2846 Addit
3127 2803 3305 2848 autem

1737 2876 1862 2932 his:
1896 2875 2020 2930 Non
2051 2877 2187 2930 enim
2213 2893 2426 2944 reqnum
2456 2877 2552 2932 Dei
2577 2896 2692 2932 esca
2722 2890 2772 2933 et
2799 2889 2954 2948 potus
2977 2891 3074 2948 est,
3103 2889 3193 2937 sed
3210 2887 3307 2954 ju-

1737 2966 1905 3029 stitia,
1936 2976 1982 3019 et
2017 2982 2142 3034 pax,
2174 2977 2219 3020 et
2241 2969 2494 3036 gaudium
2531 2970 2584 3021 in
2626 2968 2829 3038 Spiritu
2867 2984 3070 3026 sancto.
3107 2973 3165 3028 In
3198 2990 3308 3046 quo

1741 3056 1936 3110 iterum
1968 3057 2316 3112 vehementer
2353 3058 2594 3113 admiror
2627 3061 2950 3130 sapientiam
2993 3064 3181 3130 Pauli,
3212 3067 3305 3137 qui

63 3149 265 3204 bonum
292 3147 690 3216 nostrum(40).
715 3146 924 3200 Bonum
953 3156 1038 3200 est
1070 3146 1242 3216 legem
1269 3150 1631 3218 spiritualiter
1657 3138 1701 3196 (ἶ
1734 3148 2014 3216 ριἐεεεηιίε
2043 3149 2306 3218 temporis
2331 3150 2524 3218 culpas
2551 3149 2716 3207 futuri
2751 3158 3078 3211 sacramenti
3121 3169 3307 3213 aucto-

66 3240 393 3310 intelligere,
417 3248 472 3293 et
495 3239 655 3309 impia
686 3248 848 3307 atque
880 3239 1060 3309 inepta
1087 3239 1501 3308 haereticorum,
1542 3245 1629 3300 vel

64 3330 580 3401 lalsazphilosOphiaa
611 3329 938 3383 studentium
967 3330 1219 3399 dogmata
1247 3339 1500 3400 tanquam
1533 3331 1635 3386 im-

68 3424 299 3478 mundos
312 3423 465 3477 cibos
494 3421 831 3491 pollutosque
854 3422 1044 3476 vitare.
1073 3421 1189 3477 Hoc
1215 3421 1361 3477 enim
1389 3432 1473 3478 est
1493 3423 1637 3492 quod

68 3515 336 3584 spirituali
362 3514 480 3586 lege
505 3515 768 3569 sancitur.
794 3513 998 3568 Tamen
1048 3515 1092 3569 si
1115 3515 1247 3582 quis
1277 3529 1343 3569 ex
1400 3513 1595 3568 ludatis
1615 3552 1633 3581 ,

69 3606 209 3661 verbi
233 3621 427 3673 causa,
450 3615 617 3661 autex
636 3605 1125 3674 hisquiEncratita:
1140 3606 1481 3675 appellantur
1499 3606 1632 3676 (41).

67 3700 188 3754 velit
215 3699 442 3755 Christo
463 3699 704 3764 credere,
728 3705 878 3769 putet
909 3705 1086 3751 tamen
1117 3712 1222 3750 non
1242 3711 1435 3766 parum
1454 3697 1635 3751 inesse

70 3792 328 3847 momenti
355 3792 408 3846 in
429 3790 772 3846 observantia
791 3789 1158 3853 continentiaz,
1174 3789 1258 3844 vel
1281 3803 1466 3844 eorum
1484 3789 1634 3843 cibo-

69 3883 289 3954 rumqui
315 3884 430 3955 lege
454 3885 829 3954 prohibentur,
855 3883 941 3940 vel
955 3897 1090 3952 quos
1113 3882 1263 3950 quasi
1281 3880 1516 3936 castitati
1538 3881 1634 3936 ad-

70 3986 345 4033 versantes
359 3978 632 4032 aestimant
664 3975 904 4032 nonnulli
923 3974 1086 4030 etiam
1116 3972 1520 4042 Scripturarum
1536 3987 1632 4026 au-

67 4068 313 4124 ctoritate
333 4068 714 4123 declinandos:
749 4066 1052 4138 hujnsmodi
1078 4066 1346 4120 hominem
1374 4067 1418 4120 si
1441 4079 1634 4134 perur-

68 4175 183 4228 geas
196 4161 266 4215 ad
282 4175 602 4215 communes
617 4160 856 4216 omnium
875 4158 1043 4223 cibos,
1062 4172 1160 4212 nec
1177 4157 1324 4212 dicas
1336 4172 1458 4212 eum
1474 4157 1632 4211 aliter

69 4267 215 4321 posse
243 4251 483 4318 salvari,
508 4251 593 4306 vel
619 4251 685 4305 ad
715 4252 868 4305 ﬁdem
901 4250 1103 4305 Christi
1144 4259 1201 4303 et
1238 4249 1467 4320 gratiam
1510 4265 1632 4318 per-

70 4344 273 4407 venire,
313 4343 417 4398 nisi
463 4343 694 4412 sumptis
735 4343 820 4396 bis
860 4357 999 4410 quos
1046 4341 1244 4410 refugit
1289 4341 1456 4403 cibis,
1504 4349 1631 4396 tunc

67 4448 184 4490 vere
225 4436 434 4489 bonum
481 4433 741 4506 spiritalis
787 4431 1072 4487 sententiae
1128 4431 1243 4499 (Δῖ)
1289 4430 1629 4500 blasphema-

70 4533 164 4591 tur,
193 4535 428 4596 putante
463 4539 530 4581 eo
551 4539 714 4595 quem
745 4537 1005 4593 perurges
1030 4523 1173 4576 hanc
1210 4523 1355 4590 apud
1397 4536 1496 4576 nos
1532 4522 1627 4574 lia-

1739 3238 1898 3292 ritate
1925 3241 2238 3307 compescit,
2286 3249 2341 3294 et
2388 3250 2448 3294 ut
2500 3243 2756 3299 Ecclesiae
2793 3245 3019 3301 formam
3067 3257 3304 3314 statuat,

1740 3330 1889 3399 regni
1935 3331 2198 3386 caelorum
2247 3332 2563 3401 mysterium
2611 3338 2812 3403 prodit.
2843 3338 2930 3391 Ait
2957 3353 3086 3407 ergo
3117 3358 3131 3392 :
3167 3339 3305 3406 Quid

1736 3434 1873 3487 opus
1897 3429 1977 3474 est
2007 3430 2289 3490 tantopere
2319 3438 2416 3491 pro
2442 3425 2579 3478 cibis
2607 3433 2661 3478 et
2692 3439 2936 3479 escarum
2957 3425 3307 3495 qualitatibus

1736 3510 2032 3567 fraternam
2047 3529 2232 3582 pacem
2249 3516 2678 3585 charitatemque
2693 3525 2747 3570 tu
2757 3517 2848 3572 rba
2858 3533 3062 3582 re,cum
3081 3534 3304 3587 regnum

1737 3603 1830 3659 Dei
1855 3613 2076 3674 propter
2103 3609 2247 3674 quod
2278 3606 2587 3662 laboramus
2613 3617 2668 3662 et
2696 3611 2985 3675 currimus,
3011 3626 3183 3679 neque
3213 3626 3308 3679 per

1733 3711 1886 3752 escas
1908 3705 2139 3759 constet,
2171 3711 2348 3764 neque
2370 3713 2464 3766 per
2486 3709 2670 3766 potum
2702 3717 2714 3752 :
2740 3700 2830 3753 sed
2855 3701 3031 3754 aliena
3061 3702 3174 3755 haec
3197 3703 3307 3756 sint

1735 3801 1764 3838 a
1794 3800 1959 3854 regno
1997 3785 2089 3839 Dei
2116 3786 2227 3856 (45)
2249 3825 2264 3848 ,
2301 3795 2355 3840 et
2387 3788 2457 3840 ab
2499 3787 2587 3840 illa
2626 3789 3044 3843 conversatione
3075 3789 3256 3844 futura
3281 3791 3308 3844 ἲ

1731 3877 1807 3932 lbi
1839 3878 1984 3931 enim
2027 3877 2168 3932 sicut
2199 3895 2362 3947 neque
2409 3879 2634 3941 nubunt,
2664 3895 2827 3946 neque
2871 3881 3168 3945 nubuntur,
3212 3882 3303 3935 sed

1731 3978 1857 4024 sunt
1877 3971 2012 4023 sicut
2040 3970 2214 4039 angeli
2244 3970 2339 4024 Dei
2371 3971 2435 4036 '7;
2469 3972 2548 4026 sic
2582 3988 2756 4040 neque
2793 3988 2973 4027 escam
3005 3989 3180 4042 neque
3213 3989 3306 4042 po-

1734 4069 1846 4113 tum
1886 4071 2128 4124 sumunt,
2162 4059 2254 4115 sed
2283 4071 2408 4116 sunt
2435 4063 2578 4118 sicut
2607 4063 2780 4134 angeli
2811 4063 2928 4118 Dei.
2953 4063 3124 4131 Igitur
3146 4064 3306 4118 abso-

1733 4151 2009 4207 lutissima
2041 4153 2291 4220 dogmate
2325 4163 2379 4208 et
2411 4156 2647 4211 evidenti
2689 4156 2760 4209 ab
2790 4155 3048 4223 Apostolo
3079 4167 3300 4210 senten-

1733 4245 1806 4298 tia
1841 4244 1953 4314 (Μ)
1997 4247 2343 4299 terminatum
2375 4255 2460 4300 est
2500 4248 2551 4300 in
2593 4261 2758 4317 regno
2795 4247 2889 4302 Dei
2929 4262 3104 4316 neque
3144 4263 3301 4304 escas

1731 4336 2041 4405 corporales
2067 4352 2240 4406 neque
2259 4348 2442 4406 potum
2462 4339 2667 4394 habere
2688 4339 2889 4402 locutu,
2916 4340 3007 4393 sed
3030 4340 3299 4407 justitiam

1728 4437 1783 4483 et
1811 4443 1999 4498 pacem
2030 4430 2082 4482 in
2113 4427 2321 4498 Spiritu
2353 4439 2577 4492 sancto;
2625 4442 2678 4484 et
2715 4430 2838 4484 ideo
2878 4431 3129 4484 hortatur
3154 4442 3212 4484 ut
3243 4430 3298 4484 in

1730 4523 1835 4578 illis
1881 4537 1980 4578 nos
2007 4537 2398 4587 exerceamus,
2439 4531 2495 4577 et
2523 4521 2611 4575 illa
2653 4521 2793 4576 bona
2815 4521 2940 4590 -jam
2973 4522 3062 4575 hic
3097 4519 3300 4574 habere

69 4620 169 4672 beri
193 4619 382 4685 ﬁdem,
418 4627 479 4672 ut
515 4617 722 4672 salvum
769 4615 885 4670 ﬁeri
932 4615 1135 4669 nullum
1177 4614 1488 4680 credamus,
1519 4614 1625 4668 nisi
1657 4603 1705 4662 Ι)
1730 4611 2072 4675 meditemur,
2105 4623 2265 4682 atque
2287 4613 2435 4666 illam
2461 4611 2822 4667 substantiam
2857 4611 3154 4680 possidere,
3179 4622 3299 4678 qua:

99 4713 139 4744 "
166 4713 185 4766 I
214 4713 364 4768 Tim.
400 4729 475 4776 tv,
512 4712 566 4773 5,
597 4712 654 4766 4.
734 4712 779 4745 ’³
805 4711 824 4764 l
854 4711 995 4766 Tim.
1031 4725 1086 4767 ll.
1117 4709 1170 4764 8.
1245 4708 1294 4740 "
1315 4707 1502 4764 Matth.
1537 4709 1719 4777 xv,ll,
1754 4711 1843 4764 19.
1916 4707 1964 4741 ’⁵
1990 4709 2112 4764 Act.
2151 4724 2270 4775 xu,
2293 4709 2382 4764 12.
2454 4708 2504 4740 ’⁸
2539 4707 2661 4763 Act.
2693 4706 2860 4772 ν,15.
2925 4705 2972 4736 ’⁸
2997 4705 3148 4759 Rom.
3183 4717 3297 4768 xw,

67 4783 237 4840 16-18.
337 4785 380 4816 "
416 4783 606 4839 Matth.
654 4799 784 4847 xm,
805 4783 893 4838 50.

126 4877 234 4946 (55)
275 4876 391 4931 Dei.
426 4875 774 4930 Desideratur
797 4875 847 4927 in
881 4883 1036 4946 antea
1059 4871 1238 4946 editis.

129 4940 237 5016 (54)
275 4946 518 5000 Edoceri.
553 4946 834 5000 Omittitur
860 4947 909 4998 in
935 4944 1136 5016 _editis,
1165 4951 1218 4994 et
1253 4940 1616 5016 inple‘risque

71 5011 343 5076 iussused
375 5017 683 5069 restituitur
717 5031 782 5068 ex
819 5012 1104 5081 ms.Regio
1139 5027 1286 5067 num.
1315 5011 1472 5066 1659.
1507 5041 1510 5044 -

128 5087 237 5154 (55)
271 5087 438 5147 Editi,
477 5087 842 5156 coinquinant.
877 5086 1033 5156 unde.

128 5151 234 5226 (56)
266 5151 688 5226 CorporibusIln
721 5167 876 5208 antea
907 5153 1065 5206 editis
1092 5151 1546 5226 praetermittitur.

128 5158 212 5225 (56
266 5157 606 5226 Corporibus.
632 5157 688 5209 ln
721 5167 876 5208 antea
907 5157 1065 5206 editis
1092 5157 1546 5219 praetermittitur.

127 5157 234 5298 (57)
260 5229 428 5289 Editi,
464 5226 912 5298 decimiejusdem
943 5223 1620 5292 aggredianturexordium.

71 5294 163 5352 Sed
190 5294 384 5351 onmes
414 5311 544 5350 mss.
577 5306 634 5350 ut
665 5297 715 5348 in
753 5307 938 5348 nostro
969 5303 1136 5346 textu.

129 5366 236 5438 (58)
268 5367 439 5438 Editi,
472 5366 673 5438 bonum
701 5381 907 5438 nomen.

130 5430 237 5509 (59)
276 5436 420 5490 Nam
452 5437 540 5509 qui
569 5440 634 5509 in,
651 5436 752 5509 [ioc
778 5435 930 5509 servit
956 5430 1190 5509 Christo,
1213 5431 1382 5500 placet
1407 5430 1539 5494 Deo,
1566 5439 1615 5485 et

73 5501 304 5571 probatus
337 5519 412 5561 est
439 5501 755 5584 hominibus.
793 5504 918 5558 Haec
964 5505 1016 5558 in
1062 5501 1224 5584 editis
1253 5517 1370 5581 non
1396 5516 1614 5570 compat

74 5589 205 5641 rent;
240 5589 295 5632 et
321 5579 681 5631 restituuntur
709 5593 774 5631 ex
802 5590 932 5629 mss.
963 5577 1191 5628 nostris.
1253 5577 1257 5581 ’

131 5648 234 5720 (40)
266 5649 430 5720 Editi,
469 5649 660 5720 bonum
692 5656 930 5699 nostrum
947 5661 1156 5720 nomen.

131 5711 235 5790 (41)
272 5719 413 5772 Editi
447 5717 744 5790 pleriqtte,_
766 5730 938 5790 tamen
967 5716 1165 5790 si_quis
1194 5713 1448 5790 .ludazus,
1475 5711 1619 5790 uerbi

73 5781 234 5853 causa,
263 5801 355 5842 aut
386 5781 552 5841 cx'ltis
582 5781 668 5853 qui
707 5786 976 5841 Seueriani
1012 5782 1321 5852 Tatiumque
1347 5781 1618 5846 appellan-

75 5871 162 5926 tur,
190 5876 297 5918 etc.
329 5859 442 5916 Sed
475 5872 667 5914 clunes
702 5874 836 5913 mss.
877 5866 931 5911 et
965 5855 1224 5922 Rabanus
1250 5862 1308 5908 ut
1336 5853 1392 5908 iu
1427 5861 1615 5908 nostro

1719 4879 1892 4928 textu.

1793 4943 1905 5013 (42)
1942 4942 2019 4996 Ita
2065 4957 2198 4997 mss.
2235 4941 2480 5011 plerique
2521 4951 2578 4996 et
2615 4940 2771 4994 editi.
2805 4939 2904 5013 bis.
2937 4952 3065 4993 vero
3087 4937 3298 5013 Regius

1725 5011 2066 5078 nutu.l659,
2101 5013 2350 5066 scientiae.
2396 5013 2690 5067 Rabanus.
2738 5011 2962 5079 gratiae;
3005 5012 3096 5078 qui
3135 5011 3297 5078 paulo

1726 5093 1852 5151 post
1882 5084 2065 5145 habet,
2100 5082 2258 5137 suilla
2285 5093 2523 5135 vescatur
2555 5095 2732 5134 carne.

1803 5153 1916 5223 (45)
1947 5155 2111 5218 Editi,
2150 5154 2240 5223 sed
2279 5153 2454 5223 aliena
2504 5152 2614 5204 haec
2639 5159 2759 5202 sunt
2782 5165 2813 5199 a
2840 5163 2996 5223 regno
3027 5148 3145 5215 Dei,
3187 5158 3293 5202 etc.

1731 5221 2110 5279 Deindeiidem
2133 5222 2290 5284 editi,
2322 5221 2575 5274 Rabanus
2603 5229 2658 5274 et
2681 5221 3097 5287 mss.plerique,
3135 5235 3295 5284 neque

1729 5295 1942 5350 nubent.
1989 5308 2153 5362 neque
2206 5293 2557 5362 nubentum...
2607 5302 2999 5362 neque-potum
3048 5302 3292 5348 sument,

1726 5373 1832 5416 etc.
1861 5364 1967 5418 Sed
1997 5358 2200 5418 rectius
2231 5375 2333 5415 ms.
2357 5359 2562 5430 Regius
2590 5374 2740 5413 nutu.
2773 5358 2910 5412 l659
2942 5362 3076 5412 utin
3109 5372 3295 5412 nostro

1725 5443 1892 5486 textu.

1798 5502 1907 5572 (44)
1949 5502 2042 5556 Sic
2087 5510 2234 5554 recte
2268 5515 2368 5553 ms.
2410 5499 2611 5570 Regius
2659 5513 2806 5572 num.
2840 5497 2977 5572 1659
3012 5510 3064 5572 et
3110 5499 3292 5572 Raba—

1725 5569 1845 5626 nus.
1891 5569 1976 5624 'lta
2016 5572 2178 5624 etiam
2219 5572 2399 5624 ueteri
2446 5587 2578 5623 mss.
2622 5569 2725 5620 nisi
2763 5571 2908 5634 quod
2941 5569 3197 5629 habeant,
3228 5571 3293 5618 ab

1725 5642 1962 5710 Apostoli
1990 5641 2269 5696 sententia.
2305 5636 2447 5694 Editi
2487 5653 2617 5692 vero
2639 5678 2664 5710 ,ν
2701 5639 2868 5707 igitur
2901 5639 3290 5691 absolutissima

1722 5709 1778 5766 et
1799 5712 2022 5765 euidenti
2063 5713 2308 5777 dogmate
2347 5711 2411 5765 ab
2451 5709 2688 5763 Aoustoli
2730 5710 3083 5765 centenum...
3129 5719 3292 5775 neque

1722 5798 1867 5837 escas
1896 5781 2160 5836 carnales.
