3796 6540
479 371 612 427 1251

1974 366 2295 426 ORIGENIS

3607 377 3730 435 125i

482 487 766 543 nobiscum
797 485 1034 542 transire
1077 448 1251 558 possit
1285 486 1398 557 (45)
1442 487 1510 542 ad
1555 501 1722 558 regna
1765 485 2050 544 cmlorum.
2084 494 2131 550 Α
2159 499 2214 543 et
2233 489 2323 543 hic
2347 487 2583 557 qualiter
2619 503 2721 558 pax
2752 491 3009 546 sectanda
3039 491 3115 548 sit
3164 491 3571 564 intelligamus,
3605 497 3722 564 quia

479 578 591 634 Pax
622 594 777 647 ergo,
799 588 854 633 et
874 577 1184 646 justitia,et
1213 580 1257 635 si
1282 594 1388 648 qua
1418 579 1723 650 hujusmodi
1756 589 1904 645 sunt,
1933 595 2055 650 qua:

479 688 577 742 per
625 671 893 740 Spiritum
938 682 1193 727 sanctum
1243 671 1660 741 conquiruntur,
1718 672 1832 741 ipsa
1895 673 2054 728 nobis

479 777 640 823 erunt
683 767 836 821 cibus
879 775 936 820 et
986 764 1288 819 substantia
1335 765 1389 820 in
1436 779 1609 835 regno
1651 765 1745 820 Dei
1781 783 1794 818 :
1828 774 1882 821 et
1934 767 2056 822 ideo

484 875 584 929 per
615 861 730 916 haec
765 859 918 913 docet
963 873 1070 911 non
1112 871 1360 912 escarum
1401 857 1762 927 corporalium
1792 859 2051 922 rationes,

479 968 603 1022 qua:
638 952 796 1007 nullze
819 961 980 1006 erunt
1003 951 1054 1004 in
1079 950 1280 1013 futuro,
1306 949 1401 1005 sed
1439 950 1703 1004 virtutum
1734 966 1920 1005 curam
1961 967 2055 1022 ge-

481 1046 730 1108 rendam,
763 1059 882 1114 qua!
925 1044 1204 1097 nobiscum
1246 1053 1303 1098 et
1336 1044 1390 1097 in
1423 1044 1675 1113 praesenti
1713 1043 1863 1109 vita,
1901 1054 1956 1100 et
1995 1044 2052 1100 in

481 1135 664 1188 futuro
689 1140 1042 1202 permaneant
1069 1131 1121 1183 in
1155 1145 1326 1196 regno
1357 1129 1472 1185 Dei.
1499 1129 1568 1184 Et
1596 1129 1717 1184 ideo
1755 1128 2054 1200 dicit,quis

477 1228 569 1297 qui
617 1229 672 1280 in
717 1228 812 1280 hoc
849 1227 1006 1280 servit
1046 1225 1280 1289 Christo,
1331 1227 1502 1294 placet
1550 1226 1683 1291 Deo,
1723 1239 1774 1281 et
1800 1227 2054 1295 probatus

476 1331 554 1374 est
590 1321 702 1386 (Mil
734 1319 1031 1373 hominibus
1057 1319 1123 1373 ³⁸.
1163 1318 1275 1374 Hoc
1310 1328 1392 1375 est
1429 1319 1571 1388 quod
1607 1328 1661 1372 et
1689 1321 1756 1374 de
1790 1320 1967 1387 seipso
1998 1321 2053 1375 in

476 1414 599 1466 aliis
630 1412 764 1466 dicit
798 1429 812 1465 :
848 1410 1000 1466 Sicut
1029 1420 1078 1464 et
1107 1426 1225 1479 ego,
1257 1410 1472 1479 inquit,
1499 1412 1738 1466 omnibus
1761 1428 1854 1480 per
1876 1413 2054 1466 omnia

477 1504 680 1571 placeo,
730 1518 832 1554 non
873 1516 1112 1569 qurerens
1151 1500 1292 1566 quod
1330 1500 1460 1554 mihi
1497 1501 1627 1556 utile
1655 1503 1756 1566 sit,
1789 1503 1878 1557 sed
1914 1506 2054 1573 quod

476 1593 658 1646 multis
683 1593 749 1645 ²⁹.
778 1591 901 1645 Ideo
931 1591 1074 1644 enim
1109 1599 1164 1644 et
1186 1604 1308 1643 cum
1341 1601 1487 1645 esset
1518 1593 1795 1662 apostolus
1824 1593 2053 1658 Christi,

480 1686 640 1737 liehat
663 1683 868 1738 .Iudtcis
895 1681 1146 1747 Iudaeus,
1177 1684 1293 1738 sine
1325 1685 1490 1739 dubio
1515 1694 1575 1740 ut
1609 1685 1828 1755 placens
1853 1683 2054 1741 JudaJis

478 1776 712 1831 salvaret
741 1791 836 1831 eos
867 1793 882 1829 :
910 1787 966 1829 et
989 1776 1072 1831 his
1098 1777 1187 1845 qui
1213 1777 1330 1831 sine
1353 1778 1469 1850 lege
1495 1789 1649 1832 erant
1686 1779 1846 1833 fiebat
1866 1788 1920 1834 et
1944 1779 2054 1848 ipse

2155 590 2207 636 et
2240 580 2407 634 David
2432 580 2684 635 similiter
2713 581 2846 637 dicit
2870 583 2952 638 ’δε
2985 584 3207 654 lnquire
3234 601 3441 651 pacem,
3469 595 3518 640 et
3542 598 3729 645 sectare

2155 688 2295 726 eam.
2336 670 2489 726 Licet
2528 672 2582 726 in
2625 671 2832 728 Latinis
2875 675 3158 730 codicibus
3193 676 3483 741 habeatur,
3528 695 3728 748 sequere

2153 778 2290 827 eam,
2315 772 2518 816 sectare
2547 773 2729 817 tamen
2756 763 2922 818 etiam
2967 765 3043 820 ibi
3078 767 3345 836 scriptum
3377 777 3482 822 est.
3527 767 3584 822 ln
3630 785 3727 839 quo

2156 853 2259 907 hoc
2283 853 2415 907 mihi
2449 854 2665 910 videtur
2693 858 2904 913 ostendi
2939 874 2952 909 :
2987 858 3252 926 quoniam
3283 858 3505 927 quidem
3539 875 3568 914 a
3598 864 3723 915 mul-

2157 940 2245 1005 tis,
2297 939 2492 1010 inquit,
2532 944 2772 1015 iuquiete
2826 956 2880 1000 et
2917 945 3231 1001 insolenter"
3278 951 3567 1018 agentibus
3623 963 3725 1007 tur-

2153 1031 2281 1086 bata
2320 1042 2402 1086 est
2457 1034 2572 1104 (52)
2621 1051 2775 1105 pax,
2827 1046 2882 1092 et
2924 1037 3162 1107 eﬂ‘ugata
3211 1039 3359 1093 velut
3416 1042 3726 1112 subterfugit

2153 1121 2225 1177 ab
2281 1124 2626 1192 hominibus;
2689 1129 3000 1182 econtrario
3051 1129 3120 1181 ab
3171 1128 3257 1183 his
3317 1131 3410 1199 qui
3467 1132 3725 1186 Christum

2153 1213 2468 1270 didicerunt
2517 1228 2575 1271 et
2617 1217 2718 1287 ipsi
2770 1219 3036 1282 serviunt,
3094 1218 3262 1273 etiam
3325 1220 3566 1292 fugitans
3619 1239 3726 1278 con

2152 1309 2408 1363 sectanda
2439 1320 2542 1374 est,
2571 1319 2625 1364 et
2653 1309 2826 1364 modis
2847 1310 3103 1365 omnibus
3122 1313 3452 1368 revocanda.
3486 1314 3726 1369 Sectatur

2153 1408 2336 1454 autem
2367 1416 2594 1471 pacem,
2626 1405 2716 1472 qui
2752 1419 2816 1460 ea
2848 1405 3047 1475 quibus
3082 1422 3189 1476 pax
3238 1416 3500 1461 constare
3540 1420 3724 1479 potest,

2151 1491 2318 1547 etiam
2350 1508 2472 1549 cum
2497 1493 2687 1550 labore
2720 1512 2840 1563 suo,
2870 1513 2996 1554 cum
3025 1499 3250 1564 damno,
3286 1515 3412 1555 cum
3447 1503 3724 1572 opprobrio

2152 1596 2408 1652 quoque,
2443 1593 2499 1638 et
2534 1585 2578 1640 si
2613 1586 2685 1640 ita
2720 1602 2947 1644 necesse
2979 1589 3087 1654 sit,
3123 1591 3291 1645 etiam
3337 1607 3467 1646 eum
3499 1593 3724 1662 periculo

2152 1677 2280 1732 vitae
2307 1678 2572 1748 famaeque
2593 1682 2844 1736 custodit.
2871 1683 2994 1739 Hac
3017 1687 3164 1740 enim
3193 1700 3301 1740 non
3326 1686 3506 1741 solum
3529 1702 3724 1754 pacem,

2153 1776 2341 1818 vermn
2387 1775 2442 1819 et
2481 1767 2892 1825 aadilicationem
2935 1773 3002 1827 ad
3047 1774 3288 1830 invicem
3337 1787 3560 1830 servant
3599 1779 3723 1848 (55).

477 1871 594 1921 sine
625 1867 760 1937 lege,
785 1879 845 1922 ut
876 1866 1096 1937 placens
1127 1867 1295 1938 668
1323 1869 1399 1923 eis
1425 1869 1603 1923 salvos
1632 1869 1839 1924 faceret
1863 1885 1956 1924 eos
1983 1870 2044 1926 ³⁸.

2162 1853 2486 1912 ΔΕᾱίίίοοιιιι·
2518 1860 2666 1913 enim
2692 1860 2738 1914 is
2767 1862 2856 1930 qui
2889 1864 3089 1918 viderit
3120 1877 3174 1920 te
3203 1883 3311 1920 non
3342 1883 3464 1935 qua
3496 1868 3586 1922 tibi
3606 1841 3725 1934 soli,

477 1961 700 2017 Placere
731 1971 910 2016 autem
960 1975 1019 2014 se
1052 1959 1367 2014 hominibus
1417 1961 1490 2014 ita
1534 1961 1698 2025 dicit,
1750 1977 1854 2016 non
1893 1963 2054 2016 obse-

477 2053 765 2108 cundando
792 2053 961 2117 vitiis,
999 2055 1094 2108 sed
1122 2053 1233 2125 (47)
1265 2053 1609 2106 infirmitates
1633 2067 1818 2106 eorum
1848 2067 1944 2120 per
1962 2067 2056 2121 pa-

479 2145 720 2198 tientiam
768 2144 1140 2200 sustentando.
1202 2144 1310 2200 Sed
1357 2159 1424 2200 ne
1459 2143 1588 2198 illud
1629 2143 1846 2211 quidem
1879 2143 2055 2198 otiose

473 2243 861 2299 praetereamus
910 2235 1051 2303 quod
1089 2236 1163 2288 ait
1195 2253 1209 2290 :
1242 2234 1384 2288 Nam
1417 2235 1508 2304 qui
1555 2234 1610 2286 in
1647 2233 1765 2294 hoc,
1806 2232 1909 2286 hoc
1946 2241 2052 2297 est,

473 2321 526 2374 in
555 2322 759 2389 Spiritu
789 2335 1005 2386 sancto,
1041 2328 1199 2379 servit
1225 2325 1457 2384 Christo,
1489 2323 1657 2391 placet
1693 2322 1822 2385 Deo,
1847 2331 1896 2375 et
1928 2339 2052 2390 pro-

474 2414 627 2466 batus
662 2426 735 2466 est
765 2416 1065 2468 hominibus
1097 2417 1237 2483 (l8).
1268 2415 1324 2470 In
1363 2414 1572 2482 Spiritu
1611 2421 1802 2467 sancto
1828 2413 2054 2468 Christo

471 2505 682 2559 servire
723 2505 1022 2559 secumlum
1071 2506 1174 2562 hoc
1219 2507 1352 2561 dicit
1403 2508 1546 2576 quod
1587 2517 1641 2562 et
1685 2506 1812 2561 alibi
1852 2507 1928 2558 ait
1961 2504 2050 2559 "z

476 2597 647 2652 Nemo
690 2598 817 2651 dicit
864 2598 1147 2652 Dominum
1196 2599 1382 2652 Jesum
1417 2599 1552 2669 (49),
1594 2601 1698 2653 nisi
1740 2601 1795 2652 in
1850 2597 2053 2666 Spiritu

471 2701 674 2742 saneto.
706 2687 888 2743 Sen'it
919 2705 1051 2760 ergo
1085 2690 1307 2744 Christo
1338 2691 1390 2742 in
1426 2689 1636 2758 Spiritu
1670 2690 1786 2758 ipse
1812 2688 2049 2754 Paulus,

472 2779 564 2847 qui
589 2791 813 2849 accepta
847 2781 1027 2849 gratia
1054 2781 1231 2834 sancti
1261 2780 1504 2849 Spiritus
1535 2781 1704 2834 servit
1734 2781 1900 2834 verbo
1933 2778 2051 2843 Dei,

471 2873 644 2926 servit
674 2873 981 2940 sapientiae,
1014 2872 1183 2925 servit
1211 2871 1470 2939 justitiaz,
1520 2881 1574 2925 et
1601 2871 1852 2925 omnibus
1891 2869 2053 2925 simul

471 2963 807 3027 virtutibus,
843 2978 963 3031 qua:
990 2960 1252 3015 Christus
1291 2978 1410 3016 esse
1440 2971 1792 3015 memoratur.
1834 2961 1899 3014 Et
1931 2961 2053 3014 ideo

469 3054 687 3122 placere
723 3055 778 3108 in
828 3055 914 3108 his
962 3054 1164 3106 dicitur
1211 3053 1319 3106 Deo
1364 3051 1458 3120 qui
1497 3052 1684 3121 implet
1718 3051 2050 3105 voluntatem

469 3145 589 3211 Dei,
616 3147 913 3202 secundum
948 3147 1172 3200 verbum
1211 3147 1356 3214 quod
1393 3146 1508 3214 ipse
1536 3145 1928 3214 pronuntiavit,
1967 3147 2051 3201 di-

469 3251 605 3292 cens
639 3254 653 3292 ;
692 3235 795 3290 llic
824 3247 898 3289 est
925 3233 1098 3288 Filius
1127 3252 1275 3288 meus
1299 3234 1524 3288 dilectus
1549 3235 1602 3287 in
1627 3251 1731 3305 quo
1760 3235 1884 3289 bene
1911 3251 2025 3290 com

468 3329 646 3398 placui
680 3329 818 3400 (50),
855 3329 1023 3394 ipsum
1071 3328 1252 3380 audite
1279 3328 1344 3379 η.
1379 3327 1480 3394 Qui
1510 3341 1643 3398 ergo
1674 3329 1823 3380 audit
1859 3327 2048 3392 Deum,

467 3433 524 3476 et
564 3424 733 3478 servit
758 3421 983 3475 Christo
1024 3421 1076 3474 in
1126 3435 1236 3489 quo
1282 3421 1609 3488 complacuit
1659 3419 1832 3487 Deus,
1877 3420 2053 3490 placet

471 3511 604 3579 Deo,
633 3525 686 3569 et
715 3515 974 3582 probatus
1003 3525 1088 3568 est
1107 3513 1438 3569 hominibus.

542 3607 598 3660 2.
630 3606 820 3675 Itaque
839 3623 959 3675 qum
994 3607 1139 3674 pacis
1162 3615 1284 3659 sunt
1313 3615 1593 3668 sectemur,
1612 3613 1660 3657 et
1683 3619 1800 3672 qua:
1821 3603 2050 3672 aediﬁca-

471 3698 630 3752 tionis
671 3707 792 3751 sunt
833 3697 889 3751 in
931 3696 1173 3749 invicem.
1226 3693 1409 3748 Nolite
1459 3704 1672 3762 propter
1714 3693 1887 3746 cibum
1933 3695 2048 3763 (5|)

468 3789 668 3842 solvere
689 3803 818 3857 opus
849 3787 942 3840 Dei
973 3787 1038 3840 ³³.
1069 3786 1243 3855 Supra
1281 3785 1358 3817 ³³·
1389 3785 1527 3840 dixit
1563 3804 1575 3838 :
1623 3784 2049 3852 Hospitalitatem

468 3890 765 3945 sectantes;
796 3889 850 3934 et
877 3881 964 3934 hic
1000 3879 1274 3944 similiter,
1301 3895 1420 3949 qua:
1475 3879 1619 3948 pacis
1674 3888 1820 3940 sunt,
1853 3877 2047 3946 inquit,

469 3985 747 4037 sectemur,
775 3982 824 4026 et
869 3988 988 4038 qua!
1018 3971 1387 4041 tediﬁcationis
1425 3972 1483 4024 in
1519 3973 1737 4025 invicem
1765 3987 1784 4023 .°
1825 3978 1880 4024 et
1911 3970 2051 4022 sicut

469 4063 543 4119 ibi
580 4065 922 4120 ostendimus
945 4063 1182 4134 qualiter
1205 4065 1462 4120 sectanda
1494 4064 1566 4116 sit
1597 4061 1954 4132 hospitalitas,
1977 4062 2049 4115 ita

2155 1946 2251 2000 sed
2275 1958 2333 2000 et
2355 1963 2476 2016 qua:
2504 1949 2625 2005 aliis
2649 1953 2944 2020 expediunt
2969 1958 3378 2023 requirentem;
3410 1970 3466 2013 et
3511 1960 3587 2014 sic
3615 1976 3724 2016 cre-

2156 2035 2263 2090 scit
2287 2037 2574 2094 editicium
2607 2042 2730 2096 fidei
2774 2043 2922 2113 (5i),
2972 2061 3038 2100 ac
3077 2049 3343 2117 templum
3386 2050 3479 2105 Dei
3513 2067 3574 2107 ex
3606 2054 3728 2121 lapi-

2158 2127 2317 2182 dibus
2349 2129 2489 2184 vivis
2516 2147 2614 2201 per
2644 2137 3106 2192 constructionem
3137 2142 3434 2198 charitatis
3467 2148 3721 2214 assurgit;

2155 2229 2212 2274 et
2237 2219 2358 2274 ideo
2382 2221 2532 2276 addit
2563 2238 2578 2274 :
2606 2219 2787 2277 Nolite
2807 2236 3020 2294 propter
3035 2228 3211 2282 cibum
3241 2230 3446 2286 solvere
3471 2250 3596 2300 apus
3617 2235 3721 2288 Dei.

2158 2311 2332 2366 Solvit
2360 2314 2504 2367 enim
2543 2328 2676 2385 opus
2695 2315 2810 2379 Dei,
2841 2329 2894 2372 et
2911 2319 3203 2375 :edilicium
3235 2322 3470 2378 destruit
3501 2326 3727 2381 cbarita-

2155 2406 2245 2468 tis,
2277 2406 2367 2473 qui
2389 2414 2609 2476 propter
2629 2406 2872 2464 ciborum
2899 2412 3383 2482 intemperantiam
3413 2420 3721 2474 scandalum

2133 2499 2412 2583 fratribus
2435 2505 2605 2569 ponit.

2224 2591 2279 2644 5.
2319 2594 2512 2645 Umnia
2540 2594 2750 2664 quidem
2782 2597 2982 2650 munda
3004 2608 3152 2660 sunt,
3179 2598 3272 2652 sed
3301 2598 3500 2652 malum
3527 2611 3600 2652 est
3635 2600 3724 2652 Ito-

2154 2683 2286 2736 mini
2317 2687 2405 2753 qui
2443 2701 2536 2754 per
2563 2688 2904 2754 offensionem
2931 2692 3249 2744 manducat.
3281 2690 3491 2745 Bonum
3520 2704 3591 2747 est
3629 2712 3723 2748 non

2154 2777 2478 2831 manducare
2518 2794 2753 2842 carnem,
2802 2791 2850 2833 et
2885 2797 2990 2834 non
3035 2783 3210 2837 bibere
3251 2785 3464 2848 vinum,
3494 2801 3650 2855 neque
3674 2803 3722 2838 tn

2153 2883 2255 2937 quo
2281 2867 2452 2936 frater
2476 2882 2594 2924 tuus
2626 2873 2915 2940 offenditur
2941 2876 2987 2907 ⁸⁸
3025 2875 3162 2946 (55).
3211 2877 3368 2942 Quod
3401 2878 3572 2942 dixit,
3605 2878 3726 2931 0m,

2156 2958 2246 3009 nia
2282 2960 2498 3028 quidem
2544 2965 2764 3027 munda,
2806 2966 2896 3018 sed
2939 2967 3139 3020 malum
3171 2979 3248 3021 est
3287 2967 3492 3022 homini
3528 2972 3612 3038 qui
3644 2985 3726 3034 per

2154 3049 2493 3117 offensionem
2537 3055 2848 3116 manducat,
2871 3053 3049 3110 simile
3087 3067 3172 3110 est
3206 3058 3284 3112 illi
3311 3060 3456 3127 quod
3483 3062 3725 3128 superius

2157 3143 2292 3197 dixit
2322 3143 2386 3206 ³⁸,
2419 3145 2546 3214 quia
2574 3145 2704 3197 nihil
2737 3162 3009 3200 commune
3039 3165 3133 3216 per
3153 3153 3412 3214 seipsum,
3447 3153 3546 3204 nisi
3576 3152 3625 3204 ei
3642 3151 3724 3219 qui

2153 3237 2417 3291 existimat
2437 3238 2565 3308 quid
2584 3255 2857 3292 commune
2878 3255 3011 3302 esse,
3037 3240 3122 3293 illi
3139 3258 3423 3296 commune
3444 3239 3540 3296 est.
3566 3241 3724 3314 Igitur

2154 3330 2452 3383 secundum
2490 3340 2739 3384 naturam
2791 3332 2874 3384 sui
2897 3340 2952 3384 et
2979 3334 3247 3388 rationem
3284 3345 3579 3399 creatura,
3629 3350 3723 3402 qua

2156 3429 2350 3474 cuncta
2383 3437 2504 3489 qua:
2536 3431 2683 3487 sunt,
2719 3438 2748 3476 a
2785 3422 2895 3477 Deo
2928 3423 3070 3476 facta
3108 3434 3257 3488 sunt,
3308 3429 3493 3481 omnia
3541 3428 3723 3480 munda

2155 3521 2282 3564 sunt
2315 3511 2463 3581 (56);
2496 3521 2551 3566 et
2579 3513 2944 3578 immundum,
2976 3512 3064 3566 vel
3096 3514 3244 3582 quod
3269 3530 3562 3572 commune
3603 3518 3725 3570 dici-

2159 3609 2270 3663 tur,
2319 3600 2454 3654 nibil
2493 3609 2600 3655 est.
2636 3601 2783 3656 Duas
2826 3611 3005 3656 tamen
3035 3618 3235 3660 causas
3265 3610 3482 3675 posuit,
3533 3607 3718 3674 quibus

2156 3691 2237 3745 vel
2273 3707 2393 3761 qua:
2417 3693 2612 3748 munda
2649 3704 2800 3759 sunt,
2833 3695 3110 3750 immunda
3141 3697 3298 3764 fiant,
3340 3697 3428 3753 vel
3455 3715 3574 3768 quae
3597 3699 3723 3752 bona

2154 3795 2301 3850 sunt,
2348 3785 2510 3840 mala.
2558 3787 2650 3840 Ait
2689 3788 2832 3841 enim
2879 3787 2930 3840 iu
2983 3789 3240 3856 presenti
3291 3792 3516 3860 quidem
3571 3791 3723 3846 loco:

2156 3874 2258 3930 Sed
2289 3878 2570 3932 malumest
2595 3881 2794 3933 homini
2814 3883 2904 3950 qui
2925 3898 3016 3949 per
3039 3883 3391 3951 offensionem
3422 3885 3718 3939 manducet.

2157 3967 2308 4034 Quod
2339 3985 2471 4041 ergo
2503 3971 2591 4026 sui
2625 3981 2815 4026 natura
2836 3973 3040 4028 bonum
3072 3983 3179 4036 est,
3207 3988 3274 4028 ex
3300 3973 3600 4030 oﬂensione
3620 3973 3721 4028 elli-

2156 4064 2299 4117 citur
2325 4063 2550 4130 malum,
2602 4063 2656 4118 id
2680 4075 2766 4120 est
2801 4066 2855 4119 in
2880 4081 2946 4122 eo
2971 4067 3122 4122 uuod
3147 4066 3453 4123 oﬂ'cndilur
3485 4069 3647 4123 frater
3673 4079 3726 4120 te

538 4227 588 4260 ⁸⁸
632 4228 789 4282 Rom.
830 4242 948 4292 xlv,
999 4227 1088 4281 18.
1165 4227 1210 4258 ²⁹
1247 4223 1268 4278 l
1311 4223 1436 4277 Cor.
1497 4240 1556 4282 x.
1601 4223 1692 4280 55.
1769 4223 1815 4254 ³⁸
1842 4221 1858 4276 Ι
1889 4221 2018 4293 Cor.

2162 4221 2215 4284 0.
2239 4222 2328 4278 21.
2405 4223 2447 4256 ³⁸
2472 4223 2492 4278 l
2515 4222 2638 4279 Cor.
2676 4240 2774 4286 xtl.
2799 4226 2854 4279 '5.
2929 4223 2975 4257 ³¹
3000 4223 3192 4280 Matth.
3224 4241 3310 4289 tu,
3342 4228 3449 4293 l7;
3493 4227 3618 4282 Luc.
3647 4244 3722 4293 ιι,

465 4297 560 4354 55.
635 4299 681 4330 ³³
706 4299 862 4354 Rom.
897 4291 1006 4363 xtv,
1037 4297 1126 4362 19,
1161 4297 1252 4351 20.
1326 4296 1403 4326 ³³·
1431 4294 1589 4351 Rom.
1615 4311 1713 4356 ιιι,
1743 4294 1830 4348 15.
1903 4294 1948 4324 ³³
1984 4292 2044 4346 Ps

2162 4309 2357 4360 χχχιιι,
2383 4295 2471 4349 l5.
2547 4295 2592 4326 ³⁵
2618 4296 2774 4350 Hom.
2809 4311 2921 4360 xw,
2950 4295 3041 4362 20,
3072 4296 3166 4352 21.
3244 4299 3292 4330 ³⁸
3321 4291 3454 4353 ibid.
3489 4301 3572 4353 14.

544 4458 658 4527 (45)
690 4456 1151 4538 EditiLnobiscum
1173 4457 1457 4538 transferri
1485 4458 1672 4538 possit,
1697 4466 1805 4514 etc.
1839 4455 2048 4513 Deinde
2078 4481 2125 4538 ι)
2150 4445 2168 4538 ἰ
2224 4458 2339 4538 (5i)
2377 4457 2520 4538 Editi
2548 4466 2609 4538 ent.
2635 4455 3006 4538 Rabanu's,__et
3027 4474 3147 4525 qua:
3182 4458 3565 4538 cediﬁcationis
3605 4470 3722 4538 sunt

469 4529 637 4585 iidem
659 4530 814 4591 editi,
845 4527 1102 4582 Rabanus
1131 4538 1188 4582 et
1221 4544 1354 4583 mss.
1393 4528 1660 4597 plerique,
1695 4545 1874 4596 pacem
1891 4544 2040 4596 ergo,

469 4609 521 4653 et
546 4599 836 4668 justitiam,
865 4607 973 4654 etc.
993 4599 1101 4654 Sed
1124 4600 1330 4654 rectius
1358 4615 1460 4654 nis.
1497 4599 1700 4669 Regius
1729 4615 1881 4654 num.
1906 4598 2044 4653 1659

469 4679 532 4725 ιιι
557 4671 612 4724 in
647 4677 819 4722 textu.

541 4739 657 4808 (46)
688 4739 782 4791 Sic
813 4737 946 4794 editi
969 4748 1026 4793 et
1059 4753 1162 4793 ms.
1195 4736 1404 4808 Regius
1433 4753 1586 4794 num.
1630 4738 1806 4800 1659.
1842 4736 1894 4791 in
1931 4738 2042 4790 sin-

469 4810 648 4877 gulari
679 4824 929 4862 numero.
961 4809 1089 4864 Mss.
1118 4825 1246 4864 vero
1278 4810 1540 4878 plerique,
1582 4810 1708 4875 quia
1736 4809 1824 4877 qui
1854 4809 1908 4862 in
1948 4808 2044 4862 hoc

469 4881 794 4933 serviunt....
825 4879 1128 4948 placent....
1157 4881 1361 4944 probati
1382 4888 1526 4948 sunt,
1555 4889 1662 4932 etc.

543 4948 661 5018 (47)
706 4949 797 5002 Sic
828 4947 938 5003 ms.
984 4949 1185 5018 Regius
1244 4964 1393 5001 num.
1447 4947 1607 5002 1659.
1659 4947 1857 5002 Cteteri
1913 4964 2045 5004 vero

472 5034 633 5080 mss..
679 5019 939 5074 Rabanus
981 5028 1038 5073 et
1073 5019 1229 5083 editi,
1281 5019 1486 5086 placere
1531 5029 1706 5072 autem
1743 5018 2043 5072 hominibus

473 5090 552 5141 ita
577 5090 729 5151 dicit,
762 5105 864 5142 non
910 5089 1219 5142 obsectanda
1267 5090 1393 5141 vitia
1437 5089 1560 5156 (al.,
1592 5106 1698 5142 non
1726 5089 2044 5143 obsectanda

473 5157 642 5224 vitia;
679 5160 778 5220 al.,
812 5175 917 5213 non
955 5160 1261 5212 oblectando
1291 5158 1458 5224 vitiis)
1483 5161 1596 5220 sed,
1628 5169 1734 5211 etc.

550 5229 665 5298 (18)
695 5229 863 5292 Edili;
896 5229 1036 5283 Nam
1062 5232 1152 5298 qui
1187 5231 1243 5282 in
1277 5231 1374 5282 hoc
1400 5240 1498 5293 est,
1531 5232 1587 5283 in
1612 5229 1823 5298 Spiritu
1856 5238 2044 5284 sancto

474 5301 663 5362 servit,
687 5302 852 5369 placet
879 5299 1009 5362 Deo,
1049 5299 1301 5369 probatus
1332 5301 1656 5364 hominibus.

554 5370 668 5440 (49)
698 5368 797 5440 Ms.
830 5369 1032 5440 Regius
1052 5368 1215 5423 num.
1255 5369 1415 5433 1659,
1451 5372 1590 5438 quod
1623 5379 1674 5422 et
1695 5368 1824 5421 alibi
1863 5369 1996 5423 dixit
2024 5386 2041 5423 :

478 5435 658 5492 Nemo
682 5438 830 5501 dicit,
859 5435 1112 5492 Dominus
1140 5440 1320 5502 Jesus,
1353 5435 1472 5493 etc.‘
1504 5440 1706 5494 Deinde
1743 5440 1896 5506 editi,
1933 5455 2044 5492 ser-

477 5509 546 5560 vit
572 5519 748 5578 autem
776 5508 984 5578 Christo
1010 5511 1067 5562 in
1095 5508 1296 5575 Spiritu
1324 5510 1436 5577 ipse
1473 5508 1699 5570 Paulus,
1734 5510 1886 5578 quia,
1930 5517 2039 5562 etc.

553 5579 662 5648 (50)
711 5577 787 5631 Ita
827 5595 928 5632 ms.
959 5577 1158 5647 Regius
1204 5595 1356 5632 num.
1395 5578 1552 5633 1659.
1594 5577 1850 5632 Rabanus
1897 5579 2047 5632 addit

479 5650 632 5710 mihi,
659 5649 800 5702 sicut
845 5659 900 5700 et
943 5650 1096 5702 editi.
1135 5649 1331 5703 Ceteri
1377 5665 1505 5704 vero
1547 5665 1676 5703 mss.
1731 5649 1952 5715 habent,
1991 5649 2045 5701 in

475 5734 580 5784 quo
618 5720 743 5771 mihi
786 5721 910 5772 bene
958 5721 1294 5784 complacuit,
1342 5735 1440 5773 nec
1481 5721 1643 5772 male.
1684 5718 1886 5772 Deinde
1925 5734 2046 5787 ergo

479 5795 634 5838 tlecst
693 5792 743 5840 in
794 5789 974 5843 editis.
1034 5788 1162 5844 Mss.
1211 5791 1428 5858 quidam
1475 5791 1678 5845 habent
1728 5802 1901 5844 autem
1948 5803 2047 5859 pro

476 5871 620 5922 ergo.

2151 4528 2368 4580 invicem
2401 4529 2782 4581 custodiamus.
2822 4527 2953 4581 Noli
2985 4539 3193 4595 propter
3228 4532 3433 4591 cibum,
3473 4543 3580 4583 etc.
3615 4529 3721 4582 Sed

2149 4611 2339 4652 omnes
2367 4612 2496 4651 mss.
2546 4607 2606 4651 ut
2639 4598 2706 4669 _in
2740 4609 2925 4652 nostro
2967 4605 3140 4662 textu,
3179 4599 3286 4653 nisi
3318 4601 3464 4667 quod
3491 4601 3724 4669 plerique

2152 4669 2423 4736 retineant
2463 4667 2844 4730 custodiamus,
2881 4683 3046 4736 quam
3086 4682 3281 4723 vocem
3338 4667 3505 4724 recte‘
3528 4670 3725 4722 omittit

2150 4753 2256 4792 ms.
2315 4735 2515 4806 Regius
2569 4735 2927 4808 ιιιιιιιη1659,
2981 4747 3168 4806 utpote
3211 4753 3336 4808 qua:
3382 4739 3542 4808 paqu
3588 4740 3722 4792 intra

2149 4809 2441 4861 omittatur
2484 4808 2537 4860 in
2579 4807 2836 4862 omnibus
2885 4822 3020 4862 mss.
3065 4817 3125 4863 et
3164 4807 3618 4872 editis,'necnon
3664 4823 3724 4862 et

2151 4877 2300 4947 apud
2325 4875 2634 4947 Rabanum.

2224 4946 2336 5019 (52)
2368 4945 2627 5019 Inquitet
2655 4955 2731 5000 est
2759 4955 2879 5016 post
2908 4945 3142 5013 turbata,
3169 4949 3373 5019 desunt
3390 4948 3446 5002 in
3465 4951 3724 5019 plerisque

2150 5032 2286 5071 mss.
2316 5016 2366 5070 et
2399 5019 2450 5069 in
2478 5017 2670 5081 editis,
2716 5031 2924 5086 necnon
2973 5026 3030 5070 et
3081 5019 3233 5086 apud,
3277 5016 3580 5080 Rabauum,
3624 5016 3723 5070 sed

2152 5089 2519 5156 restituuntur
2547 5101 2610 5141 ex
2635 5102 2744 5156 (ms.
2779 5085 2952 5156 Regio
2987 5085 3136 5139 num.
3173 5085 3335 5140 1659.

2223 5155 2336 5226 (55)
2385 5157 2548 5220 Editi,
2593 5155 2699 5210 Hic
2749 5155 2888 5208 enini
2927 5171 3034 5210 non
3085 5157 3260 5210 solum
3301 5172 3509 5226 pacem,
3551 5172 3722 5210 rerum

2151 5226 2652 5295 tedificationem....
2665 5237 2855 5281 servat.

2222 5294 2336 5367 (54)
2371 5299 2538 5360 Editi,
2569 5298 2857 5365 sedi/icium
2893 5295 3008 5350 Dei.
3046 5296 3251 5351 Deinde
3299 5297 3464 5350 iidem
3498 5294 3614 5348 editi
3650 5308 3721 5347 ac

2153 5383 2287 5422 mss.
2317 5369 2561 5434 quidam,
2589 5380 2640 5421 ct
2675 5385 2769 5434 per
2795 5367 3260 5429 constructionem,
3292 5377 3400 5420 etv.
3434 5367 3536 5420 Sed
3573 5377 3724 5418 recte

2153 5454 2259 5492 ms.
2291 5437 2493 5494 Regius
2524 5453 2673 5494 num.
2709 5437 2854 5492 1659
2890 5446 2945 5490 et
2974 5437 3232 5490 Babanus
3258 5441 3517 5490 omittunt
3543 5447 3604 5487 et.

2223 5508 2336 5577 (55)
2366 5504 2529 5570 Editi,
2585 5507 3054 5576 offendiculum....
3079 5508 3252 5576 frater
3285 5518 3407 5560 ttttts
3453 5504 3713 5558 scandali-

2154 5589 2327 5631 zatur.
2360 5579 2465 5631 Sed
2498 5592 2688 5632 omnes
2715 5593 2847 5632 mss.
2893 5586 2946 5630 et
2977 5578 3237 5632 Rabanus
3272 5578 3360 5631 hic
3399 5587 3452 5631 et
3493 5577 3618 5629 intra
3653 5583 3718 5625 ut

2154 5649 2208 5701 in
2245 5657 2431 5699 nostro
2460 5656 2629 5701 textu.

2225 5717 2339 5786 (56)
2380 5717 2544 5782 Etliti,
2569 5728 2615 5769 et
2641 5719 2894 5772 rationem
2919 5727 3395 5790 creaturtncrtncta
3417 5731 3528 5786 qum
3552 5730 3579 5764 a
3597 5710 3720 5790 .Deo

2154 5788 2300 5857 facta
2345 5797 2492 5847 sum.
2533 5790 2710 5840 omnia
2742 5793 2938 5843 munda
2987 5799 3133 5853 sunt,
3169 5788 3444 5853 liabanus,
3480 5788 3643 5839 omnia
3682 5800 3717 5833 α

2156 5858 2263 5912 Deo
2298 5857 2492 5912 munda
2520 5869 2637 5912 sunt
