3796 6552
124 364 242 424 1253

1047 363 1402 422 COMMENT.
1439 363 1504 418 IN
1545 363 1766 424 EPIST.
1798 366 1892 421 AD
1922 365 2090 426 ROM.
2125 368 2253 424 LIB.
2295 368 2364 426 Χ.

3207 385 3347 444 1254

121 495 281 545 alente
303 485 389 540 his
417 482 561 541 cibis
593 483 708 555 (57)
733 484 788 539 in
821 482 1019 554 quibus
1041 486 1132 541 ille
1160 487 1480 542 scandalum
1513 487 1661 555 pati-
1697 489 1744 545 Α
1773 489 2065 556 quentibus
2095 489 2292 558 posuit,
2322 489 2378 540 in
2401 504 2504 556 quo
2535 489 2700 558 frater
2725 493 3032 562 offenditur,
3060 511 3167 554 non
3191 515 3352 556 man-

121 589 208 634 tur.
231 577 338 632 Alia
368 593 503 634 vero
535 593 700 633 causa
725 587 809 632 est
834 592 942 645 qna
976 595 1269 634 commune
1300 581 1386 635 vel
1417 581 1658 635 immun-

118 673 221 728 dum
253 667 489 724 edicitur
521 670 668 739 quod
702 681 897 724 natura
933 670 1019 724 sui
1047 671 1383 726 immundum
1413 685 1520 726 non
1552 681 1662 738 est,

116 765 154 817 si
173 762 432 818 existimet
455 762 612 830 quis,
644 771 700 816 et
735 762 876 831 apud
913 776 973 816 se
1002 763 1076 816 ita
1104 763 1304 818 habeat
1328 764 1473 833 quod
1505 778 1660 820 com-

117 869 256 909 mune
287 853 378 908 sit.
424 852 508 907 llli
552 867 682 922 ergo
725 852 826 924 ipsi
873 856 1248 910 tantummodo
1293 857 1386 926 qui
1436 855 1540 913 hoc
1584 857 1661 912 ita

115 945 390 1009 existimat,
428 959 722 1000 commune
765 944 996 1000 elﬁcitur
1042 945 1125 998 vel
1174 946 1537 1002 immundum.
1577 949 1658 1004 Ex

111 1039 283 1108 quibus
300 1036 582 1091 evidenter
605 1035 716 1107 (58)
738 1035 1028 1104 Apostolus
1055 1037 1252 1092 edocet
1271 1054 1377 1094 non
1399 1040 1454 1094 in
1495 1043 1659 1099 rebus

109 1129 176 1184 vel
202 1129 249 1182 in
282 1125 607 1182 substantiis
628 1169 642 1190 ,
673 1127 767 1182 sed
799 1129 852 1181 in
889 1128 1106 1183 actibus
1134 1138 1191 1183 et
1234 1131 1658 1199 cogitationibus

109 1219 264 1272 minus
280 1216 446 1272 rectis
469 1216 869 1271 immunditiam
893 1218 1358 1290 pollutionemque
1380 1225 1656 1282 consiste-

106 1322 185 1370 re;
204 1306 444 1376 quamvis
463 1304 630 1376 Moysi
647 1303 732 1358 lex
747 1305 790 1336 "
811 1307 1056 1375 quaedam
1085 1310 1304 1374 munda,
1324 1321 1378 1365 et
1401 1315 1653 1379 quaedam

105 1399 355 1454 immunda
385 1397 688 1467 signaverit
720 1397 812 1452 :iu
845 1399 1041 1466 quibus
1074 1401 1462 1461 distinctiones
1489 1422 1657 1476 quas-

103 1494 208 1546 dam
237 1504 438 1560 ponere
471 1491 664 1554 voluit,
690 1499 748 1544 ut
778 1490 1011 1561 populus
1039 1494 1132 1562 qui
1155 1496 1258 1550 sub
1311 1495 1428 1568 lege
1461 1513 1654 1555 cense-

104 1585 260 1648 batur,
281 1583 517 1638 discerni
533 1596 630 1652 per
650 1580 954 1650 huiusmodi
973 1584 1356 1643 observantius
1380 1603 1409 1643 a
1439 1592 1654 1646 caeteris

100 1676 644 1747 gentibusviderelur.
679 1678 744 1733 Et
765 1680 1006 1749 quandiu
1033 1678 1255 1750 quidem
1295 1681 1527 1752 populus
1559 1683 1651 1738 ille

101 1778 299 1823 sanctus
310 1777 365 1823 et
381 1779 716 1838 segregatus
734 1785 762 1824 a
777 1773 990 1827 caeteris
1003 1773 1315 1828 nationibus
1331 1774 1650 1838 habebatur,

99 1861 238 1912 etiam
255 1859 519 1914 discretio
533 1861 598 1915 de
617 1861 835 1917 mundis
850 1873 905 1918 et
923 1863 1218 1920 immundis
1243 1849 1464 1922 ttecessa
1475 1869 1550 1922 ria
1577 1869 1650 1923 vi-

99 1952 269 2004 debatu
279 1967 322 2013 r,
349 1951 521 2022 669
541 1965 660 2018 quae
681 1963 993 2023 segregaret
1013 1965 1067 2009 et
1095 1969 1406 2014 secerneret
1439 1959 1648 2029 specia-

99 2043 185 2097 lem
235 2045 494 2114 populum
562 2044 657 2100 Dei
709 2061 739 2101 a
790 2046 1097 2102 nationibus
1149 2065 1288 2119 quas
1344 2051 1646 2121 ignorantia

99 2130 172 2185 Dei
200 2141 251 2185 et
277 2133 547 2188 idolorum
578 2135 756 2190 cultus
785 2134 1017 2191 faciebat
1041 2136 1344 2195 immundas
1369 2157 1382 2192 :
1410 2143 1499 2195 ubi
1519 2158 1648 2197 vero

91 2220 234 2289 janua
265 2223 390 2279 ﬁdei
437 2225 691 2292 gentibus
725 2227 989 2296 aperitur,
1020 2236 1074 2281 et
1107 2228 1406 2284 invitantur
1452 2247 1645 2287 omnes

93 2313 356 2383 adDeum,
410 2321 774 2374 ostenduntur
807 2319 968 2377 Petro
1017 2323 1197 2376 omnia
1249 2324 1639 2392 quadrupedia,

93 2415 135 2460 et
157 2409 416 2478 repentia,
450 2418 506 2465 et
537 2411 771 2467 volatilia
802 2413 1046 2483 exposita
1079 2414 1130 2468 in
1161 2413 1330 2469 linteo
1357 2417 1500 2483 quod
1532 2421 1643 2473 cce-

92 2493 196 2549 litus
238 2495 416 2552 fuerat
445 2499 757 2564 deductum,
779 2511 837 2556 et
862 2502 1061 2557 dicitur
1093 2502 1144 2557 ei
1176 2518 1190 2552 :
1228 2501 1420 2571 Surge,
1455 2501 1636 2571 Petre,

90 2588 241 2642 occide
285 2600 334 2643 et
383 2593 649 2646 manduca
680 2592 747 2649 ³⁸.
794 2592 1038 2662 Cumque
1064 2593 1254 2664 legalis
1279 2593 1641 2652 observantia:

91 2695 271 2736 memor
295 2684 675 2753 respondisset
706 2687 772 2739 ad
805 2687 1090 2741 Dominum
1123 2697 1178 2741 et
1201 2687 1430 2743 dixisset
1457 2705 1472 2742 :
1528 2688 1637 2742 Ab-

87 2773 158 2834 sit,
191 2771 434 2840 Domine,
455 2777 581 2844 quia
603 2794 869 2846 nunquam
892 2794 1164 2832 commune
1190 2790 1278 2832 aut
1309 2780 1637 2835 immundum

86 2861 289 2918 introivit
315 2867 373 2919 in
428 2883 486 2920 os
527 2884 725 2932 meum,
778 2870 988 2924 caelesti
1021 2870 1286 2924 sententia
1315 2871 1634 2939 pronuntia-

85 2963 157 3007 tur
183 2971 196 3007 :
229 2957 382 3022 Quod
414 2959 555 3014 Deus
587 2962 882 3024 mandavit,
914 2973 970 3014 tu
1000 2977 1273 3016 commune
1309 2978 1373 3016 ne
1412 2963 1634 3017 dixeris.

86 3041 168 3099 Ubi
195 3063 320 3118 ergo
342 3064 539 3104 omnes
572 3063 760 3120 gentes
792 3069 886 3122 per
917 3053 1244 3122 agnitionem
1283 3053 1405 3108 ﬁdei
1438 3067 1469 3106 a
1499 3068 1628 3110 con-

85 3135 423 3191 taminatione
465 3141 820 3204 mundantur,
858 3142 927 3195 ibi
958 3151 1012 3195 et
1038 3143 1218 3197 omnis
1266 3141 1420 3197 cibus
1467 3146 1634 3198 verbo
1661 3169 1704 3228 α

1768 579 1972 634 ducare
1993 594 2214 633 carnem
2248 588 2304 633 et
2337 592 2443 633 non
2475 579 2666 634 bibere
2693 582 2904 648 vinum,
2933 600 3040 640 non
3081 585 3196 656 jam
3232 605 3350 646 nte-

1766 670 1912 725 dium
1947 679 2042 725 aut
2078 667 2416 736 indifferens,
2455 671 2552 727 sed
2581 686 2709 726 vere
2738 675 2939 730 bonum
2987 687 3088 732 est.
3139 681 3346 738 Bonum

1763 768 1852 815 est
1885 758 1997 831 (60)
2044 761 2189 815 enim
2224 775 2335 814 non
2389 775 2592 830 ponere
2638 761 2990 820 oliensionem
3051 769 3204 825 fratri
3259 774 3347 829 vel

1761 851 2104 906 scandalum.
2131 851 2364 922 Propter
2396 853 2499 908 hoc
2523 855 2669 910 enim
2697 865 2752 911 et
2781 857 2835 912 in
2876 858 2999 916 aliis
3027 860 3190 918 dicit:
3221 863 3348 920 Sine

1761 945 2055 1013 o/I'ensione
2092 956 2256 1001 estote
2297 955 2348 1001 et
2384 947 2592 1002 Judazis
2632 956 2684 1002 et
2729 949 2957 1018 Graecis,
2998 962 3047 1007 et
3092 953 3348 1012 Ecclesia:

1759 1034 1859 1090 Dei
1886 1036 1953 1090 ”.
1993 1037 2062 1091 Et
2087 1037 2208 1092 ideo
2234 1038 2458 1092 videant
2487 1037 2532 1092 si
2561 1049 2712 1095 recte
2743 1040 2951 1097 faciunt
2987 1044 3042 1100 bi
3089 1045 3180 1113 qui
3212 1062 3346 1116 qua-

1759 1123 1895 1180 libet
1931 1141 1998 1180 ex
2046 1142 2206 1182 causa
2237 1131 2586 1183 continentes
2618 1143 2647 1182 a
2681 1131 2938 1187 carnibus
2975 1141 3031 1188 et
3064 1135 3213 1200 vino,
3253 1151 3346 1191 co-

1759 1227 1893 1288 gunt
1913 1219 2244 1276 omnimodis
2267 1220 2580 1290 degustare,
2607 1236 2714 1290 quo
2742 1221 2958 1278 scilicet
2976 1239 3074 1294 per
3102 1226 3208 1281 hoc
3227 1227 3344 1296 (6i)

1758 1308 1828 1362 ab
1857 1310 1939 1364 eis
1970 1311 2221 1365 videatur
2245 1311 2448 1367 auferri
2491 1313 2756 1382 suspicio,
2805 1329 2911 1384 qua
2960 1316 3345 1384 superstitiose

1757 1409 2021 1470 putantur
2057 1401 2303 1458 ciborum
2347 1405 2772 1462 discretionibus
2815 1408 3104 1462 inhaerere.
3145 1407 3342 1464 Consi-

1757 1491 1951 1546 derent
1979 1508 2211 1564 namque
2235 1496 2553 1564 Apostolunt
2597 1511 2701 1552 non
2734 1497 2940 1553 dixisse
2971 1515 2986 1552 :
3017 1497 3227 1554 Bonum
3260 1510 3340 1554 est

1755 1584 2090 1638 manducare
2137 1593 2192 1639 et
2224 1585 2415 1641 bibere
2442 1587 2666 1653 vinum;
2717 1589 2836 1653 sed,
2865 1605 2969 1642 non
3009 1590 3338 1646 manducare

1755 1691 1986 1741 carnem,
2017 1684 2067 1730 et
2107 1693 2208 1730 non
2234 1676 2406 1732 bibere
2440 1679 2637 1743 uinum,
2670 1679 2714 1736 si
2751 1679 2806 1734 in
2836 1694 2902 1734 eo
2937 1679 3108 1736 frater
3155 1679 3334 1736 ol'l‘en-

1755 1767 1919 1822 ditur.
1955 1767 2136 1821 Noluit
2167 1783 2300 1839 ergo
2333 1777 2392 1822 ut
2419 1785 2517 1838 pro
2545 1771 2631 1824 his
2659 1770 2752 1839 qui
2786 1771 3334 1839 manducandumju-

1753 1857 1958 1920 dicant.
1991 1868 2220 1929 cogatur
2251 1859 2340 1914 ille
2369 1862 2437 1914 ad
2484 1859 2921 1916 manducandum
2971 1863 3065 1932 qui
3119 1864 3174 1918 in
3227 1865 3334 1919 hoc

1749 1949 2039 2005 offenditur
2065 1968 2080 2014 ;
2111 1953 2208 2006 sed
2237 1966 2337 2022 pro
2369 1951 2460 2007 illo
2491 1954 2583 2022 qui
2635 1970 2741 2010 non
2778 1963 2934 2022 putat
2983 1957 3327 2011 manducan-

1749 2042 1899 2104 dum,
1923 2042 2198 2095 abstinere
2229 2043 2473 2112 praecipit
2495 2044 2658 2098 etiam
2683 2045 2769 2100 bis
2789 2046 2876 2114 qui
2903 2045 3148 2113 iudicant
3175 2061 3330 2100 man-

1747 2129 2072 2182 ducandum.
2101 2127 2408 2184 Verendum
2447 2145 2680 2200 namque
2699 2143 2784 2187 est
2815 2148 2883 2187 ne
2918 2132 3056 2186 forte
3088 2134 3324 2202 abrupto

1745 2223 1911 2273 semel
1943 2234 2097 2273 muro
2121 2220 2488 2286 continentiae,
2519 2230 2572 2276 et
2604 2232 2831 2293 accepta
2861 2224 3104 2288 licentia,
3135 2225 3187 2278 in
3221 2241 3324 2296 gu-

1745 2310 1811 2364 la:
1842 2310 2129 2378 procellam
2165 2324 2231 2364 ac
2270 2312 2596 2380 profundum
2650 2313 2880 2369 luxuria;
2923 2315 3228 2378 decidatur,
3268 2323 3327 2370 et.

1744 2403 1950 2470 pariter
2001 2402 2404 2472 subsequantur
2444 2403 2727 2474 naufragia
2780 2406 3068 2460 castitatis.
3125 2404 3319 2461 Omnia

1744 2494 1908 2564 igitur
1942 2495 2058 2550 ﬁeri
2094 2505 2308 2564 oportet
2345 2495 2413 2549 ob
2443 2495 2548 2551 hoc
2570 2511 2637 2550 ne
2669 2499 2984 2556 destruatur
3013 2512 3148 2567 opus
3178 2497 3273 2552 Dei
3309 2519 3320 2552 :

1741 2594 1791 2638 et
1817 2585 1936 2637 ideo
1964 2595 2019 2638 et
2059 2585 2496 2640 manducandum
2536 2577 2651 2656 (62)
2680 2596 2786 2650 est,
2833 2587 2877 2641 si
2924 2587 2976 2639 itt
3013 2586 3114 2640 hoc
3153 2589 3324 2641 frater

1739 2675 2070 2740 aediﬁcatur;
2108 2685 2162 2729 et
2208 2690 2315 2730 non
2362 2685 2448 2731 est
2477 2676 2936 2741 manducandum,
2984 2678 3028 2730 si
3073 2693 3170 2744 per
3221 2682 3322 2733 hoc

1739 2779 1846 2818 non
1874 2769 2072 2819 crescit
2107 2781 2242 2836 opus
2273 2768 2368 2822 Dei
2400 2785 2416 2834 ;
2451 2776 2507 2821 et
2538 2767 2824 2822 bibendum
2858 2778 2960 2831 est,
3007 2769 3053 2823 si
3089 2785 3183 2838 per
3215 2772 3320 2824 hoc

1738 2858 1953 2926 proﬁcit
2001 2859 2171 2913 l’rater
2229 2861 2298 2916 ad
2353 2862 2554 2927 ﬁdem;
2604 2872 2657 2916 et
2705 2878 2810 2916 non
2863 2874 2947 2918 est
3003 2865 3315 2930 bibendum,

1738 2950 1784 3003 si
1810 2964 1905 3016 per
1937 2950 2038 3004 hoc
2075 2950 2243 3006 frater
2265 2953 2517 3008 damnum
2543 2953 2694 3020 ﬁdei,
2721 2963 2815 3008 aut
2847 2965 2902 3009 tu
2925 2956 3317 3012 detrimentum

1735 3042 2027 3097 cbaritatis
2048 3043 2319 3100 incurras.

1805 3132 1860 3187 4.
1893 3131 2019 3187 Post
2055 3137 2165 3188 haec
2190 3137 2361 3190 dicit:
2401 3136 2478 3190 Tu
2507 3138 2664 3205 ﬁdem
2689 3155 2844 3206 quant
2876 3140 3033 3193 habes
3071 3141 3212 3209 apud
3239 3149 3318 3196 te-

83 3222 269 3280 Domini
303 3237 360 3281 ει
389 3230 640 3284 oratione
669 3243 932 3301 purgatur
961 3249 976 3286 ε
1008 3243 1064 3287 ει
1096 3234 1166 3288 οι)
1210 3233 1313 3289 hoc
1343 3234 1635 3302 Apostolus
1669 3222 1704 3228 ’
1738 3225 2034 3294 metipsum,
2073 3227 2202 3280 habe
2228 3244 2405 3281 coram
2439 3229 2544 3282 Deo
2563 3231 2629 3282 ⁵⁸.
2667 3231 2852 3286 Fidem
2887 3233 2974 3286 hic
3005 3232 3151 3286 illam
3181 3234 3315 3289 dicit

81 3316 190 3370 dicit
219 3320 347 3387 quia
391 3321 574 3372 omnia
610 3323 804 3375 ntunda
831 3332 978 3388 sunt,
1010 3332 1218 3379 tantum
1250 3333 1307 3379 ut
1334 3325 1464 3379 illud
1503 3327 1636 3380 vite-

78 3415 151 3461 tur
182 3411 322 3480 quod
363 3413 421 3465 in
452 3414 804 3480 sequentibus
839 3414 1012 3484 ponit,
1057 3431 1125 3470 ne
1157 3431 1256 3486 per
1279 3417 1633 3472 oll'ensionem

77 3496 236 3554 fratris
258 3503 610 3557 manducanti
642 3521 855 3558 rursum
877 3508 1008 3560 tiant
1031 3507 1305 3563 immunda
1331 3525 1452 3579 quae
1479 3526 1635 3564 mun-

75 3587 127 3642 da
152 3603 289 3646 sunt.
320 3593 450 3648 1am
501 3612 631 3650 vero
673 3597 812 3667 quod
854 3599 1148 3669 subiungit,
1180 3599 1388 3654 Bonum
1419 3612 1494 3656 est
1529 3618 1634 3656 non

76 3683 374 3739 manducare
421 3703 658 3750 carnem,
688 3699 737 3741 et
777 3706 880 3742 non
907 3689 1079 3743 bibere
1103 3692 1302 3757 uinum,
1337 3693 1440 3747 nisi
1475 3695 1631 3748 addi-

75 3773 241 3842 disset,
275 3795 446 3848 neque
473 3780 529 3833 in
557 3796 657 3849 quo
691 3781 860 3848 frater
888 3792 1006 3835 tuus
1049 3784 1359 3852 o/fenditur,
1410 3796 1630 3841 contra-

75 3866 190 3922 rium
222 3869 475 3928 fortassis
517 3873 792 3941 prioribus
815 3874 1108 3931 videretur.
1138 3876 1467 3931 Manducare
1485 3877 1629 3932 enim

73 3970 272 4014 carnem
321 3969 379 4017 et
430 3977 542 4016 non
575 3965 923 4029 manducare,
975 3965 1056 4020 vel
1090 3965 1279 4020 bibere
1309 3966 1494 4020 vinum
1534 3973 1632 4021 aut

74 4062 161 4103 non
200 4051 410 4119 bibere,
442 4068 622 4122 neque
646 4053 867 4119 malum,
905 4069 1080 4124 neque
1109 4057 1332 4122 bonum,
1380 4059 1473 4111 sed
1517 4072 1630 4110 me-

72 4138 192 4193 diuin
218 4141 415 4198 haberi
443 4144 632 4198 docuit
670 4153 726 4199 et
765 4144 1096 4200 indifferens.
1121 4143 1308 4200 Potest
1344 4146 1487 4200 enim
1519 4162 1626 4201 non

72 4232 379 4290 manducare
419 4249 644 4289 carnem
666 4245 722 4290 et
751 4250 856 4289 non
885 4235 1072 4290 bibere
1097 4237 1284 4291 vinum
1315 4235 1480 4292 etiam
1506 4253 1617 4290 ma.

68 4323 134 4378 lus
162 4327 318 4383 homo
344 4337 406 4384 et
440 4343 474 4383 a
503 4328 610 4382 ﬁde
642 4327 872 4393 alienus,
900 4335 960 4383 ut
984 4343 1126 4398 stepc
1151 4329 1315 4383 etiam
1341 4328 1626 4383 nonnullos

67 4415 309 4474 idolorum
353 4435 529 4476 causa
585 4419 765 4478 facere
819 4420 920 4476 hoc
954 4431 1164 4476 certum
1211 4430 1316 4476 est.
1352 4421 1621 4476 Interdum

1737 3330 1842 3384 qua
1875 3319 2051 3372 credit
2080 3321 2202 3386 quis
2233 3321 2565 3376 manducare
2594 3323 2800 3383 omnia.
2834 3325 2972 3377 sicut
3015 3340 3174 3393 supra
3225 3326 3312 3380 di-

1737 3409 1816 3462 xit
1841 3427 1855 3464 :
1891 3411 2038 3464 Alius
2067 3413 2229 3465 credit
2256 3415 2574 3468 manducare
2601 3418 2775 3468 omnia
2802 3417 2870 3481 “,
2895 3417 2983 3471 ille
3005 3419 3121 3473 sine
3149 3419 3314 3474 dubio

1735 3499 1830 3568 qui
1879 3503 2050 3555 credit
2098 3505 2243 3572 quod
2294 3505 2429 3556 nihil
2470 3506 2522 3557 in
2557 3507 2824 3560 creaturis
2875 3507 2968 3562 Dei
3001 3524 3310 3577 commune,

1736 3592 1871 3645 nihil
1924 3592 2266 3647 immttudum
2315 3596 2405 3652 sit.
2458 3596 2563 3650 Sed
2601 3598 2713 3669 (63)
2744 3597 2937 3654 sufficit
2966 3599 3084 3666 tibi,
3115 3602 3309 3671 inquit,

1733 3680 1934 3736 habere
1987 3697 2171 3736 coram
2225 3684 2334 3738 Deo
2390 3687 2696 3753 hujusmodi
2741 3689 2897 3742 ﬁdem
2926 3728 2941 3754 ,
2978 3705 3085 3744 non
3127 3700 3310 3746 tamen

1732 3773 1941 3829 idcirco
1967 3775 2242 3842 cogendus
2267 3786 2350 3830 est
2369 3787 2425 3832 et
2447 3778 2562 3846 (64)
2586 3779 2727 3834 alius
2752 3791 2810 3833 ut
2845 3782 3028 3835 omnia
3068 3783 3308 3836 mandu-

1730 3872 1838 3928 cet,
1871 3865 1963 3934 qui
1996 3865 2232 3918 nondum
2261 3867 2425 3922 habet
2449 3869 2609 3922 talem
2642 3870 2800 3924 ﬁdem
2823 3882 2886 3926 ut
2913 3874 3305 3929 credatomuia

1729 3970 1852 4012 esse
1887 3955 2287 4013 manducanda.
2319 3955 2472 4024 Quod
2507 3968 2686 4016 autem
2740 3961 2897 4026 dixit,
2952 3964 3111 4016 habes
3161 3965 3304 4032 apud

1729 4050 2079 4119 temetipsum,
2103 4050 2427 4121 iactantiam
2461 4063 2694 4119 resecat,
2731 4069 2798 4110 ne
2831 4055 3004 4124 magis
3039 4056 3092 4110 in
3123 4064 3309 4112 osten-

1729 4141 1934 4196 tatione
1959 4142 2032 4196 sit
2059 4143 2202 4212 quod
2235 4144 2530 4208 credimus,
2553 4159 2716 4213 quam
2751 4145 2803 4199 in
2828 4147 3050 4201 virtute.
3079 4147 3306 4204 Addidit

1728 4243 1911 4288 autem
1940 4233 2055 4305 (65)
2083 4273 2098 4299 ,
2141 4236 2272 4290 habe
2290 4251 2472 4290 coram
2492 4235 2624 4302 Deo,
2651 4246 2718 4300 ut
2749 4237 2970 4293 doceret
2997 4239 3304 4308 satisagen-

1728 4325 1854 4379 dum
1890 4326 2070 4392 nobis,
2103 4341 2207 4382 non
2235 4337 2293 4381 ut
2319 4332 2462 4396 apud
2498 4329 2745 4384 homines
2793 4329 2926 4384 ﬁdes
2975 4339 3163 4384 nostra
3190 4331 3301 4385 dif-

1727 4415 1986 4485 fametur,
2017 4419 2111 4473 sed
2146 4429 2206 4473 ut
2233 4419 2372 4488 apud
2408 4419 2575 4474 Deum
2609 4421 2890 4490 probetur.
2947 4421 3169 4477 Multum
3214 4433 3304 4479 est

65 4508 205 4564 etiam
237 4511 517 4566 malarum
543 4513 745 4567 artium
775 4512 950 4566 l'ertur
981 4512 1104 4568 talis
1136 4512 1326 4568 haberi
1359 4515 1619 4568 observa-
1651 4515 1697 4570 D
1725 4517 1906 4564 autem
1929 4523 2112 4564 coram
2141 4508 2250 4564 Deo
2276 4510 2478 4566 habere
2525 4511 2861 4580 probabilem
2907 4514 3093 4569 ﬁdem.
3144 4513 3302 4582 Apud

66 4603 147 4659 tio.
185 4605 582 4661 Haereticorum
628 4614 778 4659 certe
825 4618 930 4659 non
969 4603 1156 4674 paucis
1188 4604 1480 4659 observare
1506 4603 1622 4658 haec

67 4695 212 4750 moris
248 4705 334 4750 est
383 4694 544 4767 (59);
577 4679 634 4749 et
669 4703 848 4749 tamen
897 4710 1004 4750 non
1050 4694 1306 4749 continuo
1351 4693 1617 4749 dicimus:

62 4780 241 4838 Bonum
276 4795 365 4840 est
385 4785 472 4839 eis
494 4783 622 4852 quia
651 4797 762 4837 non
799 4783 1132 4836 manducant
1163 4795 1410 4845 carnem,
1442 4794 1620 4848 neque

61 4871 233 4930 bibunt
261 4878 480 4931 vinum.
530 4872 640 4930 Sed
671 4873 762 4928 illo
803 4873 962 4942 plane
999 4874 1159 4928 modo
1197 4887 1306 4941 quo
1346 4872 1400 4926 in
1429 4886 1620 4926 conse-

1731 4600 1900 4655 Deum
1931 4599 2078 4654 enim
2120 4601 2286 4655 etiam
2316 4602 2686 4670 apostolorum
2719 4603 2850 4658 ﬁdes
2875 4619 3044 4673 parva
3073 4603 3184 4675 (66)
3211 4604 3303 4672 ju-

1727 4690 1977 4756 dicatur,
2024 4691 2169 4746 unde
2216 4692 2412 4747 dicitur
2467 4693 2534 4748 ad
2577 4691 2837 4748 Petrum:
2885 4692 3113 4750 Modica:
3147 4693 3299 4763 ﬁdei,

1723 4797 1889 4850 quare
1909 4780 2170 4835 dubitasti
2191 4781 2236 4814 δ’
2254 4781 2278 4836 ?
2295 4780 2499 4838 Idcirco
2526 4796 2656 4850 ergo
2685 4797 2814 4838 vere
2841 4797 3070 4852 magnus
3098 4783 3301 4852 estqui

1725 4887 1912 4928 coram
1943 4871 2052 4926 Deo
2077 4873 2240 4928 habet
2263 4873 2595 4943 probabilem
2620 4873 2801 4929 ﬁdem.

114 4997 154 5029 ³⁷
189 4997 368 5054 Levit.
404 5013 489 5062 ιι,
524 4994 698 5065 Bseq.
759 4995 946 5049 “Act.
983 5009 1042 5051 x.
1068 4992 1262 5048 13—15.
1339 4993 1381 5025 ”
1408 4992 1425 5045 l
1454 4991 1582 5046 Cor.
1612 5007 1635 5046 ι

1749 4991 1796 5047 2.
1869 4992 1916 5024 ⁴⁰
1951 4991 2109 5046 Rom.
2138 4992 2344 5058 xuvﬁﬂ.
2420 4993 2462 5024 δ’
2497 4992 2623 5047 ibid.
2652 4989 2707 5045 2.
2783 4991 2830 5022 δ’
2852 4989 3038 5046 Matth.
3067 5007 3176 5058 xw,
3202 4991 3294 5050 51.

117 5110 222 5181 (57)
251 5111 427 5175 Editi,
467 5123 631 5181 super
657 5117 705 5161 te
734 5115 908 5181 utente
935 5107 1018 5161 his
1051 5106 1205 5172 cibis,
1243 5115 1351 5159 etc.
1383 5101 1611 5170 Deinde,

56 5177 138 5247 qua
177 5177 459 5236 commune
481 5190 531 5231 et
557 5177 900 5232 immundum.

115 5250 216 5319 (58)
248 5252 422 5314 Editi,
455 5248 670 5319 qui_ltoc
700 5247 967 5301 existimat
993 5247 1068 5300 ita
1091 5260 1377 5319 commune
1397 5246 1614 5315 efﬁcitur

57 5329 96 5371 et
123 5314 486 5374 immundum.
535 5317 738 5382 Quibus
777 5319 1060 5385 euidenter,
1112 5323 1219 5370 etc.
1270 5314 1378 5369 Sed
1422 5314 1616 5370 Omnes

55 5404 165 5444 mss.
195 5403 248 5444 et
283 5391 556 5444 Rabanus
588 5397 645 5442 ut
682 5388 736 5441 in
772 5397 944 5440 textu.

114 5461 213 5531 (59)
245 5461 419 5526 Editi,
448 5461 548 5531 hoc
585 5469 781 5531 certum
811 5465 930 5510 est:
961 5455 1222 5531 interdum
1256 5455 1414 5531 etiam
1440 5452 1614 5531 mala-

55 5525 150 5583 rum
175 5525 396 5586 artium.
422 5601 426 5603 ἓ
456 5526 656 5581 Fertur
684 5529 821 5604 talis
858 5542 1060 5604 quoque
1099 5525 1280 5604 haberi
1321 5525 1611 5604 obseruatio

56 5601 426 5664 htrreticorum,
457 5606 510 5652 et
543 5615 644 5652 non
669 5598 852 5674 paucis
875 5597 1146 5674 obseruare
1176 5600 1287 5674 {uec
1314 5597 1476 5674 moris
1508 5603 1608 5674 est,

54 5681 139 5724 etc.
175 5670 276 5727 Sed
325 5683 529 5724 omnes
578 5682 704 5722 mss.
739 5677 792 5720 et
817 5665 1072 5719 ltabanus
1096 5673 1155 5718 ut
1182 5665 1236 5718 in
1283 5672 1429 5718 textu
1462 5680 1476 5715 :
1512 5665 1604 5730 qui

54 5753 218 5813 omnes
258 5740 597 5813 paulopost_
626 5737 850 5797 habent,
887 5746 934 5787 et
977 5751 1088 5813 non.
1109 5735 1357 5813 continuo
1385 5733 1607 5813 dicimus

57 5809 151 5875 (aL,
193 5804 694 5866 dicemusl’nmisso
723 5816 915 5868 tamen.
947 5805 1090 5862 quod
1130 5805 1421 5860 ortcl‘erunt
1453 5804 1606 5858 editi.

1791 5102 1904 5174 (60)
1929 5102 2336 5158 Est.0mittitur
2361 5103 2415 5158 in
2441 5104 2620 5158 editis.

1791 5173 1904 5244 (61)
1943 5174 2105 5238 Editi,
2151 5175 2447 5228 omnimode
2481 5175 2793 5243 degustare,
2825 5189 2928 5244 quo
2955 5175 3155 5231 scilicet
3200 5193 3297 5247 per

1720 5242 2102 5384 ὴωῶᾗιὲόίιί,
2140 5313 2298 5384 etiam
2323 5313 2750 5384 manducandum
2792 5324 2889 5379 est,
2923 5324 3032 5370 etc.
3087 5315 3295 5373 Deinde

1718 5383 1822 5437 ms.
1859 5383 2058 5451 Regius
2090 5399 2237 5434 nttm.
2276 5383 2435 5442 1659,
2467 5394 2556 5442 aut
2595 5386 2969 5436 detrimentum
3014 5386 3291 5440 cltaritatis

1717 5450 1976 5506 incurrat.
2028 5450 2135 5506 Sed
2162 5452 2344 5506 caeteri
2386 5468 2541 5520 mss.,
2571 5451 2850 5517 Rabanus,
2882 5464 2936 5508 et
2969 5457 3102 5511 editi
3144 5465 3204 5509 ut
3235 5458 3290 5511 in

1721 5533 1909 5577 DOSH'O
1940 5531 2112 5575 textu.
2939 5575 2942 5578 .

1789 5592 1901 5666 (65)
1919 5589 2020 5666 Sed
2035 5591 2302 5666 omittitur
2315 5591 2367 5666 in
2382 5589 2818 5666 editis.Rabanus
2831 5593 3054 5650 habetet
3067 5609 3163 5666 pro
3174 5595 3286 5650 sed.

1787 5662 1896 5733 (64)
1928 5663 2083 5714 Deest
2109 5662 2245 5733 et_in
2269 5662 2448 5733 editis.

1787 5731 1901 5800 (65)
1926 5733 2131 5800 dutem.
2168 5731 2672 5786 Praeterinittiturin
2703 5745 2862 5792 antea
2890 5733 3072 5792 editis.

1793 5799 1904 5873 (66)
1935 5799 2132 5856 Parua.
2163 5801 2510 5859 Omittiturin
2538 5802 2718 5860 editis.
