3812 6540
471 348 610 404 1255

1907 349 2227 408 ORlGENlS

3567 365 3685 420 1256

538 465 591 519 5.
629 462 824 518 Beatus
853 465 942 534 qui
977 481 1092 519 .non
1119 465 1331 536 judical
1364 468 1697 539 semetipsum
1720 472 1774 525 in
1805 487 1865 524 eo
1897 474 2036 540 quod
2069 480 2111 532 Α
2143 472 2257 526 sive
2289 470 2502 526 locutus
2535 470 2724 541 fueris,
2767 474 2882 528 sive
2907 474 3073 528 etiam
3106 476 3448 546 cogitaveris,
3490 493 3685 547 peccas.

465 558 672 624 probat.
703 557 808 623 Qui
855 566 1031 612 autem
1065 559 1345 623 discernit,
1393 562 1439 613 si
1481 562 1897 628 manducauerit,
1939 566 2035 620 da-

463 663 675 704 mnatus
709 661 806 717 est,
837 652 960 720 quia
985 668 1087 705 non
1115 668 1180 706 e1:
1201 652 1326 718 ﬁde.
1361 651 1525 714 Omne
1552 665 1726 706 autem
1764 660 1902 725 quod
1932 673 2035 710 non

466 753 540 795 est
570 757 634 794 ea:
661 741 786 809 ﬁde,
809 751 1078 810 peccatum
1106 751 1183 796 est
1210 743 1256 774 ”
1282 742 1416 812 (67).
1464 742 1659 799 Beatus
1687 747 1808 814 quis
1837 747 2034 801 dicitur

464 849 573 888 non
612 833 784 887 solum
812 833 856 886 si
891 832 1054 886 faciat
1084 848 1145 886 ea
1171 849 1292 901 quae
1321 836 1596 903 competit,
1623 837 1716 890 sed
1765 847 1821 891 et
1844 839 1886 890 si
1926 854 2032 891 non

465 923 632 978 faciat
655 939 716 978 ea
754 940 872 992 quae
905 940 1008 977 non
1040 926 1298 993 competit
1326 942 1340 980 :
1389 934 1445 979 ut
1492 927 1583 978 ille
1625 927 1802 981 beatus
1836 929 2034 984 dicitur

462 1017 553 1085 qui
575 1032 678 1069 non
701 1015 830 1068 abiit
860 1017 914 1068 in
941 1015 1160 1069 consilio
1191 1017 1474 1085 impiorum
1500 1017 1567 1082 “,
1601 1027 1654 1073 et
1688 1019 1777 1074 ille
1831 1021 2030 1075 nihilo-

463 1107 642 1160 minus
668 1107 857 1161 beatus
901 1107 993 1175 qui
1029 1108 1271 1161 ambulat
1300 1109 1350 1161 in
1378 1108 1495 1176 lege
1529 1110 1736 1164 Domini
1769 1110 1834 1164 “.
1865 1113 2030 1184 670

459 1199 552 1253 llle
583 1213 734 1266 ergo,
784 1199 908 1266 quia
967 1213 1072 1252 non
1129 1198 1367 1252 ambulat
1411 1201 1464 1254 in
1515 1201 1602 1253 via
1639 1212 2026 1272 peccatorum;

457 1288 566 1350 hic,
593 1288 719 1355 quia
756 1288 998 1342 ambulat
1031 1289 1083 1342 in
1125 1289 1240 1359 lege
1279 1290 1517 1353 Domini.
1549 1294 1734 1346 beatus
1761 1304 1846 1348 est
1890 1296 2024 1366 (68).

455 1379 528 1434 lla
552 1389 606 1434 et
628 1380 681 1433 in
716 1381 967 1450 praesenti
1002 1381 1126 1435 loco
1147 1384 1434 1450 Apostolus
1454 1402 1466 1438 :
1486 1384 1701 1446 Beatus.
1722 1387 1914 1456 inquit,
1937 1391 2029 1459 qui

453 1488 556 1525 non
584 1473 796 1538 judicat
823 1473 1153 1538 semetipsum
1182 1475 1234 1527 in
1267 1493 1326 1528 eo
1349 1481 1486 1545 quod
1507 1481 1716 1544 probat.
1743 1479 1847 1535 Sed
1871 1483 2026 1551 cujus

452 1563 630 1630 operis
655 1563 725 1618 sit
759 1564 860 1618 ista
891 1565 1165 1619 beatitudo
1203 1567 1482 1624 videamus
1515 1569 1646 1640 (69).
1685 1571 1834 1626 Multi
1878 1575 2022 1629 enim

453 1666 579 1708 sunt
608 1656 700 1722 qui
733 1661 964 1724 probant
987 1657 1192 1726 aliquid
1235 1657 1357 1711 boni
1391 1659 1566 1714 lacere
1593 1701 1608 1724 ,
1644 1663 1793 1716 verbi
1828 1667 2021 1730 gratia,

451 1746 540 1815 qui
578 1747 862 1802 audientes
904 1748 968 1802 de
997 1749 1235 1817 praemiis
1262 1750 1534 1803 castitatis
1569 1753 1795 1820 probant
1827 1766 1881 1808 et
1913 1766 2023 1810 sta-

453 1845 610 1888 tuunt
639 1847 788 1892 caste
818 1840 1033 1904 vivere;
1068 1839 1160 1893 sed
1185 1855 1441 1908 processu
1478 1844 1757 1910 temporis,
1781 1845 1861 1900 vel
1893 1852 2021 1901 sub-

451 1927 681 1995 ripiente
708 1929 1052 1999 negligentia,
1093 1931 1177 1985 vel
1201 1941 1492 2000 superante
1529 1932 1772 2000 libidine,
1798 1936 1850 1989 id
1877 1940 2018 2006 quod

448 2019 844 2074 observandum
892 2021 1258 2090 probaverant
1294 2026 1596 2080 maculatur
1622 2039 1676 2081 et
1710 2030 2014 2097 corrumpi-

449 2105 583 2161 tur":
619 2123 672 2162 et
705 2120 787 2164 est
826 2112 1012 2166 infelix
1043 2113 1167 2176 iste,
1205 2117 1296 2182 qui
1334 2115 1386 2169 in
1422 2132 1487 2170 eo
1529 2118 1670 2186 quod
1721 2121 2017 2175 observare

447 2200 759 2254 decreverat
783 2204 976 2268 victus,
1004 2207 1353 2273 semetipsum
1371 2207 1579 2274 judicat
1603 2219 1655 2260 et
1672 2210 2016 2265 condemnat.

449 2290 650 2346 Beatus
677 2307 805 2346 vero
838 2295 928 2348 ille
957 2306 1058 2355 est.
1089 2298 1178 2364 qui
1220 2299 1271 2350 in
1306 2313 1371 2351 eo
1406 2299 1547 2365 quod
1599 2302 1788 2366 probat
1822 2311 1871 2354 et
1905 2310 2017 2355 sta-

449 2385 570 2447 tuit,
597 2385 669 2437 ita
703 2396 984 2452 permanet
1017 2388 1155 2442 lixus
1186 2398 1241 2442 et
1267 2389 1501 2455 stabilis,
1551 2399 1608 2443 ut
1658 2391 1709 2444 in
1749 2391 1893 2445 nullo
1925 2407 2012 2446 se-

446 2474 736 2540 metipsum
758 2474 990 2540 judicet,
1023 2478 1078 2530 in
1110 2478 1256 2532 nullo
1283 2480 1663 2548 reprehendat.
1693 2481 1804 2536 lloc
1833 2493 2013 2537 autem

443 2575 498 2618 et
524 2564 637 2633 (70)
663 2566 717 2618 in
749 2566 1094 2622 observantia
1130 2569 1394 2635 ciborum,
1424 2573 1714 2625 secundum
1751 2589 1869 2627 eam
1924 2591 2012 2630 re-

443 2656 623 2725 gulam
654 2672 816 2725 quam
859 2661 1108 2730 superius
1134 2663 1328 2726 texuit,
1359 2664 1665 2717 habendum
1691 2665 1846 2729 dicit,
1880 2678 1940 2721 ut
1968 2669 2012 2724 si

441 2748 567 2818 quis
611 2759 694 2804 est
741 2752 832 2819 qui
865 2767 961 2821 per
1004 2755 1284 2808 scientiam
1331 2756 1592 2824 spiritalis
1638 2757 1772 2828 legis
1818 2762 2013 2829 probat

441 2839 624 2894 omnia
677 2843 1068 2908 manducanda,
1115 2853 1170 2898 et
1218 2846 1400 2900 omnia
1452 2861 1574 2901 esse
1619 2849 1814 2904 munda
1843 2892 1859 2917 ,
1905 2867 2012 2907 non

443 2941 655 2982 rursum
684 2930 888 2998 judicet
923 2933 1293 3003 semetipsum,
1327 2943 1382 2990 et
1412 2936 1809 2994 dubitationem
1834 2941 2013 3012 capiat

442 3027 621 3072 utrum
657 3037 873 3077 sumere
901 3023 1116 3089 debeat,
1149 3041 1320 3081 necne
1358 3043 1372 3080 :
1423 3029 1548 3097 quia
1577 3032 1670 3100 qui
1718 3031 1822 3087 hoc
1851 3033 2011 3087 modo

2139 562 2249 617 Hoc
2297 563 2438 616 idem
2485 574 2568 617 est
2597 566 2736 632 quod
2769 575 2824 618 et
2871 566 2924 619 in
2961 565 3084 620 aliis
3133 568 3304 622 dicit:
3340 568 3459 622 Sive
3485 575 3686 624 mandu-

2137 653 2295 716 catis,
2326 654 2430 706 sive
2457 653 2653 716 bibitis,
2682 655 2787 706 sive
2815 653 2964 706 aliud
3003 655 3131 724 quid
3178 655 3376 724 facitis,
3428 661 3600 712 omnia
3629 662 3683 712 ad

2131 745 2358 811 gloriam
2393 743 2488 796 Dei
2521 743 2680 812 facite
2705 745 2772 798 ".
2807 743 2909 799 Sed
2945 746 3188 815 requirat
3223 746 3422 816 aliquis
3447 749 3492 802 si
3519 760 3571 801 et
3592 751 3684 802 ha:-

2135 835 2287 891 retici
2319 851 2442 905 quae
2481 836 2710 902 faciunt,
2750 839 2875 906 quia
2912 841 3207 894 secundum
3237 842 3339 895 hoc
3387 845 3536 910 quod
3583 861 3684 898 cre-

2133 927 2266 982 dunt
2299 928 2528 993 faciunt,
2561 945 2628 984 ex
2663 929 2764 985 fide
2790 930 2970 986 facere
2999 933 3336 987 credantur:
3380 950 3450 988 an
3486 937 3606 1004 quia
3633 937 3684 989 ﬁ-

2129 1023 2225 1076 des
2274 1023 2417 1089 apud
2454 1021 2578 1076 illos
2612 1023 2751 1076 mala
2805 1033 2892 1077 est
2933 1023 3070 1095 (75),
3113 1040 3277 1080 omne
3306 1028 3452 1095 quod
3501 1028 3682 1083 faciunt

2128 1122 2412 1180 peccatum
2442 1114 2906 1181 pronuntiandum
2941 1116 3037 1179 sit,
3068 1119 3194 1186 quia
3258 1133 3363 1173 non
3396 1121 3547 1172 lites
3573 1121 3679 1176 ﬁde.

2127 1203 2239 1272 Ego
2266 1213 2394 1271 puto
2418 1203 2631 1258 illorum
2658 1205 3034 1260 credulitatem
3056 1208 3313 1277 appellari
3335 1210 3510 1280 magis
3541 1227 3681 1278 quam

2127 1307 2252 1348 esse
2293 1296 2479 1349 ﬁdem.
2531 1295 2682 1350 Sicut
2730 1297 2871 1351 enim
2908 1299 3391 1370 pseudOprophetae
3424 1300 3556 1355 falso
3596 1320 3680 1356 no-

2129 1385 2272 1438 mine
2305 1385 2575 1440 interdum
2597 1389 2873 1456 propheta:
2893 1390 3271 1458 appellantur;
3296 1403 3348 1446 et
3369 1393 3505 1446 falsa
3528 1395 3681 1448 scien-
3780 1385 3781 1438 ἕ

2129 1473 2220 1538 tia,
2252 1476 2481 1531 scientia
2528 1479 2771 1546 dicitur;
2815 1493 2868 1534 et
2904 1482 3039 1538 falsa
3090 1483 3376 1554 sapientia,
3435 1488 3679 1555 sapientia

2123 1568 2348 1622 abusive
2399 1572 2751 1627 nominatur:
2785 1573 2859 1626 ita
2895 1585 2949 1627 et
2983 1577 3364 1631 baireticorum
3412 1580 3683 1634 credulitas
3780 1627 3781 1652 γ

2123 1658 2263 1713 falso
2295 1663 2512 1718 nomine
2547 1663 2684 1719 ﬁdes
2709 1666 3036 1735 appellatur.
3071 1667 3221 1723 Unde
3266 1671 3565 1725 videndum
3611 1682 3681 1725 est
3780 1727 3781 1738 χ

2123 1764 2190 1802 ne
2236 1750 2573 1825 forte"etiam
2621 1758 2668 1812 si
2713 1759 2842 1826 quid
2877 1760 3000 1813 boni
3029 1761 3212 1829 operis
3246 1764 3389 1832 apud
3429 1765 3552 1819 illos
3582 1764 3679 1834 geri

2121 1843 2354 1908 videtur,
2390 1847 2518 1914 quia
2550 1863 2658 1903 non
2699 1854 2760 1905 lit
2792 1866 2860 1906 ex
2896 1853 3018 1916 ﬁde,
3070 1865 3430 1908 convertatur
3475 1858 3527 1909 in
3572 1872 3679 1926 pec-

2119 1943 2318 1995 catum.
2358 1939 2500 1991 sicut
2532 1947 2586 1994 et
2619 1940 2686 1993 de
2713 1942 2946 2010 quodam
2975 1944 3176 1997 dictum
3202 1955 3322 1999 est:
3353 1945 3490 2000 Fiat
3527 1949 3680 2000 oratio

2118 2025 2231 2094 ejus
2256 2029 2310 2079 in
2349 2040 2619 2093 peccatum
2644 2030 2711 2087 ⁸⁷.
2749 2032 2845 2086 Est
2888 2033 3161 2088 interdum
3197 2047 3250 2088 et
3303 2039 3536 2092 castitas
3579 2056 3680 2104 quae

2119 2131 2225 2169 non
2260 2127 2340 2170 est
2372 2132 2436 2170 ex
2468 2119 2595 2181 lide,
2627 2135 2818 2174 eorum
2867 2123 3129 2177 duntaxat
3159 2127 3246 2191 qui
3277 2130 3560 2180 attendunt
3588 2130 3681 2193 ερὲς

2118 2207 2306 2259 ritibus
2345 2211 2708 2264 seductoribus
2734 2221 2782 2264 et
2819 2215 3076 2268 doctrinis
3102 2217 3494 2270 dwmoniornm
3524 2220 3578 2270 in
3599 2221 3680 2287 Ity-

2115 2297 2307 2364 pocrisi
2368 2299 2509 2367 falsa
2559 2300 2927 2371 loquentium,
2983 2308 3331 2360 cauteriatam
3391 2312 3679 2364 habentium

2115 2389 2512 2452 conscientiam.
2554 2393 2944 2458 prohibentium
2985 2399 3196 2463 nubere,
3229 2410 3279 2454 et
3312 2401 3679 2456 abstinentiam

2113 2498 2170 2535 se
2199 2499 2230 2534 a
2263 2483 2391 2536 cibis
2413 2500 2544 2552 quos
2570 2484 2710 2538 Deus
2733 2490 2928 2541 creauit
2951 2490 3017 2541 ⁸⁸.
3047 2489 3141 2544 Est
3163 2506 3294 2561 ergo
3324 2505 3380 2547 et
3406 2495 3542 2548 falsa
3567 2497 3679 2551 ﬁdes

2114 2571 2227 2641 (76)
2271 2587 2460 2627 eorum
2494 2575 2584 2641 qui
2622 2577 2765 2630 circa
2807 2578 2968 2646 ﬁdem
3007 2583 3462 2652 naufragarerunt
3494 2589 3568 2648 ";
3611 2599 3681 2642 est
3780 2637 3781 2640 η

2113 2675 2168 2719 et
2202 2665 2334 2720 falsa
2360 2667 2647 2737 sapientia,
2677 2670 2837 2739 hujus
2867 2673 3079 2727 scilicet
3103 2677 3304 2739 mundi,
3323 2688 3381 2731 et
3397 2682 3680 2748 principum

2112 2754 2270 2824 hujus
2295 2759 2479 2810 mundi
2511 2757 2580 2823 '°,
2609 2773 2730 2828 quas
2760 2763 3086 2816 destruetur.
3125 2763 3276 2819 Sicut
3311 2768 3465 2821 enim
3512 2771 3682 2836 pirata

2111 2846 2284 2901 solent
2310 2849 2362 2902 in
2393 2851 2528 2904 mari
2556 2851 2607 2905 in
2634 2852 2766 2907 locis
2811 2855 3026 2909 vadosis
3057 2858 3403 2928 occultisque
3431 2865 3679 2931 scapulis,

2111 2953 2208 3007 per
2233 2941 2528 2995 obscurum
2561 2945 2736 2999 noctis
2769 2945 2948 3001 lumen
3001 2951 3326 3016 accendere,
3378 2969 3494 3019 quo
3546 2957 3679 3009 navi—

2113 3046 2304 3102 gantes
2334 3039 2433 3093 sub
2486 3053 2581 3108 spe
2612 3038 2956 3110 confugiendi
2991 3043 3057 3095 ad
3098 3053 3314 3113 portum
3371 3047 3590 3112 salutis,
3624 3051 3680 3100 ad

439 3111 722 3177 discernit,
755 3115 854 3168 hoc
875 3125 956 3169 est
992 3116 1122 3186 ('ll),
1145 3119 1233 3186 qui
1259 3120 1474 3174 dubitat
1505 3134 1683 3175 utrum
1707 3137 1834 3177 vere
1861 3139 2014 3178 mun-
2048 3195 2079 3201 Δ
2113 3127 2392 3194 tiaufragia
2434 3131 2753 3200 perditionis
2781 3135 3048 3201 invitent;
3087 3111 3163 3190 ita
3219 3147 3274 3192 et
3326 3139 3477 3193 istud
3512 3140 3676 3193 lumen

438 3204 568 3257 dum
605 3205 676 3258 sit
726 3221 792 3258 an
848 3207 1183 3263 immundum
1219 3215 1360 3279 quod
1399 3213 1585 3276 sumit,
1644 3214 1744 3268 iste
1793 3230 1858 3268 ex
1898 3216 2010 3284 ipsa
2037 3195 2080 3255 (ἶ
2118 3219 2268 3273 falsae
2293 3195 2572 3289 sapientiae
2598 3225 2682 3278 vel
2717 3225 2866 3280 falsa:
2901 3195 3084 3281 ﬁdei-a
3117 3229 3466 3298 principibus
3508 3233 3677 3286 mundi

437 3297 608 3350 animi
637 3297 719 3351 sui
748 3299 1084 3355 dubitatione
1111 3303 1445 3358 conscientia
1482 3315 1746 3373 arguente
1783 3309 2011 3361 damna-

439 3396 547 3444 tur.
582 3388 812 3444 Causam
845 3406 1058 3459 quoque
1086 3391 1242 3459 hujus
1261 3395 1626 3450 damnationis
1654 3400 1898 3466 exponit,
1928 3399 2010 3452 di-

437 3494 568 3535 cens
595 3497 608 3535 :
643 3481 780 3546 Quia
813 3497 919 3535 non
953 3498 1019 3536 ex
1052 3484 1156 3540 ﬁde
1187 3486 1420 3540 sumitur
1443 3487 1578 3557 (72),
1607 3490 1699 3543 sed
1732 3491 1916 3559 utique
1941 3507 2007 3546 ex

439 3571 797 3626 dubitatione.
833 3574 899 3627 Et
925 3585 1046 3643 post
1071 3575 1185 3630 hate
1213 3577 1516 3644 generalem
1561 3595 1720 3649 super
1749 3583 2004 3637 omnibus

437 3663 762 3717 sententiam
794 3666 1044 3734 proponit
1065 3667 1199 3736 (75),
1218 3669 1401 3723 dicens
1431 3687 1446 3723 :
1481 3668 1644 3724 Omne
1667 3682 1842 3726 autem
1864 3676 2003 3744 quod

437 3769 540 3808 non
571 3763 646 3808 est
675 3771 740 3809 ea:
767 3756 892 3822 ﬁde,
925 3769 1190 3827 peccatum
1219 3769 1313 3813 est.
1351 3760 1404 3813 In
1439 3762 1538 3817 hoc
1573 3780 1827 3820 sermone
1876 3782 2000 3821 cre—

434 3846 679 3900 dentium
719 3864 1062 3920 quorumquc
1095 3852 1426 3922 negligentes
1459 3864 1514 3909 et
1540 3855 1755 3912 desides
1795 3860 2003 3914 animas

435 3937 652 3992 vinculo
680 3941 915 3997 arctiore
954 3943 1274 4014 constringit
1304 3945 1439 4013 (74),
1479 3955 1536 4000 ut
1564 3949 1700 4003 nihil
1726 3951 1844 4004 sine
1898 3953 2001 4006 lide

433 4039 616 4098 agant,
657 4032 790 4086 nihil
841 4034 1047 4103 absque
1095 4035 1199 4090 ﬁde
1239 4037 1442 4099 dicant,
1483 4052 1580 4093 nec
1630 4042 1841 4108 absque
1896 4041 2002 4096 ﬁde

433 4118 639 4190 aliquid
669 4124 908 4192 cogitent
935 4143 948 4178 :
982 4125 1106 4194 quia
1133 4127 1248 4181 sive
1288 4129 1414 4196 quid
1446 4132 1686 4200 gesseris
1715 4132 1830 4186 sine
1870 4132 1998 4196 ﬁde,

2112 3319 2168 3364 et
2189 3312 2470 3380 spiritibus
2497 3316 2643 3370 aeris
2671 3315 2828 3384 hujus
2855 3320 3191 3384 accenditur,
3237 3337 3344 3375 non
3394 3339 3500 3392 per
3551 3327 3678 3393 quod

2111 3403 2366 3468 evadant,
2402 3405 2496 3457 sed
2526 3419 2620 3473 per
2647 3407 2791 3475 quod
2823 3419 3043 3476 pereant
3078 3412 3330 3466 homines
3373 3417 3565 3468 mundi
3591 3419 3676 3470 hu-

2101 3489 2192 3560 jus
2215 3492 2412 3548 lluctus
2441 3507 2497 3549 et
2523 3498 2646 3550 vita:
2676 3500 2897 3568 pelagus
2922 3503 3266 3572 navigantes.
3318 3506 3395 3558 De
3440 3508 3546 3571 bis,
3576 3508 3678 3574 upi-

2112 3597 2232 3647 nor,
2266 3587 2458 3654 piratis
2491 3587 2702 3644 diccbat
2733 3598 2788 3644 et
2817 3593 2955 3646 Job:
2999 3593 3224 3663 Sagitta:
3253 3598 3560 3665 piratarum
3580 3602 3679 3670 ejus

2109 3695 2268 3746 super
2321 3695 2402 3732 me
2452 3691 2700 3736 uenerunt
2727 3684 2796 3742 ⁸⁸.
2838 3684 2901 3738 Et
2947 3687 3016 3741 ob
3063 3689 3164 3741 hoc
3217 3689 3484 3746 nimirum
3531 3697 3676 3747 etiam

2110 3770 2222 3838 ipse
2273 3770 2470 3825 Paulus
2516 3775 2793 3842 apostolus
2841 3778 2992 3844 dicit,
3046 3779 3174 3847 quia
3206 3791 3262 3833 et
3294 3783 3413 3849 ipse
3454 3785 3677 3840 Satanas

2109 3863 2451 3931 transﬁgurat
2487 3880 2542 3918 se
2585 3865 2642 3919 in
2679 3867 2922 3936 angelum
2952 3869 3085 3924 lucis
3110 3871 3156 3901 ⁸³
3185 3872 3321 3940 (77).
3383 3875 3673 3945 Propterea

2106 3968 2234 4023 ergo
2261 3955 2575 4024 navigantes
2601 3959 2725 4011 vitae
2751 3959 2909 4026 hujus
2938 3963 3132 4028 undas,
3157 3979 3260 4018 non
3291 3968 3449 4020 omni
3472 3967 3672 4032 lumini,

2107 4044 2158 4096 id
2193 4055 2279 4097 est
2334 4059 2437 4098 non
2472 4049 2617 4102 omni
2651 4051 2932 4118 sapientia:
2966 4057 3190 4110 credere
3225 4057 3532 4126 debemus;
3591 4063 3675 4117 sed

2107 4136 2248 4188 sicut
2298 4147 2480 4192 monet
2513 4137 2835 4209 Apostolus,
2877 4149 3112 4214 probare
3164 4152 3412 4218 spiritus,
3472 4156 3564 4225 qui
3617 4173 3675 4210 ea:

506 4301 732 4407 ‘I'llliom.
763 4319 882 4407 ll‘Vé
897 4306 1194 4407 22;02..'5;“‘
1222 4310 1364 4407 PsaL.
1399 4328 1434 4376 t.
1460 4313 1508 4407 1'.
1539 4314 1770 4407 "‘ll’sal.
1795 4333 1982 4384 ειη-ιιι,
2007 4322 2053 4374 1.
2113 4323 2157 4354 ⁸⁸
2189 4323 2204 4376 Ι
2235 4325 2358 4382 Cor.
2393 4327 2540 4390 3.5L
2593 4329 2637 4360 ⁴⁷
2664 4331 2806 4387 Psal.
2835 4349 2987 4400 cvm,
3022 4335 3072 4390 7.
3127 4337 3172 4368 "
3199 4337 3388 4394 lTitn.
3421 4358 3500 4406 tv.
3533 4344 3589 4407 2,
3619 4343 3668 4396 5.

613 4388 682 4407 ....
747 4390 760 4407 .
1137 4397 1198 4407 .._
1243 4397 1277 4407 ..
1568 4401 1627 4407 --
1791 4389 1806 4407 ι
1913 4391 2018 4407 ι...
2053 4394 2087 4407 η
2335 4397 2385 4407 ..

435 4371 482 4404 ⁸⁸
519 4373 536 4428 1
565 4372 703 4427 Tim.
747 4390 784 4439 t,
815 4377 902 4430 19.
975 4379 1021 4410 δ’
1052 4378 1214 4434 lCor.
1241 4397 1306 4447 ll,
1329 4384 1382 4436 6.

1460 4383 1501 4415 '“
1528 4383 1630 4438 Job
1671 4402 1744 4448 Vl,
1781 4389 1833 4440 4.
1911 4383 2020 4444 ⁸³11
2049 4394 2172 4448 Cor.
2217 4411 2293 4456 λι,
2333 4397 2413 4450 14.

503 4547 1196 4648 (6'7ILQut‘rlteng‘utem-quod
1218 4570 1426 4648 noln‘gest
1449 4576 1538 4648 Aea:
1560 4562 1683 4648 fide,
1725 4579 1994 4632 peccatum
2025 4573 2069 4628 D
2101 4587 2201 4624 ms.
2242 4571 2440 4641 Regius
2485 4593 2635 4634 num.
2671 4581 2810 4637 1659
2841 4592 2896 4638 et
2941 4583 3213 4642 Rabanus.
3245 4591 3457 4646 rectius
3512 4607 3573 4648 ut
3622 4595 3669 4648 in

435 4631 532 4672 est.
581 4619 705 4676 Haec
743 4619 1124 4681 desiderantur
1151 4629 1202 4682 in
1230 4629 1409 4693 editis,
1441 4641 1495 4685 et
1537 4619 1992 4692 resti'tu'unturex

435 4705 564 4745 lllSS.

503 4759 616 4829 (68)
637 4758 736 4837 ille
751 4777 899 4837 ergo,
917 4765 1040 4837 quia
1072 4783 1173 4819 non
1198 4769 1427 4822 ambulat
1451 4772 1504 4825 in
1531 4772 1611 4824 via
1633 4783 1960 4837 peccatorum
1978 4794 1996 4831 :

434 4828 538 4891 hic,
565 4828 959 4905 quidambulat
988 4835 1042 4886 in
1084 4837 1191 4905 lege
1233 4837 1464 4904 Domini,
1499 4828 1676 4895 beatus
1721 4857 1817 4898 est.
1871 4828 1995 4902 nec

433 4901 921 4981 prmtcrtjiittuntur
949 4904 999 4956 in
1023 4901 1202 4981 editis.
1229 4901 1479 4981 Rabanus
1502 4926 1784 4979 perperam
1812 4901 1996 4981 habet,

431 4969 616 5050 inutile
640 4969 818 5050 beqtus
853 4983 925 5050 est
956 4974 1043 5042 qui
1067 4992 1166 5028 non
1196 4986 1298 5050 stat
1324 4979 1380 5031 in
1403 4969 1871 5050 via'peccatorum,
1893 4969 1987 5040 sic:

430 5048 487 5088 ut
517 5039 613 5116 ille.
637 5041 729 5116 qui
757 5039 1039 5116 meditatur
1065 5047 1292 5110 quotidie
1330 5051 1381 5101 in
1421 5039 1531 5116 lege
1568 5051 1778 5106 Domini
1809 5039 1988 5110 beatus

431 5117 530 5187 est.
569 5106 901 5187 his.liegius_
923 5106 1087 5166 num;
1115 5116 1272 5180 1639,
1300 5119 1386 5170 hic
1412 5106 1539 5187 quia
1563 5123 1799 5176 ambulat
1827 5106 1880 5176 in
1906 5106 1986 5180 vita

431 5174 548 5246 Dei.
573 5177 689 5246 Sed
722 5174 902 5234 caiteri
936 5197 1066 5236 mss.
1096 5197 1240 5240 recte
1261 5174 1331 5239 rut
1372 5174 1435 5239 in'
1454 5201 1634 5244 nostro
1671 5174 1838 5246 textu.

500 5244 609 5315 (69)
767 5248 966 5317 Regius
1001 5269 1149 5307 num.
1187 5257 1341 5316 1659,
1371 5257 1624 5313 [tabanus
1649 5244 1712 5313 et
1731 5244 1860 5316 editi
1887 5264 1980 5316 ha-

430 5314 596 5404 nem,
621 5316 775 5369 Multi
821 5314 938 5404 sunt
987 5325 1077 5390 qui
1117 5314 1359 5392 probant,
1400 5331 1598 5384 omisso
1631 5314 1791 5397 enim,
1834 5314 1976 5404 quia

429 5383 607 5456 lerunt
637 5402 765 5456 mss.
799 5389 882 5456 plu
892 5405 994 5444 res.

501 5453 610 5522 (70)
639 5453 868 5510 Deest'et
902 5459 950 5512 in
979 5460 1154 5516 editis.

500 5523 610 5600 (il)
661 5523 774 5600 hoc
812 5528 1242 5600 εδιηοιιιίιιίιιιτ
1295 5534 1347 5588 in
1398 5535 1550 5590 libris
1589 5549 1745 5590 antea
1801 5541 1986 5600 editis.

428 5588 633 5667 Deinde
664 5595 824 5667 iidem
873 5598 1038 5661 editi,
1084 5601 1182 5654 iste
1221 5619 1283 5656 ea:
1327 5588 1491 5657 animi
1526 5588 1983 5667 ὲυῖᾱὶίὸίιῖιὶἑόἶὲ

427 5663 743 5745 cgnscientia
795 5679 1006 5745 urgente
1062 5671 1366 5745 damnatur.
1407 5672 1636 5745 Causam
1679 5663 1978 5745 set‘oget‘c:

427 5726 553 5785 Mss.
584 5735 802 5794 quidam
832 5726 1029 5794 habent
1047 5739 1228 5800 etiam.
1255 5726 1576 5800 conscientia
1598 5726 1833 5818 uirgini,
1873 5726 1978 5808 "alii

1736 6510 1948 6521 -a-—-r-._.-.--——-
1953 6514 2056 6529 r—v—L
2071 6516 2135 6527 -:'-:

2100 4653 2286 4694 "tlSll'O
2317 4656 2482 4702 textu.

2171 4712 2282 4798 (ῖὲ)
2311 4713 2446 4798 Ejjiti
2473 4727 2525 4770 et
2553 4732 2690 4798 mss1
2726 4720 2985 4798 plerique,
3027 4727 3274 4798 quoniam
3322 4745 3429 4782 non
3465 4748 3535 4785 ex
3573 4733 3670 4798 ﬁde

2098 4780 2436 4858 dicitur._bis.
2481 4803 2609 4840 vero
2651 4780 2851 4858 Regius
2881 4780 3216 4850 num.'1659
3259 4780 3665 4856 rectius‘ﬁutrin

2101 4859 2272 4938 textu.
2308 4852 2510 4938 Deinde
2535 4852 2786 4936 [tabanus
2816 4865 3053 4938 restituit
3083 4869 3284 4934 utique,
3323 4852 3474 4938 quod
3514 4852 3668 4927 obiit;

2102 4926 2230 4972 titur
2261 4926 2311 4973 in
2344 4926 2502 4979 editis
2525 4938 2578 4979 et
2605 4927 2656 4979 in
2683 4933 2934 4986 omnibus
2960 4951 3090 4988 mss.

2172 4989 2280 5070 (75)
2313 4991 2449 5047 Editi
2495 4997 2608 5075 alii,
2655 5015 2810 5078 super
2845 5005 3024 5078 omnia
3067 5007 3380 5078 sententiam
3418 5017 3666 5078 exponit;

2099 5058 2222 5121 alii,
2248 5058 2402 5129 super
2423 5067 2651 5144 omnium
2677 5058 2946 5124 scientiam
2964 5076 3198 5139 exponit.
3237 5077 3366 5132 Mss.
3400 5058 3533 5133 veri)
3557 5058 3665 5144 alii:

2091 5145 2249 5217 iup‘er
2283 5147 2457 5211 omnes
2509 5134 2642 5203 (alii,
2669 5155 2823 5217 super
2857 5134 3463 5217 omnium)"sententiam
3502 5134 3664 5217 pomi:

2091 5199 2197 5253 Sed
2255 5203 2460 5257 rectius
2509 5199 2609 5258 ius.
2665 5199 2864 5278 Regius
2903 5229 3054 5267 nunt.
3084 5199 3219 5270 1659
3266 5199 3325 5270 ut

2089 5278 2256 5322 textu.

2159 5338 2284 5458 (7f).
2309 5340 2467 5421 Editi,
2511 5347 2926 5412 quorumdam...
2954 5353 3159 5407 animos
3199 5356 3417 5410 vinculo
3455 5363 3662 5414 acriore

2159 5424 2211 5459 ns
2242 5420 2419 5462 rtnatt.
2694 5457 2696 5459 .

2090 5423 2419 5477 constringit.

2157 5457 2620 5570 Essemus
2645 5457 3000 5570 "mutas,
3034 5492 3180 5548 nulla
3203 5509 3303 5550 est.
3331 5497 3510 5554 Paulo
3546 5512 3662 5570 post

2087 5547 2344 5625 edi/Liz‘lt‘t
2373 5547 2564 5625 puto...
2599 5573 2754 5623 quant
2781 5557 2957 5625 ﬁdent.

2298 5615 2554 5705 blerlinus
2579 5615 2633 5677 et
2653 5615 3052 5705 Genelirardus,
3080 5644 3129 5687 et
3159 5636 3252 5688 illa
3295 5641 3452 5705 ﬁdes.
3501 5643 3658 5693 male.

2084 5686 2465 5826 mggglgditi,
2502 5695 2635 5748 sicut
2668 5700 2913 5767 angelum
2949 5686 3462 5777 lucis.Paulorpos‘t
3497 5686 3661 5765 omit;
