3812 6538
107 409 251 463 12ὗῖ

1069 409 1424 471 COMMENT.
1465 411 1533 465 IN
1574 412 1795 467 EPIST.
1832 409 1926 466 AD
1965 411 2133 468 ROM.
2171 410 2300 468 LIB.
2343 414 2410 471 Χ.

3237 422 3374 477 1238

103 527 220 581 Deo
255 536 376 581 sunt
398 523 444 558 ⁵⁸
469 525 604 597 (78).
647 525 712 580 Et
745 526 866 581 ideo
889 525 1149 584 debemus
1182 531 1549 586 indesinenter
1576 546 1692 600 pre.
1720 535 1766 592 Α
1796 537 1956 584 ventu
1989 529 2217 584 fratrum
2252 539 2308 586 et
2337 529 2594 586 Ecclesiae
2635 533 2899 589 societate
2933 535 3231 605 depellant.
3273 537 3377 604 Qui

102 618 222 673 cari
255 617 515 672 auxilium
553 617 785 680 Domini,
819 630 877 672 et
907 633 1132 688 sperare
1162 621 1306 689 quod
1345 623 1458 692 ipse
1493 623 1689 691 eripiet

103 726 208 764 nos
239 710 310 764 de
346 709 539 779 laqueo
571 709 908 773 venantium,
942 721 1001 764 ιιι
1032 723 1086 765 et
1115 727 1214 766 nos
1240 712 1522 767 dicamus:
1551 711 1686 780 Quia

101 804 290 855 anima
336 796 513 856 nostra
553 803 690 856 sicut
733 820 916 871 passer
951 814 1127 870 erepta
1161 814 1239 857 est
1273 806 1335 857 tle
1369 805 1556 876 laqueo
1598 823 1684 860 ve-

102 897 352 948 nantium
371 912 390 950 :
420 896 639 964 laqueus
667 898 930 950 contritus
953 909 1050 961 est,
1077 907 1125 952 et
1143 915 1236 950 nos
1253 897 1460 950 liberati
1481 915 1682 952 sumus.

101 988 448 1056 Adjutorium
498 999 737 1041 nostrum
789 992 843 1044 in
893 991 1101 1043 nomine
1143 989 1380 1056 Domini,
1435 992 1526 1060 qui
1563 991 1685 1060 fecit

100 1080 294 1132 caelum
320 1090 366 1133 et
397 1090 592 1134 terram
623 1080 668 1111 “
697 1078 831 1151 (79).

171 1172 228 1226 6.
306 1172 558 1226 Debemus
614 1184 790 1228 autem
854 1190 950 1227 nos
1015 1173 1274 1240 ﬁrmiores
1344 1174 1688 1228 imbecillita—

99 1277 177 1320 tes
221 1265 384 1337 67!
416 1264 747 1334 inﬁrmorum
798 1266 1071 1331 sustinere,
1119 1276 1166 1319 et
1199 1283 1302 1319 non
1352 1268 1498 1321 nobis
1564 1269 1683 1336 pla-

97 1375 236 1413 cere.
282 1359 648 1429 Unusquisque
675 1369 899 1413 vestrum
939 1360 1178 1428 proximo
1233 1359 1434 1427 placeat
1481 1361 1536 1413 in
1593 1362 1683 1414 bo-

98 1469 166 1503 no
207 1451 321 1521 (80)
354 1452 422 1502 ad
449 1451 873 1516 (ediﬁcationem.
914 1451 1054 1503 Nam
1085 1462 1131 1502 et
1165 1450 1407 1504 Christus
1449 1468 1550 1505 non
1581 1453 1683 1505 sibi

94 1543 303 1609 placuit
332 1559 352 1605 ;
390 1543 482 1595 sed
516 1543 650 1595 sicut
686 1541 939 1608 scriptum
985 1553 1098 1594 est:
1123 1540 1454 1609 Improperia
1486 1543 1682 1611 impro-

93 1635 399 1702 perantium
423 1634 517 1686 tibi
544 1633 838 1688 ceciderunt
867 1649 1024 1700 super
1055 1649 1157 1686 me.
1183 1629 1518 1702 Qutvcunqne
1543 1635 1681 1686 enim

93 1727 297 1794 scripta
323 1735 465 1788 sunt,
490 1727 558 1778 ad
597 1735 830 1778 nostram
870 1725 1167 1778 doctrinam
1200 1725 1398 1790 scripta
1451 1738 1593 1792 sunt,
1625 1737 1680 1778 ut

93 1835 190 1886 per
214 1817 525 1885 patientiam
555 1826 602 1870 et
653 1816 1061 1871 consolationem
1108 1814 1506 1882 Scripturarum
1538 1836 1678 1886 spent

97 1913 388 1965 habeamus
407 1908 718 1968 “.Videtur
745 1909 796 1963 in
847 1909 934 1964 his
978 1907 1174 1962 Paulus
1227 1909 1442 1962 ﬁrmum
1475 1923 1676 1964 semet-

94 2002 276 2070 ipsum
313 2001 684 2068 pronuntiare,
718 2001 858 2054 sicut
889 2011 943 2055 et
974 2001 1024 2055 in
1059 2003 1231 2070 prima
1264 2003 1330 2056 ad
1367 2003 1680 2059 Corinthios

92 2095 250 2158 dicit,
285 2094 409 2162 quia
444 2093 617 2163 factus
648 2109 763 2148 sum
795 2093 1022 2162 inﬁrmis
1063 2093 1328 2163 infirmus,
1360 2107 1415 2148 ut
1439 2096 1679 2160 inﬁrmos

93 2186 338 2238 lucrarer
353 2187 420 2238 ⁵⁸.
441 2185 506 2239 Et
543 2185 614 2239 ibi
658 2187 804 2240 enim
835 2199 941 2238 non
976 2201 1036 2240 se
1071 2187 1201 2240 dicit
1232 2186 1504 2240 inﬁrmum
1534 2201 1676 2251 esse,

91 2275 185 2328 sed
218 2275 336 2328 ﬁeri
368 2275 638 2328 inﬁrmum
670 2291 685 2329 :
719 2284 774 2329 et
805 2290 909 2329 non
936 2275 1148 2344 utique.
1181 2277 1225 2330 si
1255 2277 1504 2330 inﬁrmus
1546 2277 1679 2331 luis-

90 2374 191 2426 set,
227 2365 344 2418 ﬁeri
394 2367 658 2434 potuisset
693 2366 962 2420 inﬁrmus.
992 2365 1096 2420 Sed
1147 2382 1251 2421 non
1277 2383 1342 2421 ex
1391 2369 1492 2423 hoc
1534 2369 1677 2425 acci-

91 2457 207 2524 pias
245 2458 359 2528 (81)
391 2475 514 2513 eum
543 2459 695 2526 quasi
727 2459 1102 2514 immemorem
1129 2460 1366 2514 mandati
1395 2461 1537 2517 illius
1573 2463 1674 2518 loci

87 2564 196 2618 quo
226 2549 470 2604 dicitur:
507 2548 708 2604 Laudet
748 2561 799 2606 te
839 2553 1112 2619 proximus
1154 2563 1298 2615 tuus,
1318 2564 1364 2606 et
1397 2570 1500 2606 non
1525 2565 1673 2606 tuum

89 2656 178 2702 os;
226 2651 508 2694 extraneas
533 2681 550 2707 ,
581 2651 629 2693 et
670 2657 773 2694 non
820 2651 912 2694 tua
965 2643 1105 2695 labia
1139 2641 1202 2688 δ’.
1239 2641 1352 2694 Non
1396 2658 1528 2710 ergo
1575 2658 1673 2711 pro

90 2731 253 2786 laude
282 2732 522 2802 propria,
559 2732 650 2786 sed
689 2749 785 2801 pro
829 2749 1008 2787 rerum
1045 2736 1428 2803 consequentia
1453 2734 1669 2788 ﬁrmum

88 2825 444 2894 semetipsum
488 2827 828 2894 pronuntiat.
878 2827 933 2880 Si
979 2827 1124 2880 enim
1185 2828 1298 2895 ipse
1350 2827 1669 2882 humilitatis

88 2919 272 2987 specie
297 2919 440 2971 inter
468 2918 650 2971 ﬁrmos
679 2919 905 2973 vitasset
937 2920 1282 2980 enumerari,
1326 2920 1446 2986 quis
1485 2935 1550 2975 ex
1584 2922 1671 2974 his

87 3016 175 3083 qui
209 3014 444 3069 aliorum
481 3013 826 3070 infirmitates
864 3024 1086 3084 portare
1117 3015 1403 3079 deberent,
1434 3013 1662 3070 auderet

84 3109 274 3161 subire
307 3109 445 3162 istud
475 3107 660 3170 ofﬁcii,
695 3117 753 3163 ttt
779 3109 933 3178 quasi
977 3107 1167 3164 ﬁrmus
1200 3109 1316 3178 ipse
1345 3109 1668 3180 lragilitates

86 3199 424 3253 inﬁrmorum
456 3199 595 3254 ferre
638 3200 944 3254 niteretur?
975 3199 1079 3254 Sed
1114 3201 1234 3254 ideo
1261 3215 1548 3256 commune
1578 3200 1653 3255 fa
1693 3235 1736 3291 ε

83 3294 152 3345 cit
187 3292 338 3347 istud
369 3292 620 3354 oﬁicium,
670 3303 728 3345 ttt
774 3293 1152 3362 unusquisque
1185 3302 1431 3346 nostrum
1471 3294 1524 3348 in
1558 3309 1666 3362 quo

85 3397 283 3452 potest.
317 3387 526 3441 clittlltsi
559 3401 663 3439 non
699 3385 752 3438 in
784 3384 1058 3447 omnibus,
1087 3395 1266 3440 tamen
1301 3385 1354 3438 in
1379 3399 1488 3454 quo
1517 3385 1666 3440 vide-

88 3482 174 3525 tur
224 3473 433 3525 ﬁrmior
481 3473 723 3542 proximo
751 3489 852 3527 suo
892 3488 1042 3537 esse,
1087 3480 1264 3543 portet
1297 3472 1664 3530 inﬁrmitatem

88 3563 235 3630 ejus;
272 3562 412 3618 sicut
449 3573 505 3618 et
551 3562 605 3616 in
648 3563 766 3617 aliis
803 3563 932 3617 dicit
965 3581 976 3615 :
1021 3565 1246 3617 Invicem
1284 3579 1446 3618 onera
1492 3574 1662 3618 vestra

88 3664 299 3724 portate
321 3654 387 3707 ⁵⁸.
408 3653 513 3710 Sed
537 3656 749 3710 videtur
770 3672 927 3708 onera
951 3655 1039 3710 hic
1061 3672 1158 3724 pro
1180 3658 1454 3724 corporeis
1476 3671 1668 3712 neces-

82 3746 343 3801 sitatibus
376 3749 704 3813 nominasse,
733 3758 792 3802 ut
817 3748 861 3803 si
897 3748 1021 3816 quis
1055 3747 1110 3802 in
1139 3747 1496 3800 facultatibus
1523 3761 1660 3816 opu-

83 3835 284 3891 lentior
321 3849 424 3900 est,
474 3855 612 3893 onus
657 3838 1000 3909 pauperioris
1051 3846 1248 3904 portet,
1290 3846 1345 3890 et
1379 3837 1660 3904 penuriam

85 3930 294 3984 soletur
321 3931 673 3988 abundanlia.
699 3929 753 3983 lu
792 3945 856 3984 eo
889 3942 1022 3983 vero
1052 3928 1142 3982 ubi
1174 3927 1342 3990 dicit,
1374 3934 1432 3981 ut
1460 3928 1663 3982 ﬁrmio-

83 4036 168 4077 res
213 4022 886 4078 inﬁrmorumsustineant
937 4021 1306 4081 inﬁrmitates.
1357 4035 1462 4073 non
1517 4019 1663 4072 aliud

83 4111 314 4184 intelligi
340 4126 535 4182 potest,
565 4129 726 4184 quam
763 4125 821 4166 ttt
857 4127 919 4167 ea
967 4113 1018 4165 in
1046 4111 1242 4180 quibus
1267 4112 1356 4166 alii
1392 4126 1487 4180 per
1519 4111 1666 4163 inﬁr-

83 4207 330 4260 mitatem
369 4207 723 4277 delinquunt,
758 4206 1094 4259 robustiores
1143 4206 1345 4273 quique
1391 4205 1660 4271 patienter

83 4297 286 4362 ferant,
322 4307 374 4352 et
402 4314 506 4352 non
536 4300 791 4352 continuo
823 4305 1086 4365 Spernant
1113 4291 1237 4359 eos,
1258 4295 1537 4362 abjiciant,
1563 4295 1658 4349 ab-

81 4392 429 4452 horrescant,
454 4392 496 4445 si
536 4389 675 4446 forte
709 4393 761 4446 in
792 4391 974 4460 aliquo
1006 4389 1345 4444 inﬁrmitatis
1379 4387 1510 4442 vitio
1543 4389 1659 4440 vin-

79 4493 298 4548 cuntur,
331 4497 505 4555 neque
525 4484 626 4539 sub
655 4483 767 4556 (82)
798 4483 977 4554 specie
1001 4481 1239 4552 purioris
1274 4481 1418 4543 vitm,
1452 4493 1481 4534 a
1528 4493 1658 4534 con-

140 4622 188 4654 ⁸³
219 4618 417 4676 lJoan.
447 4633 521 4680 tv,
556 4618 608 4674 1.

76 4704 146 4756 γι,
173 4693 230 4747 2.
309 4691 355 4722 ³⁸
385 4691 483 4745 lsa.
511 4704 630 4754 un,
657 4688 713 4742 4.

683 4618 730 4650 ⁸⁸
756 4615 900 4671 Psal.
932 4630 1123 4676 cxxttl.
1155 4615 1208 4672 7.
1239 4615 1291 4669 8.
1346 4613 1392 4645 "
1408 4612 1568 4668 Rom.
1622 4614 1769 4675 xv,l
1811 4627 1924 4681 seq.

793 4687 836 4718 ⁶⁰
858 4685 1051 4755 Ephes.
1077 4701 1150 4750 tv,
1177 4684 1267 4738 52.
1337 4684 1377 4716 “
1401 4685 1444 4736 ll
1486 4682 1627 4737 Tim.
1657 4700 1738 4747 ut.
1778 4684 1866 4737 15.

1792 621 1934 677 enim
1961 621 2064 676 hoc
2091 619 2245 690 facit,
2273 638 2379 679 non
2411 633 2494 680 est
2523 624 2765 680 imitator
2799 626 2940 682 illius
2969 627 3035 682 de
3062 645 3169 698 quo
3208 629 3379 685 Isaias

1785 721 1914 777 dicit
1951 739 1964 773 :
2006 721 2124 790 Ipse
2165 720 2499 789 inﬁrmitates
2538 733 2742 776 nostras
2777 735 2973 793 portat,
3005 735 3053 779 et
3086 743 3180 794 pro
3222 728 3368 780 nobis

1785 812 1921 866 dolet
1949 813 2092 877 (85);
2124 821 2172 865 et
2204 829 2295 865 nos
2316 813 2629 877 putabamus
2659 832 2775 867 cum
2803 817 2856 868 in
2878 817 3053 869 dolore
3083 833 3208 876 esse.
3243 826 3290 869 et
3315 817 3367 867 in

1789 898 1970 967 plaga,
2007 907 2056 950 et
2084 899 2137 951 in
2161 898 2517 969 afﬂictione".
2552 899 2704 965 Quod
2726 900 2771 954 si
2803 900 3053 956 Christus
3090 915 3267 972 portat
3292 905 3373 958 in-

1791 989 2077 1044 ﬁrmitates
2124 1001 2372 1053 nostras.
2425 999 2480 1045 et
2529 990 2671 1045 Deus
2719 992 2990 1062 patienter
3034 992 3142 1048 fert
3173 994 3369 1050 delicta

1790 1091 1998 1144 nostra,
2033 1083 2306 1150 quomodo
2339 1093 2394 1138 et
2430 1100 2527 1140 nos
2554 1082 2743 1138 eorum
2797 1085 2887 1153 qui
2939 1085 3100 1155 paulo
3145 1085 3370 1142 inferio-

1789 1183 1876 1224 res
1903 1171 2016 1240 (84)
2057 1171 2306 1226 videntur
2335 1188 2678 1243 nequaquam
2712 1173 2907 1229 delicta
2934 1186 2988 1230 et
3011 1162 3373 1246 negligenttas

1789 1261 2127 1316 toleramus?
2157 1261 2270 1317 lloc
2299 1274 2385 1318 est
2413 1264 2668 1318 nimirum
2695 1264 2868 1335 ipsum
2903 1264 3177 1321 Christum
3208 1285 3370 1324 aver-

1787 1361 1902 1407 tere
1929 1352 1998 1406 ab
2052 1353 2155 1408 hoc
2203 1353 2423 1420 affectu,
2463 1372 2530 1410 ne
2582 1367 2798 1427 portare
2843 1358 2972 1413 velit
3024 1360 3370 1416 inﬁrmitates

1787 1455 2025 1499 nostras.
2080 1445 2247 1501 Nemo
2293 1448 2437 1502 enim
2490 1449 2561 1502 ita
2610 1449 2888 1519 perfectus
2937 1463 3043 1516 est,
3077 1454 3167 1522 qui
3227 1454 3367 1522 apud

1786 1537 1954 1591 Deum
1985 1537 2040 1592 in
2069 1537 2254 1608 aliquo
2279 1557 2383 1594 non
2412 1541 2724 1595 inveniatur
2746 1543 3011 1603 inﬁrmus.
3044 1532 3098 1599 et
3120 1556 3370 1614 portetur

1785 1645 1813 1683 a
1848 1631 2097 1696 Christo;
2131 1645 2184 1686 et
2217 1633 2336 1688 ideo
2367 1635 2730 1706 sympathiam
2760 1637 2933 1706 magis
2965 1637 3016 1690 in
3052 1638 3155 1692 hoc
3183 1637 3366 1701 docet,

1785 1723 1836 1776 id
1873 1731 1959 1778 est
1987 1725 2220 1792 compati
2265 1725 2498 1780 invicem
2533 1727 2643 1796 (85)
2683 1736 2738 1783 et
2769 1729 3087 1793 condolere,
3139 1731 3282 1785 sicut
3311 1743 3366 1786 et

1785 1815 1837 1867 in
1870 1815 1992 1870 aliis
2013 1817 2247 1872 scribit:
2285 1819 2556 1873 Donantes
2601 1819 2744 1874 vobis
2788 1821 3009 1874 invicem
3037 1821 3233 1876 delicta
3279 1841 3364 1878 ve-

1783 1921 1920 1974 stra,
1949 1911 2084 1965 sicut
2109 1922 2156 1966 et
2201 1912 2340 1968 Deus
2387 1915 2441 1967 in
2469 1911 2674 1968 Christo
2717 1915 2930 1968 donavit
2978 1916 3121 1970 vobis
3160 1917 3228 1970 ⁴¹⁰.
3256 1917 3365 1973 lloc

1783 2011 1962 2057 autem
1991 2019 2096 2058 non
2127 2004 2330 2060 idcirco
2357 2006 2694 2074 pr:ecipit,ut
2723 2006 3097 2076 delinquentes
3135 2010 3362 2072 nutriat,

1781 2105 1837 2149 et
1885 2095 2224 2150 inﬁrmantes
2278 2096 2609 2166 indulgentia
2660 2097 2866 2152 laxiore
2912 2099 3022 2169 (86)
3064 2099 3360 2162 dissolvat;

1780 2189 1874 2240 sed
1913 2188 2089 2242 sciens
2115 2190 2376 2259 quoniam
2419 2191 2462 2245 si
2508 2202 2755 2260 portetur
2795 2193 3070 2256 inﬁrmus,
3099 2205 3194 2248 aut
3246 2210 3366 2248 eru-

1782 2279 1958 2332 bescit
1983 2279 2186 2334 diutius
2217 2283 2448 2350 portari,
2474 2293 2530 2337 et
2570 2283 2796 2354 corrigit
2826 2285 3015 2338 vitium
3039 2286 3362 2356 delinquen-

1779 2369 1866 2434 di;
1902 2381 1998 2425 aut
2032 2373 2075 2425 si
2101 2374 2396 2428 emendare
2431 2389 2490 2429 se
2521 2391 2626 2428 non
2658 2377 2820 2440 valet,
2847 2377 2954 2431 erit
2983 2387 3132 2432 certe
3157 2377 3364 2432 fructus
3411 2443 3418 2449 _

1780 2462 1880 2516 iste
1915 2466 2183 2531 portantis
2211 2481 2361 2530 eum,
2389 2469 2533 2536 quod
2581 2483 2685 2522 non
2732 2468 2948 2539 proﬁcit
2984 2470 3036 2524 in
3062 2471 3236 2541 pejus,
3264 2485 3362 2524 nec

1778 2555 2070 2623 semetipso
2099 2555 2337 2611 deterior
2376 2559 2633 2622 eﬁicitur.
2669 2561 2813 2615 sicut
2842 2561 2915 2614 illi
2961 2563 3028 2616 de
3057 2563 3257 2631 quibus
3281 2564 3364 2617 di—

1776 2644 1852 2697 cit
1875 2645 2164 2712 Apostolus
2189 2648 2231 2679 ⁶¹
2265 2671 2276 2703 :
2311 2647 2551 2719 Nequam
2577 2665 2752 2704 autem
2774 2653 3010 2707 homines
3037 2665 3084 2708 et
3113 2657 3361 2708 seducto-

1777 2753 1858 2790 res
1883 2737 2157 2806 proﬁcient
2198 2741 2308 2812 (87)
2347 2744 2400 2794 in
2452 2746 2624 2813 pejus,
2672 2745 2977 2798 sedurentes
3025 2756 3072 2800 et
3100 2756 3359 2803 errantes.

1777 2829 2047 2885 Debemus
2077 2843 2258 2886 autem
2307 2834 2373 2887 ad
2427 2835 2476 2888 id
2504 2838 2647 2905 quod
2695 2837 3039 2891 inﬁrmitates
3081 2848 3361 2906 portamus

1775 2921 2140 2990 inﬁrmorum,
2195 2926 2393 2981 addere
2425 2929 2590 2982 etiam
2627 2928 2751 2993 hoc,
2803 2940 2863 2983 ιιι
2903 2945 3010 2983 non
3043 2930 3197 2985 nobis
3232 2930 3362 2999 ipsis

1773 3013 2110 3083 placeamus,
2139 3015 2233 3070 sed
2263 3016 2524 3083 proximo.
2558 3018 2611 3070 in
2642 3020 2774 3072 bono
2803 3028 3032 3084 tantum,
3061 3030 3115 3074 et
3146 3021 3215 3072 ad
3230 3021 3362 3074 tradi.

1771 3102 2075 3170 ﬁcationem
2104 3104 2173 3162 ".
2199 3103 2488 3160 Philautite
2524 3109 2734 3170 vitium,
2773 3109 2823 3163 id
2851 3119 2936 3163 est
2968 3110 3071 3163 sibi
3107 3108 3207 3180 ipsi
3245 3109 3364 3180 pla-

1771 3197 1932 3250 cendi
1971 3205 2027 3252 et
2058 3197 2110 3252 in
2161 3197 2282 3251 aliis
2326 3196 2510 3268 culpat
2544 3203 2804 3269 propheta
2861 3218 2986 3256 cum
3042 3202 3222 3258 dicit:
3271 3202 3360 3256 Vra

1771 3293 1850 3344 his
1874 3288 1964 3357 qui
2005 3289 2148 3357 apud
2174 3292 2482 3359 semetipsos
2511 3293 2768 3359 sapientes
2796 3303 2940 3357 sunt,
2971 3301 3021 3346 et
3051 3293 3106 3346 in
3137 3309 3357 3362 conspe-

1772 3391 1859 3435 ctu
1880 3397 1978 3434 suo
2011 3381 2208 3435 eruditi
2230 3381 2296 3435 “.
2326 3382 2590 3438 Similiter
2620 3398 2751 3451 ergo
2777 3392 2827 3437 et
2860 3383 2911 3437 itt
2939 3383 3042 3438 hoc
3068 3400 3359 3454 possumus

1773 3472 1955 3526 dicere
1985 3488 1999 3526 :
2031 3470 2121 3526 Va:
2149 3472 2234 3527 his
2273 3475 2363 3543 qui
2395 3473 2634 3541 sibiipsis
2677 3475 2918 3543 placent,
2950 3484 3004 3528 et
3039 3475 3092 3528 in
3124 3490 3354 3545 conspe-

1771 3573 1862 3619 ctu
1892 3580 1992 3618 suo
2033 3564 2160 3620 boni
2195 3565 2472 3620 videntur.
2503 3563 2731 3636 Oportet
2776 3567 2920 3621 enim
2961 3567 3011 3621 in
3063 3580 3354 3638 coaspectu

1774 3656 1865 3710 Dei
1917 3656 2092 3724 primo
2139 3655 2376 3724 placere,
2419 3659 2657 3710 secundo
2686 3657 2850 3711 etiam
2893 3659 3175 3726 proximis.
3205 3658 3357 3714 Sicut

1772 3748 1914 3799 enim
1960 3748 2194 3816 primum
2234 3759 2320 3803 est
2369 3749 2593 3818 diligere
2639 3747 2925 3802 Dominum
2957 3749 3148 3814 Deum,
3177 3761 3230 3804 et
3269 3767 3357 3806 se-

1769 3836 1947 3888 cundo
1981 3836 2306 3902 proximum,
2336 3837 2409 3891 ita
2442 3847 2496 3890 et
2546 3837 2780 3905 primum
2813 3837 2924 3909 (88)
2958 3838 3174 3908 pluet-re
3217 3837 3352 3903 Deo.

1769 3926 2008 3980 secundo
2030 3927 2192 3980 etiam
2219 3929 2504 3996 proximis.
2547 3928 2652 3984 Sed
2686 3911 2916 3985 fortasse
2967 3931 3116 3985 dicat
3159 3933 3356 4004 aliquis

1769 4019 2046 4074 contraria
2075 4020 2177 4074 sibi
2216 4019 2440 4074 Paulum
2487 4023 2670 4076 dicere
2705 4024 2756 4076 in
2790 4037 2854 4075 eo
2890 4023 3036 4093 quod
3056 4023 3218 4094 jubet
3255 4041 3354 4080 nos

1768 4109 1984 4178 placere
2012 4111 2297 4180 proximis,
2328 4112 2420 4180 qui
2462 4112 2513 4166 in
2544 4113 2665 4165 aliis
2690 4112 2888 4167 dixerit
2922 4130 2936 4165 :
2965 4111 3079 4183 Ego
3104 4115 3150 4167 si
3181 4115 3351 4170 homi-

1768 4203 1920 4257 nibus
1949 4203 2228 4273 placerem,
2260 4204 2456 4258 Christi
2483 4221 2657 4260 servus
2708 4221 2812 4258 non
2844 4221 3010 4259 essem
3040 4207 3104 4261 “.
3149 4207 3212 4261 Et
3247 4210 3350 4261 uti-

1765 4309 1872 4364 que
1897 4295 2023 4350 huic
2048 4296 2332 4351 seutentia:
2355 4297 2571 4351 videtur
2591 4311 2712 4351 esse
2736 4299 3098 4363 contrarium,
3121 4311 3177 4355 ut
3194 4316 3348 4354 unus-

1763 4387 1982 4458 quisque
2041 4400 2286 4444 nostrum
2329 4390 2568 4458 proximo
2603 4388 2825 4458 placeat,
2859 4399 2914 4443 et
2949 4391 3093 4459 quod
3135 4394 3186 4444 lu
3221 4391 3348 4447 aliis

1768 4479 1898 4533 dicit
1938 4496 1953 4534 :
1985 4477 2132 4534 Sicut
2161 4491 2212 4534 et
2252 4497 2344 4550 ego
2391 4479 2628 4534 omnibus
2663 4496 2753 4548 per
2786 4481 2961 4533 omnia
3002 4480 3183 4547 placeo
3210 4482 3343 4553 (89).

1999 4612 2046 4644 ⁸⁸
2073 4613 2088 4665 l
2116 4613 2240 4668 Cor.
2281 4629 2359 4676 lx,
2392 4613 2481 4668 22.
2546 4611 2768 4668 "Prov.
2789 4627 2960 4678 xxv",
2987 4613 3042 4667 2.
3088 4615 3134 4647 ⁸⁸
3163 4616 3342 4673 Calai.

1944 4683 1988 4713 θ’
2018 4683 2171 4738 Rom.
2204 4700 2296 4748 xv,
2336 4687 2393 4739 2.
2468 4685 2514 4717 ”
2538 4685 2824 4742 lsa.v.2l.
2901 4685 2943 4716 “
2976 4684 3150 4739 Galat.
3185 4702 3224 4752 I,
3255 4687 3344 4744 10.

142 4809 264 4879 (78)
300 4807 464 4873 Editi,
499 4806 714 4879 probate
743 4804 959 4872 spiritus
990 4802 1229 4879 quodex
1250 4800 1358 4879 Deo
1375 4810 1514 4852 sunt.
1540 4797 1646 4879 Sed
1680 4805 1725 4859 Β
1756 4798 2266 4879 niss.uetnRabanus
2295 4801 2845 4879 ut_in_noslro.te_xl_u.

76 4872 268 4933 omnes
303 4872 527 4932 mss.'u‘t
552 4877 604 4930 in
628 4885 812 4931 nostro
838 4884 1011 4938 textu,
1048 4872 1150 4927 nisi
1185 4873 1333 4940 quod
1369 4887 1512 4924 unus
1552 4873 1648 4922 Ita-

77 4949 218 5010 beat.
261 4950 306 5000 si
331 4964 394 5001 ea:
419 4947 525 5001 Deo
547 4956 688 4999 sunt.

81 5088 92 5098 .
140 5019 259 5090 (79)
289 5016 356 5098 Et
392 5033 485 5098 nos
527 5016 730 5098 liberati
768 5031 982 5098 sumus.
1025 5010 1375 5098 Adjuto‘riumi
1411 5020 1646 5098 nostlr'um

76 5079 383 5142 in'no'mine
430 5086 661 5147 Domini,
690 5087 780 5155 qui
820 5084 943 5154 fecit
987 5079 1172 5136 calum
1193 5090 1242 5132 et
1271 5092 1486 5134 terram.
1523 5079 1646 5134 llaec

77 5158 463 5230 desiderantur
491 5158 544 5230 in
567 5157 731 5209 editis
749 5165 805 5210 et
840 5155 1200 5230 restituuntur
1222 5165 1288 5204 ex
1324 5166 1454 5230 mss.
1548 5219 1559 5230 .

141 5229 258 5298 (80)
302 5225 668 5296 Unusquisque
700 5237 926 5278 vestrum
958 5224 1053 5298 (al.
1100 5220 1360 5298 nostrum)
1408 5220 1648 5298 prox-into

75 5290 276 5363 placeat
307 5299 363 5350 in
402 5290 554 5360 bono,
580 5290 708 5356 etc..
737 5308 907 5358 usque
941 5290 1005 5347 ad
1035 5308 1176 5360 spem
1209 5290 1515 5356 habeamus,
1553 5290 1640 5343 de.

75 5379 192 5420 sunt
226 5368 280 5420 itt
308 5377 465 5420 antea
485 5367 664 5428 editis,
696 5367 792 5420 sed
824 5365 1180 5419 restituuntur
1209 5375 1274 5414 ex
1307 5376 1436 5414 mss.

139 5438 255 5502 (81)
300 5437 724 5504 Editi,aspicias.
751 5434 954 5488 Deinde
974 5432 1288 5500 ms.Regius
1319 5428 1642 5504 ttut_n._1659,

75 5499 311 5560 mandati
361 5507 504 5559 illius
539 5499 588 5559 et
620 5507 814 5574 eloquii
845 5521 948 5575 qua
982 5499 1209 5562 dicitur]
1241 5511 1344 5556 etc.
1388 5499 1497 5555 Sed
1541 5514 1647 5555 ca:-

78 5581 168 5630 leri
198 5593 363 5638 mss..
397 5576 650 5629 i’tabanus
679 5589 732 5629 et
762 5578 912 5638 editi,
945 5576 1078 5629 utin
1111 5580 1282 5628 textu.

139 5648 253 5716 (8‘2)
295 5646 424 5700 Sub.
469 5648 624 5700 Deest
654 5649 704 5699 itt
745 5646 924 5700 editis.

139 5718 256 5785 (85)
299 5716 463 5779 Edili,
492 5717 696 5772 dolens.

141 5783 255 5859 (84)
297 5787 821 5859 rEditi,t’n/irmtores.
849 5785 1068 5859 Deinde,
1091 5783 1202 5838 lloc
1226 5784 1362 5859 enim
1396 5783 1640 5859 nimirum

75 5855 246 5925 Ipsum
267 5858 533 5910 Christum
564 5866 793 5910 avertere
822 5866 896 5908 est
928 5858 990 5908 ab
1025 5858 1139 5919 hoc,
1171 5865 1278 5911 etc.
1319 5855 1424 5910 Sed
1455 5869 1642 5910 omnes

267 5953 540 6014 Ρλτιιοι..
584 5952 698 6012 (ἔκ.
749 5950 918 6012 XIV.

1795 4868 1957 4952 (85).
1985 4867 2624 4952 Sic-ntss._et.Rabanus.
2652 4871 2970 4952 Stlttivero,
3001 4879 3047 4922 et
3074 4869 3192 4924 ideo
3223 4887 3338 4924 ma-

1754 4939 1832 5008 gis
1858 4941 1912 4990 in
1938 4939 2034 4991 hac
2065 4940 2207 4992 decet
2240 4941 2420 4994 itidem
2455 4943 2681 5009 compati
2710 4944 2954 4998 inuicem.
2981 4952 3088 4993 etc.

1756 5077 1792 5088 ἢ
1826 5008 1938 5088 (86)
1974 5007 2219 5088 basiare.
2245 5009 2338 5088 Sic
2364 5025 2496 5088 mss.
2525 5027 2579 5065 et
2605 5009 2879 5088 [tabanus
2897 5007 3063 5088 lﬂditi,
3083 5009 3334 5088 largiore.

1756 5077 1958 5132 Deinde
2005 5080 2166 5133 iidem
2201 5081 2353 5144 editi,
2399 5081 2588 5149 sinon
2629 5081 2786 5149 (mss.
2833 5077 3076 5149 quidam,
3105 5077 3243 5148 quod
3289 5085 3341 5136 si

1753 5150 1880 5220 non)
1908 5149 2117 5220 proﬁcit
2144 5152 2197 5202 in
2235 5150 2407 5219 pejus.
2442 5148 2546 5202 Sed
2581 5148 2784 5203 rectius
2822 5162 2922 5201 ms.
2949 5148 3151 5220 Regius
3183 5168 3335 5208 nutu.

1757 5218 1895 5273 1659
1923 5231 1977 5272 et
2009 5219 2261 5272 Babanus
2294 5218 2356 5273 ut
2383 5221 2433 5272 itt
2467 5230 2636 5273 textu.

1825 5290 1938 5360 (87)
1978 5288 2143 5350 Edlti,
2179 5287 2528 5360 Nequaquam
2565 5299 2741 5344 autem
2773 5287 3006 5343 homines
3037 5291 3336 5360 seductores

1753 5358 2050 5440 proﬁcient.
2099 5366 2206 5413 etc.
2246 5359 2342 5413 Ms.
2377 5358 2576 5429 Regius
2620 5375 2768 5412 uttm.
2809 5360 2942 5414 1639
2970 5358 3335 5425 etRabanus,

1752 5431 2054 5498 proﬁciunt.

1826 5500 1938 5570 (88)
1973 5497 2141 5563 Editi,
2171 5496 2320 5553 Sicut
2351 5501 2518 5569 primo
2552 5507 2630 5554 est
2657 5497 2972 5568 diligere....
3003 5501 3077 5554 ita
3128 5513 3176 5555 et
3217 5504 3332 5570 pri-

1754 5580 2144 5711 mi'SgicoEditi,
2172 5641 2526 5711 unusquisque
2543 5641 2783 5708 proximo
2812 5656 2906 5694 suo
2932 5642 3165 5709 placeat.
3191 5640 3332 5706 quod

1752 5711 1808 5763 in
1831 5710 1954 5763 aliis
1975 5711 2103 5765 dicit
2137 5725 2156 5764 :
2183 5710 2331 5766 Sicut
2370 5722 2419 5766 et
2454 5728 2547 5782 ego
2568 5728 2662 5782 per
2684 5714 2861 5792 omnia
2888 5714 3184 5767 hominibur
3212 5713 3331 5779 plu-

1751 5798 1860 5848 σεο,
1889 5795 1996 5836 etc.

2938 5944 3016 6003 1ιο
