3812 6576
376 450 396 500 1
409 447 516 501 259

1835 447 2160 503 ORIGENIS
2245 525 2251 529 1

3526 451 3649 506 i260

375 585 476 622 non
507 584 748 638 quaerens
775 569 915 639 quod
936 569 1066 622 mihi
1097 568 1222 622 utile
1244 577 1342 634 est,
1374 569 1468 623 sed
1499 572 1638 640 quod
1673 569 1872 636 multis,
1895 579 1950 622 ut
1979 576 2025 630 Α
2055 569 2358 624 ceciderunt
2404 586 2562 637 super
2609 587 2688 625 me
2717 571 2786 624 "’.
2819 569 2970 637 Quod
3012 551 3317 627 evidentius
3367 571 3463 627 liet
3507 574 3554 626 si
3593 591 3645 626 ea

371 659 507 713 salvi
535 659 752 729 ﬁant".
775 658 1067 714 Dicendum
1094 674 1223 729 ergo
1261 661 1326 714 ad
1363 659 1500 725 haec,
1525 661 1650 730 quia
1689 660 1834 715 aliud
1873 670 1957 715 est

373 751 610 804 studium
647 751 851 806 habere
901 753 1146 822 placendi
1197 753 1506 808 hominibus
1542 763 1599 807 ut
1642 753 1854 809 laudem
1887 753 1955 808 ab

372 842 454 897 eis
478 855 705 912 quaerat,
728 852 781 898 et
804 831 948 898 aliud
969 854 1054 899 est
1074 845 1310 898 studium
1345 845 1546 900 habere
1583 845 1826 915 placendi
1861 847 1956 900 ho-

373 933 611 989 minibus
635 935 688 1004 iu
713 949 780 990 eo
811 945 867 988 ut
897 935 1007 990 vita
1049 952 1142 990 sua
1178 937 1671 1006 irreprehensibilis
1711 938 1780 991 sit
1811 942 1952 1006 apud

375 1027 648 1090 homines,
680 1036 734 1082 et
771 1029 1064 1096 proficiant
1099 1043 1164 1082 ex
1201 1043 1266 1083 eo
1302 1043 1494 1083 omnes
1531 1029 1620 1098 qui
1654 1031 1736 1084 vel
1771 1030 1955 1085 vident

376 1121 536 1174 talem
567 1120 650 1174 vel
691 1120 938 1175 audiunt.
972 1120 1047 1174 lbi
1096 1137 1224 1193 ergo
1251 1121 1569 1192 placendum
1605 1139 1708 1177 non
1745 1137 1828 1180 est
1855 1127 1952 1180 ho-

372 1211 630 1273 minihus,
667 1211 754 1265 ubi
783 1222 969 1265 contra
995 1211 1154 1266 fidem
1179 1212 1328 1284 (90),
1365 1223 1551 1268 contra
1587 1214 1946 1280 honestatem,

371 1311 560 1358 contra
586 1302 903 1371 religionem
933 1312 1018 1358 est
1046 1303 1096 1357 in
1128 1319 1241 1373 quo
1274 1305 1592 1375 placeatur;
1625 1316 1679 1361 et
1711 1306 1833 1361 ideo
1871 1309 1950 1360 di-

369 1395 464 1457 cit,
492 1394 626 1458 Ouia
655 1396 700 1447 si
729 1394 1028 1448 hominibus
1058 1395 1338 1462 placerem,
1359 1397 1558 1452 hocest
1579 1399 1874 1453 incredulis
1894 1411 1948 1454 et

367 1485 675 1541 infidelibus
701 1486 862 1558 872
891 1485 1110 1553 Judzeis,
1137 1487 1334 1542 Christi
1361 1505 1536 1543 servus
1569 1506 1672 1544 non
1698 1507 1862 1544 essem
1883 1491 1946 1544 “.

368 1577 426 1633 Si
459 1579 601 1632 enim
627 1578 886 1633 voluisset
921 1577 1119 1633 Paulus
1144 1580 1590 1650 placereludmis,
1626 1581 1948 1637 Damascum

367 1685 490 1724 cum
533 1670 782 1739 epistolis
816 1672 1013 1726 missus
1057 1672 1308 1727 traxisset
1341 1674 1525 1742 utique
1557 1674 1702 1729 viros
1731 1685 1786 1728 et
1831 1691 1950 1728 mu—

368 1762 526 1816 lieres
565 1761 778 1817 vinctos
827 1761 1237 1834 Jerosolymam,
1269 1773 1324 1818 et
1369 1767 1564 1819 visioni
1619 1766 1810 1821 delatae
1844 1768 1946 1822 sibi

367 1854 420 1907 in
456 1855 539 1908 via
573 1853 652 1918 ⁸⁷,
676 1854 996 1923 cmlestique
1033 1855 1152 1909 voci
1190 1855 1301 1927 (91)
1337 1857 1556 1911 minime
1605 1859 1946 1912 credidisset.

366 1944 473 1999 Sed
504 1955 556 2000 et
586 1946 629 2000 si
657 1947 778 2013 quis
813 1962 910 2001 nos
946 1946 1148 2016 aliquid
1181 1962 1341 2016 agere
1368 1949 1537 2016 exigit
1577 1958 1762 2004 contra
1787 1950 1948 2019 justi-
1977 1937 2020 1996 Β
2051 1949 2162 2001 rint
2222 1963 2384 2017 super
2411 1947 2721 2012 tChristum
2762 1967 2778 2015 ;

367 2037 519 2102 tiam,
561 2045 748 2092 contra
774 2038 1141 2102 sanctitatem,
1177 2047 1364 2092 contra
1399 2039 1639 2109 regulam
1685 2039 1944 2095 Christia-

366 2145 510 2195 nam,
534 2138 589 2183 et
613 2130 716 2184 nisi
751 2131 854 2185 hoc
880 2145 1104 2201 agemus
1134 2131 1254 2184 odia
1297 2140 1351 2185 et
1383 2131 1697 2184 inimicitias
1725 2132 1943 2186 minita-

367 2230 473 2286 tur,
500 2231 629 2276 tunc
657 2232 872 2292 oportet
899 2238 997 2277 nos
1027 2223 1338 2276 meminisse
1359 2223 1520 2291 hujus
1551 2226 1821 2277 sermonis
1851 2225 1942 2294 qui

363 2312 494 2368 dicit
517 2331 529 2366 :
551 2313 611 2368 Si
637 2315 934 2368 hominibus
955 2314 1158 2382 placere
1191 2314 1391 2378 vellem,
1421 2313 1618 2368 Christi
1642 2333 1817 2370 servus
1842 2333 1944 2370 non

363 2422 529 2462 essent
551 2407 617 2458 ⁵⁸.
657 2405 790 2460 Cum
821 2415 1003 2459 autem
1033 2406 1232 2459 dicitur
1261 2425 1273 2460 :
1311 2405 1678 2478 Unusquisque
1720 2421 1945 2464 vestrum

363 2501 606 2570 proximo
657 2500 862 2568 placeat
891 2497 955 2561 ",
1007 2500 1317 2554 necessaria
1354 2501 1626 2555 distinctio
1673 2504 1936 2568 sociatur,

362 2606 484 2659 quae
519 2591 570 2643 in
613 2604 720 2658 quo
747 2588 859 2660 (92)
911 2588 1234 2657 placendum
1274 2591 1344 2645 sit
1389 2592 1635 2660 proximo
1664 2594 1948 2649 evidenter

363 2682 604 2737 ostendit
639 2697 760 2736 cum
789 2681 922 2736 dicit
952 2699 964 2732 :
993 2681 1058 2734 In
1096 2682 1230 2736 bono
1258 2682 1328 2735 ad
1355 2685 1781 2754 wdiﬁcationem.
1812 2688 1945 2743 Cum

362 2790 492 2842 ergo
526 2775 662 2828 bene
697 2775 930 2843 agimus,
958 2783 1013 2828 et
1043 2775 1178 2827 bene
1201 2775 1478 2838 docemus,
1514 2777 1788 2846 placemus
1823 2795 1948 2848 pro-

365 2871 534 2933 ximo,
575 2877 629 2922 et
657 2867 993 2922 aediﬁcamus
1022 2881 1168 2923 eum.
1201 2867 1316 2922 Non
1340 2870 1482 2923 enim
1512 2869 1737 2940 gloriam
1767 2873 1834 2926 ab
1860 2874 1951 2928 ho-

367 2963 604 3016 minibus
636 2965 982 3030 quaerendam
1028 2971 1244 3026 monet,
1275 2962 1369 3015 sed
1419 2961 1831 3018 aedificationem
1885 2968 1952 3021 de

364 3061 488 3104 actu
529 3063 585 3107 et
617 3067 866 3107 sermone
901 3063 1088 3107 nostro
1124 3051 1386 3121 proximis
1416 3053 1685 3120 dandam;
1716 3056 1856 3110 sicut
1890 3069 1946 3112 et

363 3146 501 3198 ineo
528 3143 668 3214 quod
698 3143 829 3198 dicit
860 3143 1263 3211 Salvator7°,ut
1281 3147 1448 3200 luceat
1470 3147 1562 3200 lux
1583 3159 1749 3201 vestra
1773 3166 1951 3203 corant

360 3237 682 3301 hominibus,
710 3237 1002 3292 etvidentes
1037 3236 1146 3308 (95)
1163 3254 1320 3305 opera
1358 3247 1528 3292 vestra
1564 3240 1716 3306 bona,
1743 3239 1949 3308 glori/i-

2062 678 2182 733 qua:
2219 663 2272 718 in
2301 663 2594 734 Evangelio
2624 665 2824 735 scripta
2851 675 2978 720 sunt
3009 664 3336 729 recolamus,
3369 669 3645 736 quomodo

2063 763 2120 806 ut
2148 753 2432 822 prodesset
2481 753 2811 819 hominibus,
2836 764 2892 809 et
2919 755 3101 809 salvos
3134 754 3340 810 laceret
3381 773 3513 817 eos.
3539 773 3643 810 cum

2062 843 2444 914 peccatoribus
2484 852 2537 898 et
2569 843 2875 913 publicanis
2914 846 3277 900 manducabat
3315 857 3368 900 et
3398 846 3644 912 bibebat,

2061 945 2117 991 et
2150 937 2217 990 ad
2272 937 2387 992 haec
2425 937 2857 1006 improperantes
2892 936 3063 993 Judaei
3107 940 3363 996 dicebant
3407 957 3424 994 :
3474 940 3647 1005 Quare

2062 1031 2309 1100 magister
2349 1042 2512 1084 vester
2543 1048 2660 1084 cum
2715 1030 3013 1101 publicanis
3039 1042 3086 1087 et
3109 1036 3478 1102 peccatoribus
3505 1052 3646 1088 mu-

2059 1130 2217 1178 ducat
2240 1125 2286 1155 ⁷³
2319 1125 2342 1177 ?
2378 1123 2459 1177 vel
2515 1124 2710 1178 iterum
2761 1140 2883 1177 cum
2944 1129 3299 1195 peccatricem
3357 1126 3642 1180 mulierem

2060 1232 2164 1271 non
2224 1217 2548 1286 prohibebat
2600 1222 2914 1289 contingere
2967 1221 3130 1288 pedes
3174 1234 3334 1283 suos,
3372 1230 3428 1274 et
3473 1219 3646 1288 lacry-

2061 1310 2162 1364 mis
2207 1309 2318 1364 suis
2370 1309 2500 1380 (:96)
2548 1311 2762 1380 rigare,
2807 1313 2890 1366 vel
2947 1313 3155 1382 capillis
3209 1313 3536 1382 detergere,
3589 1328 3644 1366 ac

2060 1400 2276 1470 myrrha
2333 1413 2680 1468 perungere;
2715 1410 2769 1454 et
2816 1414 2912 1467 pro
2965 1399 3069 1454 hoc
3110 1399 3556 1469 improperantes
3598 1410 3645 1451 et

2057 1492 2457 1560 exprobrantes
2491 1490 2660 1546 Judaei
2710 1493 2983 1556 dicebant,
3023 1493 3150 1561 quia
3176 1493 3222 1546 si
3273 1493 3357 1545 hic
3387 1493 3644 1560 propheta

2057 1592 2210 1644 esset,
2237 1582 2390 1634 sciret
2422 1583 2598 1649 utique
2620 1599 2736 1651 qua:
2764 1593 2810 1636 et
2836 1583 3008 1652 qualis
3035 1593 3114 1635 est
3147 1582 3332 1635 mulier
3361 1597 3487 1651 quae
3527 1590 3642 1632 tan-

2055 1675 2129 1744 git
2158 1691 2296 1736 eum,
2327 1675 2451 1743 quia
2496 1676 2763 1742 peccatrix
2787 1685 2862 1728 est
2889 1675 2956 1728 “.
2983 1673 3138 1741 Quod
3173 1674 3215 1728 si
3263 1674 3522 1743 requiras
3552 1688 3642 1725 cur

2057 1765 2358 1833 exemplum
2392 1765 2533 1835 quod
2564 1766 2629 1820 de
2658 1765 2872 1820 Psalmo
2909 1766 3130 1834 protulit
3165 1765 3299 1836 (97),
3337 1767 3410 1818 ita
3445 1764 3641 1820 habeat

2057 1860 2210 1926 quasi
2245 1857 2574 1926 improperia
2624 1873 2744 1926 qua:
2776 1859 3216 1928 impropereutur
3265 1859 3397 1918 Deo,
3426 1859 3641 1913 cecidi!b

2825 1950 2898 2003 ita
2963 1966 3250 2021 possumus
3299 1951 3638 2018 explanare;

2045 2041 2169 2109 quia
2218 2041 2357 2093 sicut
2403 2041 2536 2094 dixit
2576 2056 2589 2092 :
2624 2039 2726 2106 Qui
2773 2057 2854 2094 me
2901 2043 3123 2111 recipit,
3167 2043 3352 2111 recipit
3377 2059 3502 2095 eum
3557 2045 3640 2110 qui

2045 2147 2126 2185 me
2170 2132 2309 2184 misit
2328 2129 2394 2196 ⁷⁸,
2423 2132 2494 2184 ita
2524 2139 2578 2185 et
2607 2131 2709 2186 hoc
2739 2133 2909 2202 accipi
2947 2142 3126 2203 potest
3165 2152 3178 2187 :
3209 2134 3345 2200 Quia
3383 2134 3478 2201 qui
3513 2134 3636 2188 mihi

2047 2225 2398 2294 improperat,
2424 2224 2756 2292 imprOperat
2783 2226 2832 2278 ei
2857 2225 2947 2295 qui
2977 2225 3126 2279 misit
3168 2240 3254 2278 me
3282 2224 3420 2294 (98).
3454 2224 3642 2278 Exem-

2044 2316 2192 2387 plum
2234 2329 2362 2384 crgo
2395 2315 2538 2383 quod
2585 2315 2906 2384 assumpsit,
2953 2315 3006 2370 in
3051 2317 3394 2385 sexagesimo
3446 2327 3639 2370 octavo

2049 2408 2254 2476 psalmo
2290 2407 2394 2460 hoc
2434 2405 2596 2460 modo
2635 2406 2897 2476 scriptum
2923 2418 3007 2461 est
3041 2407 3299 2461 :Alienus
3326 2407 3507 2476 factus
3528 2425 3637 2460 sunt

2048 2498 2304 2568 fratribus
2334 2497 2495 2558 meis,
2521 2507 2570 2548 et
2604 2497 2786 2563 hospes
2819 2497 2946 2565 ﬁliis
2983 2500 3170 2552 matris
3204 2515 3355 2552 mete.
3395 2499 3536 2563 Quia
3565 2515 3642 2550 ιρι

2049 2593 2130 2644 lus
2167 2600 2354 2645 domus
2395 2600 2501 2642 tua:
2537 2591 2756 2643 comedit
2784 2607 2885 2655 me,
2929 2602 2977 2645 et
3019 2591 3338 2660 improperia
3377 2592 3641 2660 imprope-

2050 2684 2280 2736 rantium
2303 2682 2394 2735 tibi
2428 2683 2724 2735 ceciderunt
2760 2699 2919 2752 super
2938 2699 3038 2737 me.

2121 2775 2457 2843 Quwcunque
2483 2781 2620 2832 enim
2661 2781 2860 2842 scripta
2892 2786 3032 2834 sunt,
3065 2775 3132 2827 ad
3156 2785 3396 2828 nostram
3442 2777 3637 2828 doctri-

2051 2884 2172 2920 nam
2219 2870 2416 2936 scripta
2442 2882 2560 2922 sunt
2584 2869 2649 2924 ⁷⁸.
2677 2868 2868 2923 Simile
2890 2877 2975 2920 est
3017 2867 3122 2920 hoc
3149 2865 3222 2919 illi
3265 2865 3414 2933 quod
3444 2866 3561 2935 ipse
3588 2866 3638 2919 ia

2051 2959 2177 3013 aliis
2210 2961 2340 3014 dicit
2373 2979 2386 3014 :
2419 2961 2630 3028 Scripta
2661 2973 2783 3015 sunt
2815 2969 2989 3012 autem
3011 2969 3222 3026 propter
3261 2975 3380 3021 nos,
3418 2960 3472 3010 in
3514 2975 3637 3028 quos

2051 3051 2179 3118 fines
2206 3054 2516 3106 sa’culorum
2533 3054 2846 3107 devenerunt
2859 3053 2927 3102 ⁷⁷.
2947 3050 3100 3116 Quod
3121 3051 3166 3104 si
3184 3052 3491 3118 requiritur
3513 3067 3641 3120 quo-

2055 3144 2214 3199 modo
2253 3160 2474 3216 pmpter
2515 3161 2614 3200 nos
2667 3146 2872 3215 scripta
2913 3145 3023 3199 sint
3083 3144 3193 3214 (99)
3252 3160 3378 3213 qua:
3442 3148 3633 3214 scripta

2056 3245 2201 3302 sunt,
2233 3239 2354 3292 vide
2378 3240 2502 3308 quia
2534 3247 2754 3308 propter
2788 3253 2887 3292 nos
2912 3238 3174 3306 scriptum
3208 3247 3296 3291 est
3327 3251 3342 3289 :
3381 3239 3506 3291 Non
3557 3239 3636 3290 ob-

363 3337 478 3383 cent
515 3328 728 3383 Patrem
764 3337 989 3384 vestrum
1014 3331 1102 3400 qui
1143 3329 1198 3383 in
1228 3329 1368 3383 cwlis
1400 3339 1493 3384 est.
1531 3329 1635 3384 Per
1666 3334 1806 3401 quod
1842 3349 1945 3387 ιιοη
1976 3301 2020 3360 c
2055 3327 2256 3380 turabis
2280 3344 2335 3382 os
2368 3330 2481 3381 bovi
2503 3329 2776 3382 trituranti
2801 3346 2818 3392 ;
2843 3345 2945 3382 non
2969 3329 3107 3380 enim
3127 3328 3192 3380 de
3216 3327 3378 3379 bobus
3415 3343 3542 3378 cura
3568 3337 3634 3378 est

364 3420 551 3490 utique
576 3421 640 3474 ad
665 3421 1009 3490 quaerendam
1035 3420 1103 3474 ab
1126 3420 1439 3476 hominibus
1467 3421 1692 3492 gloriam
1717 3425 1950 3491 discipu-

365 3513 445 3567 los
490 3513 837 3577 adhortatur,
869 3513 963 3566 sed
1016 3523 1076 3567 ut
1119 3523 1268 3567 recte
1317 3513 1650 3584 honesteque
1703 3516 1946 3572 viventes

361 3605 776 3683 :mlilicalionem
805 3605 1114 3660 videntibus
1136 3605 1412 3674 praebeant
1440 3606 1572 3677 (94),
1591 3617 1643 3661 et
1670 3608 1943 3679 gloriﬁce-

361 3705 450 3748 tur
484 3694 626 3749 Deus
652 3694 740 3763 qui
776 3694 1084 3749 hominibus
1108 3696 1250 3749 viam
1275 3697 1676 3753 emendationis
1709 3709 1763 3754 et
1793 3699 1940 3753 salu-

363 3787 431 3842 tis
464 3788 693 3858 apcruit.
727 3785 870 3841 Nam
893 3797 940 3841 et
966 3786 1204 3844 Christus
1228 3806 1331 3843 non
1362 3791 1461 3844 sibi
1481 3790 1702 3859 placuit,
1722 3795 1810 3846 sed
1834 3794 1940 3847 sic-

361 3890 414 3933 ut
443 3881 694 3945 scriptum
733 3891 806 3934 est
830 3893 848 3931 :
875 3878 1206 3948 Improaeria
1234 3883 1704 3952 improperantium
1737 3885 1828 3937 tibi
1855 3901 1939 3938 ce-

361 3975 600 4027 ciderunt
646 3989 802 4042 super
841 3988 940 4027 me.
974 3971 1029 4026 ln
1062 3973 1163 4028 hoc
1199 3974 1412 4028 videtur
1461 3975 1769 4038 ostendere,
1809 3977 1935 4046 quia

359 4076 414 4119 et
443 4064 690 4120 Christus
719 4081 824 4119 non
862 4067 964 4121 sibi
997 4066 1232 4135 placens,
1258 4081 1358 4120 nec
1391 4067 1634 4136 rapinam
1663 4067 1937 4122 arbitrans

359 4173 482 4214 esse
535 4174 594 4214 se
625 4160 886 4227 aequalem
935 4159 1065 4224 Deo,
1117 4161 1468 4228 semetipsum
1511 4161 1811 4214 exiuanivit
1838 4163 1880 4192 '”
1918 4179 1933 4224 ;

363 4252 455 4305 sed
493 4251 676 4304 volens
706 4252 1017 4307 hominibus
1041 4251 1286 4321 placere‘,
1314 4253 1414 4305 hoc
1441 4261 1524 4306 est
1557 4251 1802 4306 homines
1832 4252 1937 4306 sal-

365 4356 531 4406 vare,
573 4341 899 4410 improperia
958 4341 1443 4411 improperantium
1498 4342 1737 4412 pertulit,
1796 4346 1938 4397 sicut
1991 4413 1994 4418 .

364 4429 625 4500 scriptum
650 4441 734 4484 est
778 4445 790 4481 :
834 4429 1155 4501 lmproperia
1182 4435 1666 4501 .improperantium
1702 4435 1798 4488 tibi
1827 4434 1937 4505 (95)

431 4565 690 4642 ’ξΑΙΑ-βοιι.
737 4565 937 4642 ιει55.η
971 4567 1016 4642 ‘_‘
1045 4567 1223 4642 Galat.
1255 4587 1291 4630 ι.
1318 4573 1402 4627 10.
1482 4573 1523 4605 ⁸⁷
1556 4572 1676 4626 Act.
1720 4590 1796 4636 is,
1843 4573 1879 4627 2
1919 4587 2036 4642 seq.

360 4638 403 4671 "
445 4638 642 4705 Philip.
675 4655 734 4701 tt,
767 4637 820 4692 6.
897 4639 943 4670 τ’
975 4636 1118 4692 Psal.
1165 4657 1357 4703 vaut,
1409 4643 1496 4699 10.
1574 4644 1619 4674 ⁷³
1654 4643 1819 4698 Marc.
1859 4661 1921 4707 ll,

2127 4644 2175 4676 ⁷⁸
2215 4644 2344 4697 Luc.
2391 4660 2484 4704 vn,
2531 4643 2617 4697 59.
2694 4643 2740 4673 ⁷⁸
2772 4640 2901 4695 Luc.
2945 4655 3021 4694 lx.
3057 4639 3143 4692 48.

1007 4709 1052 4781 ’(⁸
1078 4709 1229 4781 Deut.
1284 4730 1408 4777 xxv,
1442 4715 1514 4781 4;
1553 4712 1569 4766 Ι
1601 4714 1725 4768 Cor.
1762 4731 1837 4779 Ix,
1871 4715 1922 4769 9.
2001 4715 2047 4746 "
2069 4714 2246 4768 Galat.
2275 4730 2346 4778 tv,
2389 4714 2478 4768 22.
2553 4716 2598 4744 ⁹⁶⁰
2625 4713 2793 4767 Exod.
2827 4725 2934 4774 xvi,
2967 4709 3070 4776 55;
3103 4725 3236 4773 xui,
3267 4711 3324 4764 6.
3396 4710 3441 4739 ⁸⁸
3471 4711 3623 4764 lCor.

357 4709 413 4764 4.
487 4708 574 4761 ⁷⁷1
609 4709 732 4763 Cor.
768 4725 821 4772 x,
847 4709 934 4763 11.

362 4794 417 4847 x,
444 4780 498 4835 4.
568 4779 614 4811 ⁸⁸
645 4779 800 4834 Rom.
826 4777 1163 4846 xm,25,26.

432 4921 542 4994 (90)
560 4993 566 4994 γ
582 4921 744 4994 Editi,
799 4922 964 4994 Deum
1009 4937 1108 4991 pro

360 4991 529 5048 num.
551 4992 686 5048 1659
719 5003 775 5046 et
803 4991 1078 5056 Rabanus,
1112 4993 1166 5046 in
1200 5009 1302 5062 quo
1331 4991 1586 5061 placetur.
1617 4991 1723 5046 Sed
1750 4991 1934 5044 caueri

361 5077 491 5116 mss.
515 5073 570 5117 et
599 5063 728 5117 editi
756 5074 814 5117 ut
835 5064 888 5115 in
923 5072 1092 5117 textu.

433 5131 545 5252 (9i)
585 5133 749 5198 Editi,
787 5133 1078 5202 catulique
1119 5132 1255 5187 vita.
1301 5131 1522 5212 Deinde,
1551 5129 1656 5186 Sed
1679 5130 1788 5185 etsi
1813 5131 1932 5197 quis

434 5219 456 5252 s
477 5219 509 5252 a
535 5203 625 5252 md
651 5219 823 5252 aaere.
846 5202 909 5252 Et
938 5203 1095 5252 paulo
1117 5211 1238 5252 post
1262 5217 1362 5252 ms.
1387 5203 1582 5252 Remus
1605 5217 1753 5252 num.
1772 5201 1932 5252 1659.

362 5201 456 5256 nos
477 5201 625 5254 aliud
651 5219 823 5270 agere.
846 5202 909 5257 Et
938 5201 1095 5272 paulo
1117 5211 1238 5271 post
1262 5217 1362 5256 ms.
1387 5203 1582 5270 Regius
1605 5217 1753 5255 num.
1772 5201 1932 5264 1659,

362 5286 486 5324 tunc
511 5281 712 5398 (form
749 5289 842 5326 nos
878 5271 1174 5327 meminisse
1207 5274 1460 5326 sermonis
1484 5271 1644 5340 hujus
1666 5287 1770 5340 quo
1802 5272 1934 5325 dici-

362 5352 450 5395 tur
473 5357 493 5395 :
553 5344 608 5398 ‘i.
632 5355 734 5397 etc.
788 5343 895 5396 Sed
927 5344 1106 5397 caeteri
1141 5357 1269 5396 mss.
1303 5353 1357 5395 et
1393 5344 1523 5396 editi
1561 5351 1620 5396 ut
1668 5345 1723 5396 in
1758 5350 1930 5398 textu.

388 5359 450 5394 ur
473 5357 493 5395 ἔ
525 5355 608 5401 δι.
632 5355 734 5397 etc.
788 5355 895 5396 δθιι
927 5355 1106 5397 caeteri
1141 5357 1269 5396 IIISS.
1303 5355 1357 5395 et
1393 5355 1523 5396 eum
1561 5355 1620 5396 111
1668 5356 1723 5396 In
1758 5355 1930 5407 [CXII],

363 5413 462 5466 nisi
489 5413 631 5480 quod
659 5413 787 5466 editi
822 5413 1074 5476 habeant,
1102 5413 1238 5478 Quia
1263 5413 1330 5476 si,
1357 5423 1467 5467 etc.

363 5550 394 5554 _
433 5482 544 5554 (92)
586 5479 714 5554 Ms._
734 5482 934 5551 Regius
986 5499 1135 5537 nunt.
1186 5482 1344 5548 1659,
1375 5493 1526 5552 atque
1541 5483 1632 5554 _in_
1667 5497 1790 5554 quo,
1819 5490 1928 5554 etc.

361 5550 534 5607 Paulo
547 5562 664 5622 post
682 5550 958 5618 Rabanus,
976 5554 1237 5608 evidenter
1261 5550 1522 5608 ostendat.
1541 5551 1745 5606 Deinde
1773 5553 1926 5618 editi,

361 5625 415 5676 in
444 5625 654 5687 bonum,
688 5633 792 5676 etc.

435 5694 544 5766 (95)
585 5694 659 5746 Ita
688 5707 876 5766 oinnes
906 5709 1058 5755 utss.,
1090 5693 1365 5757 Rabauus,
1410 5702 1466 5747 et
1498 5693 1662 5748 editio
1697 5693 1925 5750 Veneta.

362 5762 557 5818 Caeteri
596 5765 748 5825 editi,
786 5773 838 5816 ut
867 5765 1112 5827 videntes,
1147 5773 1251 5816 etc.
1767 5825 1772 5829 _

435 5834 544 5903 (94)
587 5835 678 5887 Sic
710 5847 813 5886 ms.
845 5832 1043 5898 Regius
1070 5849 1215 5885 num.
1251 5832 1389 5887 1659
1419 5842 1474 5888 et
1503 5834 1776 5888 Rabanus.
1807 5833 1927 5887 Cte-

363 5905 464 5960 teri
495 5919 621 5969 vero
645 5920 776 5960 mss.
807 5917 862 5961 et
890 5904 1038 5970 editi,
1075 5904 1142 5958 ad
1187 5903 1587 5972 aediﬁcationem
1635 5905 1929 5960 videntibus

2050 3417 2184 3484 Deo,
2221 3425 2310 3472 seu
2337 3419 2400 3471 de
2425 3419 2574 3470 nobis
2598 3417 2728 3470 dicit
2757 3416 2840 3482 ⁷⁸;
2877 3425 2932 3470 et
2974 3427 3196 3485 propter
3223 3430 3326 3468 nos
3379 3417 3634 3484 scriptum

2049 3521 2153 3574 est,
2183 3511 2308 3580 quia
2352 3512 2620 3564 Abraham
2656 3511 2789 3564 duos
2833 3510 2975 3578 ﬁlios
3000 3508 3205 3569 habuit,
3250 3525 3426 3560 unum
3456 3511 3520 3560 de
3548 3524 3635 3563 at:-

2047 3601 2193 3668 cilla,
2226 3613 2272 3654 et
2299 3618 2460 3654 unum
2502 3603 2566 3655 de
2608 3601 2795 3664 libera,
2821 3609 2880 3654 ut
2924 3613 3024 3653 nos
3057 3599 3300 3654 sciamus
3347 3598 3484 3668 quia
3532 3599 3634 3651 haec

2046 3705 2172 3749 sunt
2202 3694 2516 3763 allegorica,
2554 3702 2606 3747 et
2639 3694 2750 3747 lucc
2783 3703 2902 3745 sunt
2929 3694 3034 3744 duo
3057 3699 3374 3744 testamenta
3395 3693 3468 3744 ⁷⁹.
3509 3690 3631 3744 Pro-

2048 3795 2170 3854 pter
2199 3800 2296 3838 nos
2321 3796 2377 3838 et
2411 3785 2544 3837 illud
2573 3783 2832 3852 scriptmn
2858 3793 2943 3836 est
2970 3783 3042 3846 3°,
3066 3781 3190 3850 quia
3225 3786 3465 3850 populus
3496 3799 3606 3835 tuan

2048 3879 2267 3934 ducavit
2297 3893 2495 3931 manna
2533 3879 2583 3930 in
2607 3879 2846 3943 deserto,
2886 3889 2942 3930 et
2977 3877 3112 3930 bibit
3145 3892 3346 3944 aquam
3379 3879 3449 3931 de
3492 3889 3628 3946 petra

2046 3981 2104 4024 ut
2143 3985 2242 4026 nos
2271 3969 2695 4039 intelliget-emus
2726 3972 2852 4034 quia
2894 3969 3184 4036 spiritalem
3209 3985 3390 4022 escam
3417 3973 3629 4021 mandu-

2044 4077 2312 4132 caverunt,
2357 4078 2404 4120 et
2437 4065 2728 4134 spiritalem
2775 4076 2952 4134 potum
2992 4064 3254 4125 biberunt,
3304 4065 3535 4118 bibentes
3572 4069 3628 4116 de

2039 4159 2275 4228 sequenti
2303 4167 2471 4225 petra,
2498 4171 2616 4226 qua:
2649 4165 2796 4224 petra
2823 4167 2934 4208 erat
2960 4152 3202 4207 Christus
3230 4152 3386 4224 “.(l)
3416 4155 3482 4207 Et
3504 4156 3623 4218 haec,

2042 4261 2204 4322 atque
2244 4251 2348 4304 alia
2383 4247 2690 4317 hujusmodi
2727 4258 2881 4301 erant
2913 4246 3196 4316 mysteria,
3239 4262 3365 4316 qua:
3395 4248 3626 4300 occulta.

2046 4354 2096 4396 ta
2129 4353 2255 4398 sunt
2297 4342 2636 4410 temporibus
2690 4340 2911 4394 aeternis
2943 4341 3021 4403 8‘,
3055 4339 3407 4393 manifestata
3457 4350 3623 4392 autem

2047 4451 2192 4489 nunc
2225 4449 2320 4504 per
2355 4431 2668 4502 Scripturas
2702 4430 3069 4500 propheticas,
3103 4441 3158 4484 et
3197 4431 3492 4484 adventura
3527 4431 3623 4484 Do»

2661 4572 2703 4603 ⁶⁹
2732 4570 2988 4632 Rom.xv,
3014 4569 3070 4622 2.
3147 4568 3193 4598 ⁷⁰
3225 4568 3419 4622 Matth.
3449 4586 3496 4631 ι’,
3542 4566 3621 4621 16.

2694 4643 2740 4673 ⁷⁸
2772 4640 2901 4691 Luc.
2945 4655 3021 4691 ix.
3057 4639 3143 4691 48.
3242 4640 3290 4670 ⁷⁸
3332 4640 3490 4691 Rom.
3529 4654 3619 4691 ιν.

3380 4656 3490 4692 om.
3529 4654 3619 4703 1',

2118 4574 2162 4607 ⁸⁸
2194 4573 2373 4627 Galat.
2405 4589 2448 4633 ι,
2490 4572 2578 4628 10.

1150 4921 1329 4989 ﬁdem.
1369 4921 1572 4975 Deinde
1599 4936 1698 4974 ms.
1735 4919 1934 4989 Regius
1967 4925 2012 4979 Ι)
2041 4919 2302 4989 placeant.

2114 4988 2226 5057 (95)
2271 4988 2407 5042 Tibi.
2440 4987 2494 5041 lu
2524 4997 2682 5042 antea
2712 4989 2877 5045 editis
2913 4991 3431 5059 praetermittuntur.

2112 5059 2228 5127 (96)
2271 5059 2419 5113 Suis.
2459 5059 2512 5112 In
2540 5059 2701 5114 editis
2730 5061 3024 5114 omittitur.

2113 5127 2228 5196 (97)
2275 5127 2523 5183 Protulit.
2559 5129 2906 5184 Desideratur
2930 5133 2982 5183 in
3017 5131 3170 5186 libris
3198 5141 3366 5187 antea
3395 5133 3556 5188 editis

2112 5197 2223 5269 (98)
2266 5198 2368 5269 Sic
2396 5214 2584 5255 omnes
2619 5216 2750 5254 mss.
2781 5211 2834 5254 et
2867 5201 3145 5256 Rabauus.
3190 5203 3338 5256 Editi
3370 5220 3518 5268 vero,
3538 5218 3624 5257 ex-

2039 5268 2265 5350 emplum
2288 5268 2448 5336 enim,
2467 5279 2599 5331 etc..
2620 5271 2814 5327 deinde
2843 5273 3100 5326 omittunt
3121 5285 3338 5339 octavo,
3377 5279 3520 5344 quod
3545 5290 3623 5328 re-

2041 5349 2271 5394 stituunt
2298 5354 2487 5408 omnes
2514 5356 2642 5397 mss.

2113 5409 2225 5480 (99)
2267 5409 2531 5482 Sic_recte
2563 5428 2664 5466 ms.
2697 5410 2899 5482 Regius
2931 5428 3080 5466 num.
3113 5411 3275 5468 1659.
3308 5413 3506 5470 Caeteri
3538 5427 3621 5466 ve-

2043 5479 2129 5534 ro
2155 5494 2322 5546 mss.,
2359 5479 2618 5536 Rabanus
2663 5492 2717 5537 et
2758 5479 2885 5537 editi
2936 5483 3231 5551 omittunt,
3269 5501 3392 5554 qute
3432 5487 3619 5552 scripta

2034 5561 2177 5603 sunt.

2107 5621 2184 5689 (1)
2227 5619 2390 5684 Editi,
2433 5619 2565 5674 Ilwc
2599 5630 2752 5691 atque
2804 5621 2911 5676 alia
2977 5623 3288 5692 hujusmodi
3343 5635 3492 5678 erant
3518 5641 3620 5693 my-

2039 5693 2223 5755 steria,
2280 5707 2397 5763 qua:
2437 5693 2642 5744 occulta
2686 5702 2806 5745 sunt
2863 5695 3178 5763 temporibus
3235 5698 3453 5748 retentis
3480 5711 3500 5749 :
3532 5694 3618 5746 sed

2036 5777 2167 5834 mss.
2200 5771 2258 5815 et
2287 5761 2542 5834 Rabauus
2574 5771 2632 5814 ut
2666 5764 2721 5834 In
2765 5761 3155 5834 nostro'textu,
3187 5765 3287 5817 nisi
3315 5767 3460 5834 quod
3488 5765 3614 5817 alius

2037 5832 2202 5885 habet
2235 5832 2438 5883 occulta
2488 5846 2647 5893 sunt;
2675 5833 2831 5901 alius,
2871 5838 3078 5902 occulta
3105 5832 3362 5902 {uerunt}
3404 5847 3461 5891 et
3507 5833 3610 5894 alii,

2034 5903 2354 5970 temporibus
2380 5903 2682 5970 prtrteritis.
3002 5901 3011 5912 ’
