3796 6538
126 459 247 516 libi

1067 452 1421 511 COMMENT.
1464 450 1529 505 ΙΝ
1570 446 1789 505 EPIST.
1831 448 1924 503 AD
1962 447 2129 505 ROM.
2170 449 2297 504 LIB.
2333 448 2402 505 Χ.

3223 410 3376 510 ηδε
3428 456 3447 465 ”

122 580 243 636 mini
272 587 329 633 et
356 577 665 632 Salvatoris
689 575 858 631 nostri
888 571 1014 630 Iesu
1042 574 1241 630 Christi
1264 573 1334 626 ⁸³.
1366 571 1473 628 Sed
1502 581 1563 626 ut
1585 572 1685 625 ad-
1709 573 1760 630 Δ
1785 576 1890 631 est,
1926 582 2090 622 unum
2136 577 2300 639 atque
2343 568 2486 621 idem
2536 569 2835 625 sentientes
2877 571 2932 625 in
2968 572 3186 628 nomine
3229 572 3360 627 Jesu

120 662 219 716 huc
245 660 588 719 manifestius
615 663 708 718 ﬁat
725 671 996 733 quomodo
1017 680 1140 737 qua:
1160 670 1362 739 scripta
1383 677 1532 734 sunt,
1553 687 1683 742 pro-

119 762 232 824 pter
255 768 359 809 nos
387 755 599 825 scripta
618 764 764 820 sunt,
793 755 865 812 de
884 758 1051 825 priori
1078 761 1278 832 populo
1300 761 1433 817 dicit
1458 763 1685 833 prophe-

121 854 186 910 ta,
211 845 334 916 quia
363 862 499 900 aure
517 847 759 912 audietis,
784 858 833 901 et
864 863 969 901 non
999 851 1261 916 audietis;
1288 864 1336 906 et
1360 854 1589 908 videntes
1614 856 1685 909 vi-

120 940 312 1003 debitis,
340 950 391 994 et
420 956 524 995 non
550 941 847 1013 intelligetis
870 942 937 996 “.
964 944 1041 998 De
1062 945 1220 1000 nobis
1244 956 1425 1000 autem
1448 947 1674 1009 dicitur.

120 1031 235 1101 quia
264 1033 451 1102 quibus
493 1050 596 1087 non
637 1045 713 1087 est
750 1036 1051 1089 nuntiatum
1089 1038 1291 1100 de’eo,
1322 1038 1595 1104 videbunt;
1633 1047 1682 1095 et

120 1125 203 1193 qui
230 1141 333 1178 non
360 1127 665 1191 audierunt,
712 1127 1003 1199 intelligent
1030 1129 1097 1183 ⁸⁸.
1142 1129 1434 1186 Considera
1461 1148 1589 1203 ergo
1618 1150 1684 1188 ex

120 1217 215 1272 hoc
246 1227 471 1288 propter
499 1220 645 1289 quod
678 1235 799 1289 quae
840 1221 1041 1290 scripta
1071 1237 1200 1276 sunt
1236 1223 1434 1293 scripta
1465 1225 1684 1279 videan-

53 1348 61 1358 .
120 1318 199 1363 tur
228 1310 327 1379 (2).
366 1309 500 1375 Qua:
546 1311 692 1365 enim
726 1311 1066 1377 scribuntur,
1106 1314 1226 1367 sine
1263 1314 1427 1368 dubio
1464 1325 1684 1384 propter

118 1415 205 1454 eos
240 1400 558 1457 scribuntur
596 1403 688 1472 qui
737 1403 906 1458 visuri
939 1413 995 1459 et
1025 1403 1351 1475 intellecturi
1388 1416 1537 1469 sunt,
1571 1423 1679 1461 non

116 1500 333 1560 propter
361 1507 457 1547 eos
485 1494 577 1563 qui
616 1508 795 1564 neque
825 1495 997 1550 visuri
1035 1511 1213 1565 neque
1246 1497 1568 1551 intellecturi
1598 1497 1679 1551 di-

118 1593 329 1641 cuntur.
356 1586 461 1651 Qui
488 1596 671 1642 autem
692 1587 998 1659 intelligunt
1020 1605 1141 1659 quae
1162 1590 1359 1659 scripta
1382 1599 1528 1652 sunt,
1551 1590 1683 1644 illud

117 1681 228 1734 sine
255 1679 423 1734 dubio
448 1680 731 1735 invenient
760 1681 903 1750 quod
925 1691 1319 1750 consequenter
1339 1682 1677 1752 adiungitur:

116 1771 159 1802 “
184 1772 243 1826 Ut
267 1789 360 1840 per
388 1773 723 1838 patientiam.
759 1782 805 1825 et
836 1773 1237 1827 consolationem
1266 1772 1677 1843 Scripturarum,

115 1877 248 1929 spem
286 1862 573 1915 habeamus
619 1862 690 1915 ad
720 1861 885 1915 Deum
916 1862 1012 1931 (5).
1045 1862 1206 1932 673
1247 1862 1679 1918 Consolationetn

116 1968 339 2021 namque
367 1970 436 2007 ex
466 1955 761 2025 Scripturis
789 1970 901 2008 non
925 1955 1013 2009 ille
1040 1956 1130 2025 qui
1164 1970 1340 2024 neque
1363 1956 1555 2018 credit,
1582 1971 1682 2011 ne-

115 2058 212 2111 que
231 2045 483 2114 intelligit
501 2084 516 2104 .
541 2045 634 2098 sed
659 2044 746 2098 ille
766 2044 854 2113 qui
878 2053 934 2099 et
952 2047 1125 2102 credit
1144 2058 1197 2102 et
1220 2048 1484 2118 intelligit,
1513 2049 1675 2118 capit.

176 2125 223 2180 7.
260 2125 403 2180 Deus
435 2134 612 2181 autem
638 2130 905 2195 patientia:
949 2141 997 2183 et
1025 2131 1398 2187 consolationis
1427 2135 1513 2188 det
1536 2137 1678 2190 vobis

110 2218 158 2270 id
182 2219 349 2283 ipsum
372 2235 556 2287 sapere
578 2222 629 2273 in
652 2221 966 2274 alterutrum
995 2223 1280 2276 secundum
1307 2222 1491 2280 Iesum
1519 2227 1677 2282 Chri-

107 2321 237 2363 stum
265 2327 285 2365 :
345 2322 400 2363 ut
442 2313 716 2366 unanimes
747 2313 822 2383 (4)
855 2330 960 2367 uno
990 2329 1078 2366 ore
1105 2314 1454 2383 honori/icetis
1485 2319 1674 2386 Deum,

106 2413 147 2457 et
172 2401 383 2457 Patrem
415 2403 629 2460 Domini
680 2406 844 2459 nostri
868 2405 996 2459 Iesu
1028 2403 1250 2461 Christi.
1287 2407 1508 2478 Propter
1533 2415 1673 2482 quod

105 2497 343 2562 suscipite
384 2496 634 2560 invicem,
689 2498 825 2550 sicut
863 2507 913 2550 et
961 2495 1207 2552 Christus
1241 2504 1465 2569 suscepit
1499 2520 1585 2557 vos
1619 2505 1673 2558 in

105 2586 341 2641 honorem
367 2588 462 2642 Dei
489 2589 552 2642 ⁸⁷.
589 2588 648 2643 Si
678 2591 936 2657 patientia
961 2590 1133 2644 virtus
1159 2600 1263 2655 est,
1287 2594 1465 2648 omnis
1491 2605 1671 2649 autem

108 2677 264 2731 virtus
295 2694 326 2730 a
356 2677 470 2731 Deo
497 2689 579 2733 est
610 2696 625 2746 ;
660 2690 716 2733 et
744 2679 1003 2749 patientia
1035 2696 1066 2735 a
1095 2682 1206 2737 Deo
1237 2692 1343 2737 est.
1375 2683 1512 2739 Cum
1538 2701 1667 2755 ergo

104 2771 295 2826 dicitur
328 2773 470 2827 Deus
502 2776 800 2841 patientiae,
838 2776 941 2830 hoc
967 2788 1049 2832 est
1078 2778 1222 2846 quod
1248 2779 1463 2833 videtur
1487 2788 1673 2835 osten‘

103 2863 173 2929 di,
192 2866 316 2934 quia
350 2864 494 2920 Dens
516 2882 637 2920 cum
666 2867 748 2922 his
770 2877 856 2922 est
886 2870 976 2936 qui
1003 2870 1208 2924 habent
1238 2872 1291 2924 in
1317 2886 1377 2925 se
1410 2872 1668 2926 virtutem

101 2956 410 3023 patientiae:
448 2956 595 3009 sicut
641 2971 765 3009 cum
797 2957 994 3012 dicitur
1023 2958 1448 3027 Deusjustitia,
1481 2970 1667 3016 osten-

100 3048 238 3101 ditur
264 3051 320 3101 in
353 3048 440 3102 his
466 3062 589 3102 esse
617 3048 757 3103 Deus
783 3050 873 3120 qui
923 3061 1143 3105 servant
1170 3052 1463 3121 justitiam.
1497 3053 1667 3107 Simi-

100 3136 212 3192 liter
237 3151 296 3193 et
324 3140 469 3195 Deus
490 3139 761 3203 veritatis,
784 3149 839 3194 et
867 3141 1008 3196 Deus
1033 3142 1318 3212 sapientia:
1350 3143 1430 3215 (5)
1463 3144 1664 3199 intelli-

1790 656 2018 725 Christi,
2048 658 2145 723 ibi,
2174 660 2352 728 inquit
2384 657 2521 729 (l0),
2550 676 2637 713 ero
2669 662 2724 714 in
2755 663 2926 716 medio
2948 680 3153 719 eorum.
3183 663 3281 720 Vis
3308 675 3364 718 et

1789 747 1937 803 aliud
1963 751 2209 819 accipere
2234 752 2546 818 exemplum
2570 793 2585 812 .
2613 755 2884 821 quomodo
2924 771 3090 809 unum
3118 756 3365 810 sentien-

1791 840 1934 896 tibus
1960 841 2209 897 Christus
2242 844 2448 897 medius
2478 842 2615 897 ﬁat?
2647 844 2781 900 Vide
2811 845 3115 900 in'Actibus
3141 857 3361 915 aposto-

1790 932 1965 990 lorum
1999 936 2273 1006 quomodo
2302 944 2426 1004 post
2451 938 2822 991 ascensionem
2850 937 3084 1000 Domini,
3108 953 3232 993 cum
3254 939 3364 993 ele-

1790 1035 2032 1091 vassent,
2065 1026 2262 1096 inquit,
2294 1028 2545 1082 undecim
2582 1026 2695 1098 (ll)
2731 1028 2963 1098 apostoli
2989 1043 3112 1083 cum
3146 1031 3364 1084 caeteris

1791 1134 2002 1182 vocem,
2036 1128 2091 1174 et
2119 1119 2447 1174 unanimiter
2475 1131 2765 1184 orassent,
2797 1130 2976 1174 motus
3006 1129 3091 1175 est
3124 1120 3276 1175 locus
3309 1125 3362 1176 in

1795 1228 1902 1282 quo
1929 1212 2170 1279 stabant,
2203 1224 2259 1268 et
2292 1213 2636 1283 praesentiam
2666 1214 2843 1269 sancti
2869 1213 3109 1284 Spiritus
3144 1231 3364 1270 merue-

1792 1311 1920 1356 runt
1944 1303 2012 1358 ’°.
2045 1302 2107 1358 Ut
2147 1314 2326 1359 autem
2374 1306 2555 1360 adhuc
2603 1313 2807 1372 quanta
2856 1304 2931 1358 sit
2984 1305 3364 1361 unanimitatis

1793 1393 1966 1448 virtus
1991 1435 2006 1460 ,
2034 1404 2088 1449 et
2119 1406 2317 1463 quanta
2346 1396 2524 1466 gratia
2564 1386 2764 1450 clarius
2792 1396 2883 1449 liat
2908 1437 2924 1461 ,
2966 1411 3075 1450 non
3111 1406 3241 1465 puto
3268 1399 3364 1450 ab-

1793 1482 2018 1536 surdum
2046 1484 2240 1549 videri,
2270 1485 2313 1539 si
2344 1501 2404 1539 ea
2437 1501 2558 1555 quae
2590 1485 2744 1539 nobis
2770 1485 2836 1540 de
2868 1484 2952 1538 his
2977 1486 3141 1539 etiam
3173 1487 3224 1539 in
3257 1485 3364 1542 Ve-

1796 1576 1894 1629 teri
1941 1574 2289 1632 Testameuto
2335 1594 2363 1630 a
2405 1577 2651 1646 patribus
2703 1576 3105 1631 rationabiliter
3161 1578 3361 1631 tradita

1793 1677 1938 1732 sunt,
1969 1668 2053 1723 his
2101 1669 2314 1724 scilicet
2345 1669 2435 1739 qui
2464 1683 2531 1722 ex
2565 1667 2804 1723 Hebraeis
2829 1670 2899 1723 ad
2950 1668 3157 1723 Christi
3200 1668 3363 1723 [idem

1793 1768 2099 1825 venerunt,
2151 1761 2205 1814 in
2256 1761 2489 1815 medium
2536 1758 2894 1828 proferamus.
2950 1759 3185 1833 Aiebant
3231 1776 3363 1831 ergo

1797 1863 1906 1907 tres
1928 1851 2039 1924 (12)
2070 1852 2190 1906 illos
2216 1852 2356 1906 ﬁlios
2382 1852 2522 1907 Core
2541 1867 2771 1921 quorum
2803 1853 3023 1907 nomina
3056 1853 3364 1908 invenimus

1782 1946 1836 1998 in
1873 1945 2056 1998 Exodo
2090 1944 2163 2010 “,
2192 1945 2244 1999 id
2267 1954 2371 2009 est,
2398 1945 2536 1999 Aser
2562 1947 2654 2016 qui
2687 1947 3078 2015 interpretatur
3103 1944 3358 2010 eruditio,

1780 2048 1833 2092 et
1890 2038 2132 2092 Elchana
2167 2040 2258 2108 qui
2303 2039 2357 2092 in
2407 2050 2592 2093 nostra
2626 2038 2806 2107 lingua
2849 2039 3050 2095 dicitur
3098 2040 3359 2106 possessio

1781 2129 1974 2201 Dei.et
2000 2129 2273 2199 Abiasaph
2307 2131 2396 2199 qui
2429 2130 2483 2184 in
2510 2130 2703 2185 Latino
2728 2144 2979 2185 sermone
3004 2131 3213 2184 indicat
3238 2146 3359 2185 con-

1779 2224 2131 2293 gregationem
2158 2224 2329 2291 patris
2350 2264 2365 2290 ,
2396 2239 2516 2277 cum
2548 2233 2702 2292 pater
2729 2238 2917 2277 eorum
2965 2222 3103 2278 Core
3133 2239 3358 2292 peccas-

1778 2324 1864 2370 set
1896 2330 2002 2369 una
2034 2329 2159 2371 cum
2192 2314 2401 2369 Dathan
2448 2325 2503 2368 et
2535 2316 2742 2370 Abiron
2778 2316 2855 2377 ",
2884 2326 2940 2368 et
2973 2315 3228 2370 omnibus
3260 2315 3356 2384 qui

1776 2416 2173 2462 consenserunt
2198 2405 2303 2469 eis,
2329 2415 2387 2460 et
2409 2406 2603 2460 divinze
2630 2406 2852 2463 ultionis
2874 2406 2925 2460 in
2949 2420 3048 2461 eos
3066 2416 3356 2477 pararetur

1775 2500 2086 2564 excidium,
2119 2500 2252 2555 istos
2286 2513 2607 2571 segregasse
2633 2516 2693 2555 se
2721 2516 2749 2552 a
2778 2510 2923 2556 coetu
2969 2498 3179 2555 nefario
3209 2496 3351 2570 (l3),

1775 2600 1832 2645 et
1859 2588 1929 2645 ab
1958 2591 2121 2660 impia
2155 2590 2561 2660 conspiratione
2599 2599 2972 2660 sequestralos
3020 2591 3356 2646 unanimiter

1775 2682 1842 2737 ad
1896 2682 2063 2737 Deum
2106 2697 2328 2752 precem
2372 2683 2705 2752 pmnitentia:
2769 2683 3078 2753 profudisse
3122 2702 3136 2738 :
3188 2692 3353 2753 atque

1772 2772 2053 2827 exauditos
2097 2787 2126 2826 a
2162 2772 2271 2827 Deo
2318 2787 2426 2826 non
2460 2772 2630 2826 solum
2662 2774 2876 2827 veniam
2930 2788 3125 2842 pinnae,
3174 2775 3269 2829 sed
3297 2783 3354 2830 et

1772 2864 2070 2931 prophetia
2098 2865 2332 2933 gratiam
2379 2864 2682 2931 meruisse;
2712 2876 2766 2920 et
2811 2865 2916 2918 hoc
2959 2879 3174 2934 quoque
3199 2864 3279 2919 eis
3315 2882 3346 2919 a

1775 2952 1883 3008 Deo
1917 2956 2266 3023 poscentibus
2296 2970 2419 3013 esse
2443 2958 2773 3027 praestitum,
2811 2973 2879 3011 ne
2907 2958 3037 3025 quid
3069 2957 3225 3012 triste
3254 2968 3349 3011 aut

1771 3044 2053 3101 exitiabile
2083 3049 2412 3117 prophetare
2446 3047 2771 3115 iuberentur
2794 3062 2811 3101 :
2838 3057 2893 3102 et
2924 3050 2992 3102 ob
3019 3049 3125 3103 hoc
3155 3062 3347 3104 omnes

1768 3134 2014 3191 Psalmos
2041 3136 2353 3207 quicunque
2386 3137 2696 3192 nominibus
2727 3153 2915 3192 eorum
2971 3138 3229 3194 attitulati
3262 3154 3347 3196 re-

98 3229 252 3295 gitur.
299 3230 410 3285 Sed
439 3239 495 3285 et
539 3229 680 3285 Deus
707 3232 1080 3289 consolationi.
1119 3250 1240 3289 cum
1288 3235 1507 3298 dicitur,
1543 3252 1663 3291 cum
1692 3254 1737 3315 ο
1772 3226 2046 3294 feruntur,
2079 3229 2214 3284 nihil
2245 3230 2396 3284 triste
2418 3231 2703 3284 adversum
2732 3240 3050 3299 peccatores
3071 3240 3164 3286 aut
3186 3247 3345 3301 aspe-

100 3323 197 3378 iilis
228 3339 358 3380 esse
386 3325 693 3379 ostenditur
722 3326 867 3379 Deus
896 3326 990 3395 qui
1039 3342 1106 3381 ex
1134 3327 1332 3382 divinis
1367 3326 1668 3396 Scripturis

98 3426 185 3480 per
212 3413 632 3481 intelligentiam
659 3413 959 3481 spiritalem
981 3416 1409 3471 consolationem
1432 3416 1668 3485 Spiritus

96 3502 329 3570 capiunt.
362 3502 507 3555 Deus
535 3518 664 3571 ergo
694 3503 960 3570 patientia:
990 3503 1065 3574 (6)
1093 3513 1143 3558 et
1169 3505 1550 3560 consolationis
1581 3508 1663 3559 det

95 3594 246 3659 vobis,
266 3594 470 3662 inquit,
500 3595 728 3661 idipsum
750 3612 931 3662 sapere
956 3598 1010 3648 in
1037 3596 1348 3652 alterutrum
1373 3601 1664 3653 secundum

94 3684 267 3739 Iesum
290 3684 588 3742 Christum.
617 3684 675 3739 ln
704 3686 809 3740 hoc
836 3685 1034 3741 Paulus
1058 3688 1488 3756 patriarcharum
1516 3705 1665 3743 more

96 3787 144 3831 et
166 3779 581 3848 prophetarum,
612 3792 844 3846 quorum
879 3776 1283 3833 benedictiones
1325 3779 1542 3846 scriptae
1577 3795 1662 3833 re-

97 3868 357 3934 feruntur,
395 3869 807 3927 benedictiones
854 3872 1042 3926 tribuit
1090 3871 1390 3935 Romanis,
1427 3887 1661 3928 exorans

93 3964 163 4017 eis
193 3965 311 4018 dari
343 3978 373 4017 a
399 3962 515 4019 Deo
546 3972 601 4016 ut
638 3963 691 4017 id
737 3964 910 4031 ipsum
964 3965 1182 4034 sapiant
1226 3964 1281 4019 in
1315 3964 1660 4019 alterutrum.

93 4054 322 4111 Grandis
361 4064 451 4111 est
494 4055 601 4109 ista
635 4056 939 4111 benedictio
970 4057 1086 4124 (7),
1139 4065 1201 4110 ut
1229 4071 1396 4110 unum
1446 4057 1663 4125 sapiant

94 4161 272 4204 omnes
302 4156 472 4216 atque
496 4148 774 4214 sentiant,
806 4157 861 4203 et
892 4150 1036 4204 sicut
1073 4149 1221 4215 sibi,
1256 4150 1330 4203 ita
1367 4148 1446 4219 (8)
1495 4166 1663 4203 unus-

93 4242 315 4311 quisque
341 4241 473 4297 velit
499 4250 553 4296 et
582 4242 831 4309 proximo
847 4256 964 4296 suo.
994 4240 1088 4295 Vis
1109 4251 1290 4296 autem
1316 4242 1460 4297 scire
1494 4257 1662 4311 quan-

96 4343 195 4389 tum
226 4334 412 4389 valeat
462 4334 839 4387 unanimitatis
865 4332 1085 4402 gratia?
1121 4331 1379 4388 Salvator
1410 4335 1462 4387 in
1492 4334 1662 4388 Evan-

92 4426 236 4494 geliis
256 4426 309 4457 '“
339 4426 684 4495 pronuntiat,
702 4425 826 4492 quia
852 4424 899 4478 si
921 4426 1026 4478 duo
1053 4423 1129 4478 uel
1159 4435 1263 4479 tres
1282 4426 1338 4479 in
1356 4441 1519 4479 unum
1536 4441 1663 4479 con-

91 4515 440 4578 senserint,de
462 4515 605 4568 omni
630 4530 683 4568 re
703 4530 1063 4585 quamcunque
1102 4515 1342 4585 petierint
1372 4532 1404 4569 a
1426 4514 1537 4570 Deo
1556 4514 1656 4585 (9),

1772 3334 1890 3372 rum
1917 3320 2218 3375 continere.
2261 3322 2374 3376 lloc
2413 3331 2590 3376 autem
2641 3321 3001 3392 promiimus,
3036 3331 3093 3376 ut
3132 3334 3335 3393 quanta

1768 3412 1840 3465 sit
1868 3413 2240 3467 unanimilatis
2270 3413 2463 3476 virtus,
2483 3422 2537 3468 et
2565 3430 2729 3467 unum
2750 3415 2973 3479 sentire,
2993 3424 3154 3483 atque
3176 3431 3340 3469 unum

1769 3504 2005 3561 invicem
2059 3519 2293 3572 sapere,
2346 3505 2781 3575 magniﬁcentius
2846 3516 3183 3560 nosceretur.
3228 3504 3343 3576 Ego

1768 3596 1935 3650 etiam
1989 3593 2160 3661 illud,
2200 3597 2344 3664 quod
2387 3596 2585 3652 Paulus
2625 3597 2677 3651 in
2726 3596 3050 3666 quibusdam
3078 3595 3341 3668 Epistolis

1769 3686 2001 3740 aliorum
2033 3686 2289 3742 vocabula
2321 3701 2505 3742 secum
2534 3689 2746 3759 jungit,
2772 3699 2830 3744 et
2857 3688 3007 3753 dicit,
3039 3686 3265 3753 Paulus,
3290 3698 3342 3742 et

1768 3780 2051 3835 Sosthenes
2083 3778 2252 3846 frater
2277 3779 2358 3844 ";
2384 3791 2439 3835 et
2466 3781 2621 3844 alibi,
2653 3780 2878 3845 Paulus,
2906 3788 2955 3832 et
2979 3779 3266 3849 Sglvanus,
3288 3789 3340 3834 et

1768 3867 2068 3923 Timotheus
2089 3868 2138 3902 "
2172 3885 2189 3936 ;
2236 3878 2369 3938 puto
2414 3885 2521 3924 non
2558 3869 2792 3924 inaniter
2833 3869 3085 3933 factum;
3124 3871 3218 3925 sed
3240 3887 3341 3939 per

1765 3961 1871 4016 hoc
1896 3962 2107 4017 ostendi
2134 4002 2151 4028 ,
2178 3963 2307 4032 quia
2338 3963 2546 4019 duobus
2573 3964 2660 4020 vel
2707 3964 2885 4020 tribus
2915 3965 2967 4019 in
3011 3978 3119 4020 uno
3149 3966 3341 4035 positis

1765 4053 2004 4122 Spiritus
2032 4065 2254 4110 sanctus
2299 4070 2465 4110 unum
2497 4054 2563 4109 de
2610 4057 2690 4111 eis
2722 4072 2943 4112 sensum
2977 4067 3141 4124 atque
3170 4073 3336 4112 uinum

1763 4144 2399 4201 elicuerittsermonem:
2451 4154 2509 4201 ut
2538 4146 2626 4214 qui
2677 4137 3084 4217 Ecclesias(14)
3139 4147 3337 4201 docere

1764 4236 2057 4307 cupiebant
2099 4252 2266 4291 unum
2301 4237 2486 4292 dicere
2511 4253 2702 4292 omnes
2737 4247 2899 4308 atque
2927 4253 3090 4292 unum
3122 4253 3334 4307 sapere,

1765 4329 1869 4399 ipsi
1922 4330 2073 4399 prius
2102 4345 2266 4384 unum
2301 4344 2360 4384 se
2397 4330 2580 4386 dicere
2609 4341 2771 4400 atque
2800 4347 2965 4386 unum
3017 4345 3208 4400 sapere
3241 4332 3327 4385 de-

1763 4430 2164 4485 monstrarent,
2190 4433 2245 4476 et
2293 4437 2396 4475 uno
2441 4438 2531 4476 ore
2575 4422 3004 4479 honoriﬁcarent
3045 4424 3215 4480 Deum
3239 4462 3258 4491 ,
3285 4434 3337 4479 et

1765 4509 1978 4567 Patrem
2010 4511 2222 4567 Domini
2254 4516 2421 4568 nostri
2460 4513 2589 4569 Iesu
2622 4514 2843 4571 Christi.
2881 4516 3059 4572 Unum
3102 4533 3334 4587 namque
3422 4571 3425 4573 .

89 4609 167 4675 ﬁet
205 4610 319 4663 illis
349 4627 371 4675 ;
402 4620 461 4664 et
485 4610 685 4663 iterum
726 4609 794 4661 de
822 4610 1115 4678 semetipso
1141 4608 1271 4662 dicit
1300 4609 1380 4672 ⁸⁸,
1414 4608 1539 4677 quia
1567 4610 1655 4662 ubi
1687 4611 1732 4666 D
1762 4621 1824 4661 os
1852 4606 2073 4670 dicitur,
2102 4607 2190 4661 ubi
2228 4622 2365 4662 unus
2391 4616 2553 4678 atque
2581 4609 2722 4663 idem
2750 4625 2846 4679 per
2869 4610 3207 4664 diversorum
3235 4625 3331 4664 ora

89 4697 271 4767 fuerint
304 4702 417 4755 duo
463 4701 542 4756 vel
571 4710 674 4754 tres
704 4702 1005 4771 congregati
1050 4703 1104 4756 in
1144 4701 1355 4755 nomine
1383 4717 1522 4765 meo,
1552 4699 1657 4755 hoc

1763 4714 1959 4754 sensus
1995 4704 2278 4753 et'sermo
2325 4700 2584 4770 procedit.
2622 4699 2766 4755 Bene
2808 4709 2986 4756 autem
3038 4700 3332 4770 Apostolus

149 4832 562 4907 l"ll'l'im._t,lO.
608 4835 779 4907 “fisa.
813 4852 886 4902 vr,
915 4837 968 4893 9.
1043 4834 1489 4900 1"'Rom.xv,2l;
1529 4835 1745 4907 lsa.t.u,
1788 4836 1870 4891 15.
1944 4837 1992 4870 ⁸⁸
2026 4837 2182 4894 Rom.
2217 4854 2307 4901 xv,
2336 4838 2391 4892 .ι.
2443 4840 2487 4871 ⁸⁷
2519 4839 2675 4894 Rom.
2726 4856 2814 4904 xv,
2844 4840 2877 4893 5
2928 4854 3010 4907 sq.
3070 4840 3116 4871 ⁸⁸
3144 4840 3327 4893 Matth.

89 4918 229 4973 “tu,
254 4909 347 4962 19.
408 4905 455 4939 ⁸³
483 4907 616 4960 ibid.
641 4906 731 4961 10.
803 4907 851 4939 ⁹⁰
879 4911 999 4962 Act.
1020 4923 1062 4971 ι,
1083 4924 1139 4962 ll.
1208 4907 1251 4938 ⁹¹
1281 4907 1450 4960 Exod.
1481 4922 1557 4970 Vl,
1606 4906 1667 4960 24

1780 4910 1814 4939 ’³
1859 4908 2019 4963 Num.
2052 4924 2163 4975 xvt,
2202 4911 2226 4964 1
2266 4925 2353 4979 sq.
2419 4910 2465 4941 "
2492 4910 2650 4966 lCor.
2687 4926 2726 4973 ι,
2759 4911 2809 4964 1.

149 5026 221 5096 (2)
267 5027 366 5083 Sic
410 5042 543 5082 mss.
576 5037 631 5081 et
657 5027 936 5082 Rahanus.
977 5028 1116 5084 Editi
1149 5042 1313 5092 vero,
1372 5026 1658 5082 Considera

85 5095 194 5165 ergo
217 5115 287 5153 ea:
311 5101 417 5151 hoc
438 5109 654 5165 propter
696 5099 836 5167 quod
876 5101 1069 5167 scripta
1110 5108 1271 5162 sunt,
1326 5095 1558 5151 videlicet
1600 5107 1657 5150 ut

86 5169 274 5234 scripta
310 5167 622 5222 videantur.

145 5237 219 5305 (3)
248 5238 337 5291 Ad
365 5237 559 5292 Deum.
581 5238 968 5291 Desiderantur
1002 5239 1118 5293 haec
1135 5238 1186 5290 in
1210 5246 1374 5290 antea
1400 5236 1577 5289 editis.

146 5307 220 5378 (4)
251 5306 326 5361 Ut
358 5308 664 5366 unanimes.
695 5318 828 5378 etc.,
856 5324 1024 5378 usque
1052 5308 1141 5373 ad,
1176 5308 1227 5360 in
1258 5307 1506 5359 honorem
1536 5307 1653 5369 Dei,

84 5375 458 5496 gesiderantur
493 5377 547 5431 in
584 5376 782 5444 editis;
828 5375 1325 5433 sed'restituuntur
1368 5390 1435 5429 ex
1468 5378 1653 5431 omni-

116 5461 171 5496 US
209 5461 344 5496 mss.

116 5461 171 5497 US
209 5461 344 5500 mss.

145 5514 219 5582 (5)
253 5515 427 5579 Editi,
458 5524 509 5568 et
548 5513 687 5568 Deus
710 5517 999 5582 patientiae,
1034 5516 1200 5572 male.

167 5585 219 5653 ii)
252 5585 427 5650 Editi,
461 5585 603 5639 Deus
639 5597 810 5639 autem
838 5590 1130 5653 patientia,
1156 5600 1261 5642 etc.

167 5590 197 5636 ii
252 5588 427 5650 Editi,
461 5588 603 5639 Deus
639 5597 810 5639 autem
838 5590 1130 5653 patientia,
1156 5600 1261 5642 etc.

145 5588 219 5726 (7)
253 5654 353 5726 Sic
381 5672 517 5726 mss.
545 5666 599 5708 et
634 5654 911 5711 Rabanus.
949 5656 1089 5712 Editi
1140 5672 1287 5722 vero,
1330 5654 1519 5711 Gratia
1556 5660 1653 5711 Dei

84 5724 467 5777 est'benedictio
500 5728 628 5779 ista.

164 5793 217 5861 8)
253 5794 369 5849 Ita.
409 5795 572 5849 Deest
599 5796 649 5847 in
680 5796 860 5850 editis.

163 5869 217 5929 9)
252 5865 293 5917 Α
334 5864 471 5919 Deo.
503 5865 784 5919 Omittitur
811 5866 864 5920 in
893 5866 1045 5920 libris
1071 5876 1224 5922 antea
1257 5868 1435 5923 editis.

146 5932 256 6005 (10)
288 5932 414 6005 Ibi,
444 5936 636 5997 inquit.
686 5933 812 5995 lltec
850 5936 1150 6004 duo-verba
1185 5937 1564 5995 desiderantur
1592 5938 1649 5992 in

2887 4909 2932 4942 ⁸⁸
2958 4909 2979 4962 ι
3004 4910 3170 4968 Thes.
3207 4927 3245 4975 i,
3276 4911 3328 4964 1.

1762 5030 1926 5084 editis
1953 5073 1968 5096 ,
1999 5038 2053 5085 et
2105 5033 2158 5085 in
2206 5030 2445 5100 pluribus
2492 5045 2622 5100 mss.
2652 5066 2669 5092 ,
2713 5029 2806 5083 sed
2860 5029 3220 5083 restituuntur
3260 5044 3328 5100 ex

1762 5116 1865 5156 ms.
1896 5101 2066 5171 Regio
2097 5099 2245 5155 num.
2276 5099 2414 5155 1659
2438 5110 2492 5154 et
2523 5099 2779 5162 Rabano,
2818 5101 2909 5170 qui
2949 5109 3129 5152 tamen
3161 5099 3329 5152 omit-

1761 5170 1826 5223 ιίι
1857 5171 1949 5224 ibi.

1831 5241 1942 5313 (11)
1969 5239 2117 5294 Libri
2149 5249 2304 5294 antea
2330 5240 2458 5294 editi
2494 5240 2692 5313 habent
2714 5240 3041 5313 (duodecim;
3070 5236 3326 5292 Rabanus

1760 5326 1891 5365 vero
1915 5311 1968 5365 et
1998 5325 2189 5364 omnes
2223 5325 2351 5365 mss.
2386 5311 2581 5375 nos;ri,
2616 5311 2877 5362 undecim.

1830 5377 2138 5452 (12)Editi,
2163 5380 2237 5452 hi.
2258 5379 2402 5452 ΔΜεεε.
2431 5394 2578 5452 vero,
2608 5388 2732 5452 tres,
2758 5379 2846 5452 qui
2878 5378 3038 5452 paulo
3071 5386 3203 5452 post
3226 5378 3328 5432 ha-

1755 5447 1906 5522 bent,
1923 5447 2133 5522 }isgr...
2150 5448 2438 5522 flelchana
2462 5448 2642 5522 (unus,
2668 5447 3002 5518 Helchan)...
3034 5447 3089 5504 ei
3110 5449 3323 5511 Abiasa,

1755 5521 1853 5583 al.,
1887 5518 2079 5589 Abysa,
2115 5518 2211 5581 al.,
2244 5518 2481 5587 Abyssa.
3158 5530 3163 5533 '

1825 5591 1939 5660 (15)
1972 5590 2135 5650 Editi,
2160 5590 2379 5660 abiactu
2409 5589 2633 5656 nefario.

1825 5591 1916 5660 (15
1972 5591 2135 5650 Editi,
2160 5591 2225 5641 ab
2257 5599 2379 5641 actu
2409 5591 2633 5656 nefario.

1823 5591 1939 5729 (l4;
1968 5660 2147 5722 Editi,
2203 5659 2532 5720 Ecclesiam,
2586 5658 2747 5715 male.
2800 5659 3000 5715 Deinde
3044 5663 3324 5729 omittunt,

1751 5726 1928 5783 omnes
1949 5745 1967 5782 :
1994 5738 2050 5783 et
2082 5729 2240 5798 paulo
2271 5738 2390 5797 post
2434 5730 2671 5792 habent,
2703 5740 2751 5783 et
2796 5746 2899 5783 uno
2938 5747 3029 5784 ore
3056 5726 3325 5795 honoriﬁn

1750 5801 1871 5854 cetis
1926 5799 2132 5865 Deum,
2182 5809 2287 5854 etc.
2343 5799 2448 5854 Sed
2501 5814 2690 5855 omnes
2740 5817 2870 5856 mss.
2922 5811 2980 5854 ut
3028 5802 3082 5855 in
3139 5807 3328 5853 nostro

1752 5881 1920 5923 ICXUI.
3048 5900 3059 5908 '
