3812 6546
421 443 560 503 1265

1887 445 2209 504 ORIGENIS
2255 434 2258 438 ’

3521 453 3643 507 121ιὸ

417 569 509 622 ubi
539 568 652 632 ait,
681 565 907 635 idipsum
938 579 1120 628 sapere
1159 566 1216 618 in
1253 563 1569 619 alterutrum
1593 606 1608 630 ,
1640 565 1884 630 addidit,
1911 581 1993 620 se-
2019 571 2068 627 Α
2095 580 2204 636 quo
2248 581 2393 622 nunc
2430 580 2524 622 eos
2569 568 2662 638 qui
2711 581 2776 623 ex
2831 566 3245 624 circumcisione
3289 568 3644 634 crediderant,

417 657 646 711 cundum
673 655 855 710 Jesum
883 655 1170 710 Christum.
1199 653 1389 710 Posset
1420 657 1562 711 enim
1601 656 1717 712 tieri
1763 664 1823 711 ut
1849 667 1902 712 et
1934 657 1989 712 in

420 747 621 802 malitia
657 745 826 816 aliqui
867 747 1203 802 unanimiter
1255 748 1667 813 consentirent,
1714 757 1771 802 et
1818 763 1990 803 unum

418 851 671 912 saperent
701 843 753 896 in
786 841 958 912 pejus.
995 842 1075 898 0b
1099 842 1201 897 hoc
1241 857 1370 914 ergo
1405 845 1649 910 addidit,
1699 845 1987 898 secundum

413 933 600 989 Iesum
634 935 919 990 Christum.
956 933 1058 1002 Qui
1089 945 1265 991 autem
1297 938 1593 992 secundum
1622 935 1803 993 Jesum
1827 937 1988 993 Chri-

417 1035 560 1082 stum
591 1027 752 1096 sapit,
786 1026 902 1080 sine
931 1025 1096 1080 dubio
1125 1039 1287 1080 omne
1313 1027 1452 1094 quod
1484 1029 1681 1081 bonum
1706 1035 1789 1082 est
1819 1028 1983 1096 sapit.

416 1115 547 1172 Post
577 1117 688 1171 hmc
719 1117 796 1170 ait
833 1136 847 1170 :
882 1114 1103 1185 Propter
1141 1119 1280 1186 quod
1304 1119 1548 1187 suscipite
1579 1118 1820 1184 invicem,
1852 1119 1987 1173 sicut

415 1220 465 1265 et
490 1211 728 1265 Christus
758 1211 982 1272 suscepit
1014 1225 1102 1263 vos
1134 1209 1193 1262 in
1213 1209 1465 1263 honorem
1490 1208 1608 1264 Dei.
1644 1208 1800 1276 Quod
1832 1209 1984 1276 dicit,

415 1303 660 1371 suscipite
685 1303 919 1367 invicem,
955 1302 1023 1356 ad
1065 1301 1194 1356 illud
1220 1300 1564 1357 referendum
1593 1311 1676 1358 est
1701 1303 1846 1373 quod
1872 1305 1985 1374 pri-

415 1409 505 1449 mo
533 1402 887 1464 proposuerat
913 1393 1024 1465 (l5)
1049 1434 1066 1461 ,
1097 1395 1187 1450 ubi
1218 1394 1506 1449 occasione
1545 1395 1865 1450 mundorum
1897 1395 1984 1450 vel

415 1484 812 1540 immundorum
840 1485 1083 1540 ciborum
1115 1485 1282 1558 6⁸14
1323 1487 1537 1541 diversa
1575 1486 1873 1542 sentientes
1913 1488 1982 1543 ab

413 1575 642 1630 invicem
687 1575 1106 1644 discrepabant;
1151 1587 1206 1632 et
1255 1579 1379 1632 ait:
1422 1576 1688 1646 Suscipite
1737 1578 1980 1644 invicem,

412 1668 547 1722 sicut
571 1676 618 1721 et
641 1666 882 1721 Christus
903 1667 1124 1736 suscepit
1149 1683 1260 1733 uos,
1287 1668 1376 1736 qui
1407 1667 1607 1722 nullius
1639 1669 1849 1724 horruit
1881 1669 1983 1723 im-

414 1759 709 1814 munditias
731 1799 746 1824 ,
798 1773 896 1813 nec
929 1759 1198 1829 reputavit
1233 1759 1392 1814 alicui
1446 1761 1640 1816 delicta
1671 1776 1789 1815 sua.
1839 1761 1981 1816 Nihil

411 1863 541 1920 ergo
561 1848 630 1904 de
653 1848 991 1902 immunditia
1016 1847 1128 1919 (16)
1157 1849 1466 1904 animalium
1519 1850 1791 1919 iudicetis,
1836 1852 1980 1907 sicut

416 1955 517 1994 nec
549 1939 639 1993 ille
678 1939 1048 1994 immunditias
1072 1940 1405 1995 credentium
1432 1943 1716 2011 reputavit.
1738 1942 1906 2012 thui
1925 1943 1978 1998 in

414 2033 784 2102 superioribus
829 2032 1042 2087 dixerat
1079 2051 1092 2087 :
1149 2032 1252 2098 Qui
1289 2044 1465 2088 autem
1503 2035 1789 2088 manducet
1816 2076 1833 2099 ,
1871 2051 1977 2089 non

412 2123 814 2178 manducantem
852 2139 956 2177 non
988 2124 1240 2192 judicet;
1272 2125 1409 2180 Dens
1437 2127 1575 2180 enim
1603 2127 1752 2179 illum
1777 2143 1979 2183 assum-

411 2213 510 2279 psit
533 2212 578 2244 ’⁸
606 2252 622 2278 ,
649 2212 738 2266 hic
776 2212 947 2266 dixit:
984 2212 1131 2268 Sicut
1179 2213 1416 2269 Christus
1447 2215 1558 2287 (17)
1603 2219 1825 2285 suscepit
1854 2233 1977 2271 vos:

411 2310 472 2357 ut
500 2304 810 2358 ostenderet
838 2318 1006 2356 unum
1037 2313 1201 2373 atque
1229 2307 1367 2362 idem
1408 2321 1528 2362 esse
1560 2322 1588 2360 a
1621 2309 1730 2362 Deo
1754 2311 1976 2378 suscipi,

410 2401 464 2446 et
489 2407 519 2446 a
551 2392 792 2447 Christo.
828 2391 993 2447 Addit
1019 2401 1202 2447 autem
1234 2403 1288 2448 et
1332 2396 1434 2450 hoc
1459 2435 1475 2459 ,
1506 2399 1650 2466 quod
1684 2397 1856 2451 honor
1887 2400 1978 2454 Dei

409 2482 484 2537 sit
518 2481 718 2552 suscipi
763 2497 792 2536 a
818 2481 1057 2538 Christo.
1085 2483 1234 2552 Quos
1253 2485 1396 2540 enim
1439 2487 1672 2556 suscipit
1703 2488 1974 2554 Christus,

408 2573 568 2630 docet
600 2589 694 2630 eos
719 2574 791 2629 ita
817 2589 978 2645 agere
1005 2576 1225 2644 debere,
1249 2587 1309 2632 ut
1333 2579 1566 2634 uidentes
1594 2581 1830 2636 homines
1854 2599 1978 2652 ope-

409 2683 472 2721 ra
498 2682 684 2722 eorum
709 2667 865 2735 bona,
888 2669 1178 2741 gloriﬁcent
1205 2670 1420 2727 Patrem
1442 2689 1622 2728 eorum
1640 2675 1731 2744 qui
1751 2676 1808 2730 in
1837 2676 1978 2731 caelis

408 2768 484 2814 est
511 2761 579 2815 “.

475 2851 532 2907 8.
565 2852 692 2907 Dico
719 2853 852 2908 enim
884 2851 1150 2910 Christum
1180 2855 1478 2909 ministrum
1505 2856 1668 2926 fuisse
1696 2857 1975 2914 circumci-

403 2944 566 3000 sionis
597 2956 807 3014 propter
833 2949 1097 3002 ceritatem
1122 2948 1239 3013 Dei,
1267 2949 1336 3002 ad
1370 2949 1719 3004 stabiliendas
1745 2951 1974 3020 promis-

403 3036 579 3090 siones
602 3034 849 3094 Patrum.
896 3037 1082 3094 Gentes
1104 3050 1277 3095 autem
1304 3057 1398 3110 pro
1428 3042 1787 3097 misericordia
1809 3044 1977 3098 Itono-

405 3122 526 3182 rar'e
547 3129 659 3199 (18)
691 3130 875 3196 Deum,
897 3132 1033 3186 sicut
1063 3133 1311 3199 scriptum
1341 3142 1416 3186 est
1442 3149 1461 3188 :
1497 3132 1782 3198 Propterea
1808 3136 1975 3205 con/i-

404 3219 548 3274 tebor
577 3221 670 3274 tibi
712 3221 766 3275 in
795 3223 1032 3292 gentibus
1053 3263 1070 3284 ,
1097 3232 1144 3277 et
1185 3225 1241 3276 in
1271 3228 1480 3278 nomine
1511 3236 1602 3280 tuo
1631 3228 1876 3282 cantabo.
1902 3227 1973 3281 Et
2001 3264 2043 3323 α

401 3309 592 3364 iterum
619 3312 787 3366 dicit:
823 3313 1118 3376 Lwtamini,
1147 3323 1345 3384 gentes,
1372 3332 1488 3369 cum
1519 3317 1711 3386 populo
1739 3319 1874 3388 ejus.
1905 3319 1972 3373 Et

400 3399 590 3453 iterum
614 3415 634 3453 :
659 3400 900 3458 Laudate
925 3404 1230 3469 Dominum,
1267 3422 1442 3460 omnes
1473 3418 1666 3475 gentes,
1698 3419 1746 3462 et
1769 3412 1975 3479 magni-

399 3489 554 3559 ﬁcate
581 3509 698 3547 eum
722 3534 738 3560 ,
774 3511 950 3549 omnes
985 3497 1182 3565 populi.
1226 3495 1294 3550 Et
1324 3497 1498 3552 Isaias
1549 3515 1754 3554 rursum
1798 3503 1971 3556 dicit:

405 3582 520 3636 Erit
553 3585 708 3640 radix
730 3586 898 3655 Jesse,
941 3597 988 3642 et
1013 3590 1102 3657 qui
1124 3600 1365 3658 exsurget
1391 3607 1567 3660 regere
1596 3601 1794 3661 gentes,
1825 3595 1881 3647 in
1909 3611 1971 3649 eo

399 3685 573 3745 gentes
603 3679 884 3746 sperabunt
901 3681 967 3737 ’⁷.
999 3681 1281 3748 Quomodo
1307 3681 1559 3738 Christus
1580 3683 1831 3739 minister
1853 3685 1967 3739 fue-

401 3765 473 3819 rit
498 3765 928 3824 circumcisionis
956 3771 1022 3824 ad
1056 3771 1404 3826 stabiliendae
1437 3770 1822 3840 promissiones
1864 3769 1967 3824 Pa-

400 3865 563 3922 trum,
586 3858 784 3928 duplici
807 3859 965 3914 modo
992 3860 1213 3930 intelligi
1233 3869 1428 3930 potest.
1458 3859 1586 3916 Sive
1612 3875 1712 3930 pro
1735 3877 1799 3917 eo
1821 3861 1964 3930 quod

393 3950 862 4008 circumcisionem
895 3953 950 4008 in
975 3968 1139 4009 carne
1162 3969 1259 4009 sua
1288 3955 1400 4025 ipse
1425 3955 1684 4024 suscepit,
1704 3964 1761 4010 ut
1790 3956 1965 4010 maui-

395 4039 686 4099 festissime
717 4054 1031 4101 nosceretur
1063 4047 1208 4115 quod
1235 4063 1303 4102 ex
1333 4048 1538 4103 semine
1558 4047 1832 4103 Abraham
1867 4061 1963 4103 ve-

396 4135 572 4203 niens,
597 4137 683 4192 cui
716 4139 1038 4207 promiserat
1067 4140 1211 4194 Deus
1233 4140 1376 4210 quod
1408 4140 1464 4194 in
1501 4140 1710 4194 semine
1739 4154 1837 4194 suo
1863 4138 1962 4195 be-

394 4226 771 4282 nedicerentur
803 4230 912 4299 (l9)
943 4244 1136 4286 omnes
1167 4241 1358 4301 gentes
1383 4231 1449 4294 ’3,
1472 4230 1773 4300 compleret
1794 4232 1845 4286 in
1873 4246 1962 4288 se-

394 4319 621 4388 metipso
645 4335 763 4390 qua:
787 4320 1036 4378 Patribus
1063 4323 1278 4380 fuerant
1307 4323 1630 4394 repromissa
1656 4342 1670 4377 :
1707 4332 1836 4378 etut
1865 4339 1962 4394 per

395 4409 517 4477 hoc,
541 4413 836 4469 secundum
863 4417 1201 4486 propositum
1227 4416 1393 4472 totius
1416 4415 1667 4486 Epistula:
1688 4417 1958 4482 ordinem,

461 4521 838 4598 ”_Romg._xw,
878 4526 931 4581 5.
1010 4527 1058 4558 ’⁸
1093 4527 1281 4598 Matth.
1313 4542 1380 4590 v,
1432 4525 1517 4580 16.
1593 4524 1957 4598 ⁸⁷-Βοη-ιηχν,
2005 4527 2038 4582 8
2069 4544 2152 4598 sq.

2093 674 2240 715 nunc
2270 660 2434 715 etiam
2463 675 2558 717 eos
2579 662 2673 731 qui
2703 676 2768 716 ex
2799 661 3054 730 gentibus
3081 661 3369 718 adversum
3417 677 3479 718 se
3528 663 3645 716 invi-

2092 766 2209 807 cem
2243 752 2621 822 superbientes
2645 764 2805 809 erant
2839 754 3076 810 refrenat
3111 767 3178 809 ac
3205 755 3475 822 reprimit,
3504 755 3645 810 dooe-

2091 853 2176 900 rct
2201 858 2308 899 nou
2338 859 2458 900 esse
2485 846 2704 915 penitus
2727 846 3046 916 iudicandos
3071 861 3165 903 eos
3194 849 3283 915 qui
3314 850 3370 901 in
3399 847 3533 916 legis
3556 849 3641 902 ob-

2089 936 2487 992 servationibus
2538 938 2944 1003 demorantur;
2997 939 3437 1009 quandoquidem
3501 940 3643 994 etiam

2089 1026 2339 1081 Christus
2364 1026 2417 1081 in
2448 1042 2610 1082 carne
2638 1041 2734 1081 sua
2756 1028 3191 1083 circumcisionis
3223 1029 3475 1083 minister
3497 1029 3645 1084 exsti-

2090 1117 2218 1172 terit
2243 1135 2256 1170 :
2289 1118 2405 1172 sive
2429 1117 2532 1171 alio
2570 1117 2752 1179 modo,
2782 1128 2843 1171 ut
2872 1117 3019 1171 illius
3047 1118 3481 1174 circumcisionis
3512 1119 3646 1173 Chri-

2087 1218 2203 1263 stus
2235 1209 2482 1263 minister
2516 1207 2626 1281 (20)
2662 1208 2830 1264 fuisse
2859 1209 3092 1274 dicatur,
3121 1212 3188 1264 de
3209 1225 3312 1279 qua
3343 1211 3488 1264 idem
3514 1211 3640 1280 Apo-

2087 1300 2257 1356 stolus
2289 1300 2422 1356 dicit
2441 1303 2530 1355 9’:
2568 1301 2689 1355 Non
2723 1303 2859 1355 enim
2893 1303 2984 1372 qui
3021 1301 3079 1355 in
3118 1302 3403 1369 manifesto
3442 1301 3644 1356 ludens

2085 1400 2182 1457 est,
2207 1408 2368 1464 neque
2394 1409 2512 1462 qua:
2539 1391 2816 1460 manifesta
2839 1393 2892 1447 in
2912 1408 3069 1446 carne
3094 1400 3171 1446 est
3197 1393 3548 1458 circumcisio,
3566 1394 3642 1446 sed

2083 1485 2173 1554 qui
2197 1485 2249 1538 in
2267 1484 2470 1538 occulto
2489 1483 2522 1536 J
2532 1484 2712 1539 udwus
2723 1493 2824 1547 est,
2856 1483 2969 1553 (21)
2993 1492 3043 1538 et
3064 1485 3394 1539 circumcisio
3416 1485 3581 1538 cordis
3597 1487 3645 1537 in

2084 1577 2293 1645 spiritu,
2343 1592 2444 1631 non
2481 1577 2692 1641 littera,
2742 1577 2896 1646 cujus
2943 1577 3064 1630 laus
3107 1592 3211 1630 non
3252 1591 3316 1628 ea:
3339 1576 3642 1636 hominibus,

2083 1668 2172 1721 sed
2198 1684 2262 1721 ex
2279 1666 2387 1722 Deo
2403 1676 2512 1731 est;
2541 1678 2592 1721 et
2615 1667 2910 1722 secundum
2930 1666 3075 1735 quod
3109 1665 3250 1721 idem
3282 1665 3574 1736 Apostolus
3593 1665 3640 1719 in

2082 1755 2204 1810 aliis
2223 1756 2350 1810 dicit
2373 1757 2390 1787 ¹
2419 1755 2558 1826 ;(22)
2581 1756 2644 1809 In
2668 1772 2769 1825 quo
2795 1757 2955 1808 etiam
2978 1755 3272 1808 circumcisi
3292 1756 3420 1810 estis
3441 1757 3647 1808 circan-

2085 1848 2277 1902 cisione
2302 1864 2408 1902 non
2438 1847 2747 1915 manufacta
2777 1848 2832 1901 in
2859 1847 3243 1916 exspoliatione
3275 1850 3513 1916 corporis
3541 1864 3641 1901 cer-

2083 1942 2196 2007 nis,
2229 1941 2319 1995 sed
2358 1941 2414 1994 in
2461 1940 2856 1995 circumcisione
2900 1941 3138 2006 Christi,
3181 1941 3478 2009 consepulti
3524 1942 3641 1996 eiitt

2087 2033 2364 2101 baptismo.
2450 2032 2555 2087 Per
2616 2031 2930 2102 bujusmodi
2999 2048 3128 2104 ergo
3186 2032 3640 2088 circumcisionem

2082 2133 2289 2177 certum
2337 2132 2422 2177 est
2475 2120 2695 2176 Patrum
2740 2123 3127 2194 promissiones
3178 2138 3299 2179 esse
3337 2123 3637 2192 completas.

2082 2215 2214 2282 Quae
2255 2223 2435 2269 autem
2479 2214 2674 2270 fuerint
2702 2216 3108 2284 promissiones,
3152 2216 3386 2270 subditis
3416 2214 3640 2269 declarat

2083 2306 2342 2376 exemplis
2359 2305 2552 2375 quibus
2569 2306 2726 2362 dicit:
2755 2307 2870 2373 (25)
2894 2305 3175 2376 Propterea
3191 2306 3482 2376 conﬁtebor
3501 2306 3584 2358 tibi
3596 2306 3643 2358 in

2079 2389 2341 2466 gentibus,
2373 2405 2450 2458 ,ct
2499 2397 2700 2451 nomini
2750 2408 2841 2450 tuo
2889 2399 3133 2453 cantabo.
3186 2397 3342 2463 Quod
3389 2411 3460 2452 ex
3493 2397 3639 2466 septi-

2081 2503 2169 2543 mo
2199 2487 2311 2558 (21)
2352 2488 2563 2544 decimo
2591 2488 2802 2559 psalmo
2845 2490 3057 2544 videtur
3103 2498 3472 2558 assumptum,
3498 2501 3642 2556 parra

2080 2580 2459 2634 immutatione
2479 2581 2688 2644 habita,
2712 2596 2817 2636 non
2843 2595 3056 2646 sensus,
3087 2581 3182 2635 sed
3210 2595 3548 2634 sermonum.
3580 2577 3639 2631 lbi

2078 2672 2222 2727 enim
2246 2672 2375 2727 dicit
2395 2671 2663 2742 Propheta
2690 2693 2701 2728 :
2725 2671 3014 2742 Propterea
3039 2673 3326 2734 conﬁtebor
3347 2672 3445 2725 tibi
3467 2673 3518 2724 in
3538 2687 3644 2740 gen-

2078 2765 2239 2823 tibus.
2269 2763 2512 2828 Domine,
2543 2773 2591 2820 et
2617 2764 2844 2833 psallam
2879 2766 3078 2820 nomini
3106 2775 3196 2818 tuo
3221 2767 3264 2819 ².
3297 2765 3454 2831 Quod
3479 2775 3642 2818 autem

2077 2856 2154 2910 ait
2177 2873 2192 2909 :
2225 2854 2528 2918 Lwtamini,
2548 2867 2749 2924 gentes,
2771 2871 2890 2909 cum
2916 2855 3108 2925 populo
3133 2855 3270 2922 ejus,
3297 2855 3508 2909 eisdem
3531 2868 3641 2908 vet-

2079 2948 2162 3002 bis
2188 2949 2238 3002 in
2269 2948 2676 3004 Deuteronomii
2705 2950 2923 3004 cantico
2943 2948 3206 3017 scriptum
3229 2948 3352 3002 est'
3377 2966 3392 3001 :
3422 2946 3642 3000 Lnndste

2078 3055 2207 3094 vero
2259 3039 2539 3094 Dominum
2558 3082 2576 3109 ,
2606 3058 2783 3096 omnes
2822 3050 3025 3110 gentes,
3056 3050 3104 3094 et
3151 3041 3489 3111 magniﬁcate
3515 3056 3642 3104 cunt,

2079 3145 2255 3184 omnes
2280 3131 2483 3200 populi,
2503 3132 2556 3186 in
2588 3132 2888 3187 centesimo
2918 3142 3074 3187 sexto
3101 3133 3312 3187 decimo
3342 3131 3554 3201 psalmo
3572 3130 3640 3183 le-

2077 3223 2260 3293 gitur;
2293 3231 2503 3278 tantum
2527 3233 2611 3279 est
2645 3225 2785 3293 quod
2819 3224 2890 3278 ibi
2928 3239 3025 3292 pro
3061 3225 3422 3294 magniﬁcate,
3448 3225 3637 3279 collau-

2079 3317 2202 3370 date
2249 3317 2483 3386 positum
2529 3327 2630 3373 est.
2681 3316 2940 3372 Ultimum
2995 3331 3128 3371 vero
3179 3319 3494 3388 exemplum
3540 3318 3641 3386 ipse

2078 3411 2276 3467 Paulus
2303 3413 2368 3468 de
2399 3412 2535 3466 Isaia
2569 3412 2704 3468 dicit
2725 3426 2848 3467 esse
2876 3421 3235 3480 assumptum,
3268 3411 3323 3464 in
3350 3411 3512 3482 cujus
3536 3426 3641 3468 cor-

2076 3519 2206 3574 pore
2238 3504 2312 3558 ita
2342 3505 2602 3574 scriptum
2631 3513 2714 3559 est
2745 3503 2858 3575 (25)
2884 3521 2898 3559 :
2932 3501 2998 3556 Et
3033 3503 3134 3556 erit
3173 3503 3228 3556 in
3256 3503 3345 3556 die
3370 3504 3470 3556 illa
3503 3503 3645 3556 radis

2077 3595 2224 3650 Iesse
2244 3612 2262 3660 ;
2283 3605 2330 3650 et
2354 3597 2446 3666 qui
2475 3607 2714 3666 exsurget
2742 3612 2920 3666 regere
2943 3606 3141 3663 gentes,
3169 3596 3225 3648 in
3253 3611 3316 3648 eo
3341 3607 3522 3664 gentes
3541 3611 3642 3661 spe-

2075 3689 2288 3741 rabunt.
2318 3684 2388 3739 Et
2413 3687 2511 3741 erit
2546 3688 2746 3754 requies
2782 3687 2896 3756 ejus
2928 3686 3096 3740 honor
3120 3687 3162 3740 ’⁵.
3201 3684 3443 3740 Omissis
3473 3695 3636 3738 auten.

2075 3778 2126 3832 in
2155 3779 2327 3846 primo
2355 3778 2570 3847 quidem
2599 3779 2809 3832 duobus
2837 3779 3205 3841 sermonibus,
3250 3779 3302 3833 id
3332 3789 3453 3843 est,
3489 3781 3540 3832 in
3566 3780 3640 3830 die

2070 3869 2204 3933 illa;
2231 3877 2285 3922 et
2311 3871 2366 3924 lu
2393 3869 2615 3936 ultimis,
2643 3880 2690 3924 et
2720 3870 2822 3923 erit
2845 3872 3045 3940 requies
3075 3872 3190 3940 ejus
3220 3871 3416 3934 honor,
3457 3880 3637 3925 cratera

2069 3959 2272 4014 eisdem
2295 3960 2477 4016 verbis
2507 3961 2688 4030 posuit
2712 3963 2907 4031 quibus
2931 3963 3280 4031 Septuaginta
3319 3963 3638 4032 lnterpretes

2070 4051 2372 4107 ediderunt.
2426 4053 2582 4108 Unde
2629 4054 2907 4108 sciendum
2959 4063 3042 4109 est
3088 4055 3231 4125 quod
3294 4056 3349 4109 in
3394 4056 3637 4109 omnibus

2068 4156 2204 4212 pene
2233 4143 2520 4214 Apostolus
2545 4145 2831 4200 editionem
2881 4145 3238 4215 Septuaginta
3283 4145 3631 4211 luterpretmn

2068 4243 2234 4302 tenet,
2255 4236 2354 4291 nisi
2381 4236 2424 4292 si
2453 4251 2556 4306 qua
2582 4236 2721 4292 forte
2739 4238 2787 4292 ei
2814 4252 2975 4307 quam
3010 4239 3334 4308 exsequitur
3357 4237 3628 4294 assertioni

2067 4329 2244 4382 minus
2273 4330 2577 4383 necessaria
2609 4328 2865 4384 videntur
2891 4328 3028 4399 (i6),
3075 4339 3171 4383 aut
3209 4330 3254 4383 si
3289 4330 3509 4398 quando
3534 4343 3628 4380 non

2068 4429 2177 4474 tam
2209 4420 2392 4475 verbis
2427 4418 2808 4490 lnterpretum,
2849 4435 3011 4488 quam
3054 4419 3311 4476 sensibus
3343 4419 3629 4489 Scriptura:

2228 4531 2275 4562 ”
2308 4531 2607 4598 Gemuit,
2661 4530 2749 4586 18.
2819 4531 2864 4563 ⁹⁹
2891 4531 3051 4586 Rom.
3082 4546 3157 4590 tt.
3207 4529 3303 4587 28.
3385 4528 3621 4585 ‘Coloss.

389 4605 468 4660 tt,
502 4593 590 4647 11.
666 4595 687 4626 ³
716 4593 860 4651 Psal.
893 4597 1136 4664 xvu,50.
1202 4597 1224 4628 ³
1246 4599 1401 4652 Deut.
1428 4595 1711 4659 xxx1t,43.
1783 4595 1804 4626 ⁸
1836 4594 1937 4651 lsa.

2080 4593 2162 4654 l0.

456 4702 571 4775 (15)
599 4703 895 4780 Ms._unus,
930 4715 1196 4776 posuerat.
1234 4705 1339 4762 Sed
1368 4705 1552 4761 caeteri
1583 4717 1739 4767 mss.,
1777 4702 1948 4758 Raba-
1984 4710 2028 4765 D
2059 4708 2157 4780 teri
2193 4722 2320 4780 vero
2349 4724 2480 4764 mss.
2515 4718 2572 4764 et
2599 4709 2754 4776 editi,
2783 4719 2836 4766 et
2866 4710 3269 4764 circumcisione
3308 4711 3485 4764 cordis
3519 4724 3625 4780 quis

389 4786 488 4826 nus
513 4784 568 4828 et
593 4777 725 4830 editi
750 4783 1114 4841 proposuerat.

487 4845 572 4909 16)
609 4845 770 4909 Editi,
808 4845 960 4900 Nihil
984 4846 1120 4901 enim
1146 4845 1211 4900 de
1237 4844 1593 4905 immunditia,
1623 4852 1731 4902 etc.

482 4915 568 4986 17)
592 4915 719 4971 Mss.
742 4917 1005 4986 plerique,
1032 4915 1284 4970 Rabanus
1305 4926 1359 4986 et
1387 4915 1537 4977 editi,
1555 4915 1639 4968 hic
1664 4913 1800 4986 dixit
1825 4914 1946 4986 (al.,

386 4983 534 5054 dicit)
579 4989 704 5053 quia
744 4983 984 5041 Christus
1009 5026 1025 5049 ,
1066 4994 1172 5040 etc.
1225 4985 1331 5040 Sed
1364 4987 1563 5039 rectius
1612 4999 1712 5038 ms.
1749 4983 1948 5053 Regius

386 5070 532 5108 num.
568 5055 706 5112 1659
733 5065 792 5110 ut
819 5057 869 5110 in
903 5065 1086 5112 nostro
1112 5066 1279 5111 textu.
1312 5055 1512 5110 Deinde
1545 5069 1672 5108 mss.
1704 5055 1944 5120 quidam,

385 5124 547 5194 Addit
571 5136 619 5179 et
652 5126 771 5194 hoc,
799 5136 852 5180 ut
884 5128 1052 5180 honor
1087 5128 1152 5180 sit
1187 5126 1303 5189 Dei,
1336 5134 1441 5180 etc.
1479 5125 1585 5179 Sed
1623 5124 1944 5194 meliusﬁms.

383 5191 582 5262 Regius
612 5191 764 5251 num.
811 5195 948 5252 1659
991 5205 1048 5251 et
1102 5196 1359 5253 Rabanus
1409 5205 1468 5250 ιιι
1512 5196 1564 5248 in
1599 5203 1768 5248 textu.
1799 5193 1947 5248 Editi

385 5266 642 5336 omittunt
673 5276 867 5329 autem,
899 5267 994 5322 sed
1023 5266 1221 5322 habent
1243 5266 1380 5336 quod
1406 5274 1610 5336 prout.

453 5332 566 5404 (18)
588 5333 775 5406 Gentes
803 5345 977 5390 autem
999 5353 1090 5406 pro
1116 5332 1477 5390 misericordia
1498 5335 1784 5406 honorare,
1807 5341 1940 5398 etc.,

380 5417 551 5472 usque
590 5405 657 5476 ad
681 5443 698 5476 ε
729 5406 784 5460 in
821 5421 879 5459 eo
923 5404 1094 5475 gentes
1136 5407 1410 5476 sperabunt
1435 5445 1450 5469 ,
1480 5404 1858 5459 desiderantur
1890 5407 1942 5458 iu

379 5483 537 5544 antea
567 5474 748 5539 editis,
785 5483 837 5529 et
869 5474 1226 5530 restituuntur
1253 5491 1318 5532 ex
1355 5491 1508 5538 mss.,
1537 5491 1766 5544 quorum
1803 5489 1944 5530 unus

379 5541 562 5613 habet,
590 5544 647 5597 in
667 5560 784 5597 eum
811 5559 909 5613 pro
940 5547 993 5598 in
1021 5562 1101 5599 eo.

474 5613 562 5680 i9)
596 5614 761 5677 Editi,
785 5615 907 5684 quia
937 5616 989 5668 in
1016 5614 1205 5669 semine
1239 5627 1326 5668 tuo
1358 5614 1746 5679 benedicentur,
1779 5623 1883 5668 etc.

471 5684 561 5753 20)
592 5684 869 5737 Exstiterit
895 5699 914 5737 :
949 5685 1053 5738 sive
1079 5686 1184 5737 alio
1213 5686 1386 5748 modo,
1411 5694 1466 5737 ut
1491 5685 1632 5738 illius
1664 5685 1940 5737 circumci-

376 5751 1098 5826 sionisChristusminister.
1128 5755 1250 5810 llaec
1273 5757 1756 5826 praetertnittuntur
1788 5755 1841 5806 itt
1877 5753 1941 5807 li-

314 5849 317 5855 ε
375 5819 489 5877 bris
517 5833 673 5879 antea
707 5824 885 5878 editis.

307 5891 317 5913 ’
445 5893 560 5965 (21)
593 5894 682 5950 Sic
714 5910 818 5953 ms.
848 5893 1046 5967 Regius
1077 5911 1223 5952 num.
1253 5894 1389 5952 1659
1425 5903 1478 5951 et
1510 5892 1786 5951 Rabanus.
1823 5894 1939 5950 Cae-

2060 4777 2178 4850 (al.,
2194 4778 2322 4850 qui)
2344 4781 2554 4846 spiritu,
2586 4793 2690 4836 etc.

2127 4848 2241 4921 (22)
2274 4848 2443 4921 Editi,
2481 4851 2571 4904 sed
2604 4852 2660 4905 in
2706 4849 3103 4906 circumcisione
3139 4851 3378 4918 corporis
3411 4848 3622 4913 Christi,

2055 4919 2344 4986 consepulti
2366 4922 2414 4973 ei
2443 4921 2499 4973 in
2527 4921 2864 4988 baptismum.

2127 4989 2240 5061 (95)
2280 4991 2370 5044 Sic
2400 5005 2529 5044 mss.
2561 4993 2778 5046 codices
2813 4991 2982 5045 nostri
3009 5008 3024 5056 ;
3057 4990 3185 5042 editi
3227 5005 3358 5061 vero
3380 5028 3396 5052 ,
3441 4990 3621 5055 quibus

2054 5060 2228 5130 dicit:
2273 5068 2448 5130 gentes
2506 5070 2683 5114 autem
2730 5077 2886 5130 super
2939 5060 3299 5114 misericordia
3372 5063 3622 5113 honorare

2051 5129 2240 5193 Deum,
2270 5129 2406 5183 sicut
2431 5131 2687 5199 scriptum
2717 5129 2811 5185 est.
2842 5130 3153 5195 Propterea,
3185 5139 3293 5184 etc.

2047 5269 2081 5324 ἀ
2123 5199 2237 5273 (2-1)
2269 5199 2409 5254 Editi
2431 5238 2447 5265 ,
2495 5211 2676 5256 octavo
2711 5217 2731 5266 ;
2762 5216 2914 5268 mss.,
2942 5201 3163 5269 septimo
3183 5239 3198 5265 ,
3244 5209 3302 5254 et
3333 5211 3484 5256 reete
3508 5199 3623 5268 qui-

2086 5285 2193 5324 em.
3551 5304 3558 5309 .

2086 5285 2193 5325 ent.
3551 5304 3558 5309 -

2119 5341 2234 5412 (25)
2268 5339 2523 5396 Ultimum
2551 5357 2668 5396 vero
2697 5339 2988 5407 exemplum
3015 5339 3124 5407 ipse
3154 5337 3358 5412 Paulus
3384 5343 3450 5393 de
3469 5338 3617 5412 (Isaia

2047 5411 2312 5480 dicitiesse
2343 5423 2670 5480 assmnptum
2689 5450 2707 5476 ,
2744 5413 2795 5464 in
2822 5412 2975 5480 cujus
3017 5425 3234 5476 corpore
3262 5411 3340 5462 ita
3369 5411 3614 5480 scriptun:

2051 5491 2148 5534 est.
2181 5479 2237 5535 ln
2273 5484 2431 5536 editis
2461 5479 2574 5535 haec
2614 5483 2977 5550 prastermissa
3019 5490 3185 5544 sunt,
3219 5494 3454 5548 quorum
3510 5479 3616 5550 loco

2051 5552 2286 5622 legitur,
2322 5553 2392 5607 Et
2436 5548 2630 5606 rursus
2664 5550 2839 5606 Isaias
2874 5554 2992 5604 ait:
3027 5553 3096 5604 Et
3143 5550 3241 5603 erit
3280 5552 3334 5602 in
3389 5552 3475 5602 die
3504 5548 3614 5609 illa,

2047 5631 2154 5676 CIC.

2119 5690 2231 5763 (‘26)
2281 5690 2376 5765 Sic
2414 5706 2528 5765 gms.
2570 5690 2975 5765 _Regius_num.
3031 5691 3189 5765 1659.
3244 5689 3464 5765 Ctete_r_i_
3496 5699 3615 5765 vero

2049 5758 2181 5832 mss.
2212 5758 2269 5817 et
2295 5764 2447 5830 diti,
2479 5762 2580 5816 nisi
2624 5758 2751 5832 quia
2785 5763 2920 5832 forte
2941 5804 2954 5816 .
2977 5802 2991 5815 .
3014 5804 3027 5817 .
3062 5763 3300 5827 videtur,
3335 5758 3509 5826 editi,
3538 5758 3612 5810 oi—

2046 5830 2254 5886 den’tur.
