3796 6538
415 417 552 476 1297

1850 422 2172 479 ORIGENIS

3499 429 3624 484 1268

410 537 575 588 etiam
613 535 840 591 scientia
864 537 976 610 (5⁵1)
1006 540 1192 609 repleti
1223 541 1336 600 ﬁve
1364 541 1615 606 Romani,
1648 544 1758 596 sive
1781 545 1971 598 Corin-
2006 549 2049 605 Α
2078 541 2220 596 scire
2266 539 2522 605 fateatur,
2561 540 2710 608 plura
2756 549 2935 594 tamen
2979 548 3033 594 et
3081 540 3250 595 multo
3301 539 3454 610 plura
3500 545 3623 598 scie-

412 627 534 690 thii,
569 627 621 680 in
653 640 912 697 quantum
962 632 1216 700 possibile
1258 643 1343 688 est
1386 634 1582 702 repleri
1626 649 1720 688 eos
1750 637 1840 704 qui
1874 635 1974 688 do-

409 729 602 772 centur
648 720 701 774 in
758 721 1019 789 Ecclesia,
1075 734 1130 778 et
1183 726 1282 778 sub
1346 725 1605 794 perfectis
1659 726 1973 781 doctoribus

408 819 573 876 agunt
602 811 736 880 (58).
772 812 1027 880 Designat
1059 825 1239 870 autem
1264 827 1321 870 et
1349 817 1594 871 scientiae
1621 818 1788 886 ipsius
1821 834 1972 872 men-

407 915 613 965 suram,
649 918 772 957 cum
809 907 939 959 dicit
968 923 982 960 :
1012 905 1098 959 Ita
1134 919 1188 960 ut
1235 909 1448 976 possitis
1492 917 1542 963 et
1576 909 1709 964 alios
1740 927 1968 966 monere.

408 989 462 1043 In
501 1008 606 1060 quo
647 997 908 1058 ostendit,
937 997 1061 1064 quia
1097 998 1148 1051 in
1182 1013 1246 1050 eo
1279 999 1421 1068 quod
1449 999 1638 1054 didicit
1661 1001 1774 1068 (59)
1808 1018 1972 1057 unus-

408 1082 655 1150 quisque,
687 1086 844 1139 debet
876 1089 1042 1140 eliam
1097 1089 1261 1143 alium
1299 1105 1540 1155 monere,
1575 1102 1632 1146 et.
1661 1093 1969 1162 hujusmodi

406 1186 528 1226 cum
579 1175 960 1245 condiscipulis
1004 1180 1204 1234 habere
1255 1182 1546 1250 colloquia,
1601 1185 1798 1252 quibus
1827 1201 1886 1240 se
1916 1196 1971 1241 et

405 1274 662 1318 moneant
709 1266 964 1332 invicem,
993 1270 1161 1341 676
1191 1281 1244 1326 et
1277 1272 1562 1329 tediticent.
1595 1273 1780 1329 Potest
1825 1279 1968 1331 enim

405 1354 655 1408 cooferre
691 1356 981 1424 plurimum
1028 1360 1352 1416 eruditionis
1404 1362 1610 1416 alterna
1657 1365 1874 1419 collatio
1923 1368 1967 1420 si

405 1460 528 1500 cum
562 1445 826 1502 charitate
868 1448 1135 1504 habeatur
1157 1451 1292 1522 (40),
1325 1461 1378 1506 et
1414 1453 1480 1506 de
1529 1455 1969 1523 profundioribus

403 1537 716 1607 quibusque.
741 1540 827 1593 vel
867 1541 1272 1597 obscurioribus
1309 1555 1588 1613 exspectet
1629 1549 1966 1602 eruditorum

402 1628 872 1700 perfectorumqne
935 1636 1280 1699 sententiam,
1349 1639 1650 1691 secundum
1709 1641 1968 1706 quod,et

400 1719 610 1789 Moyses
632 1725 802 1779 dicit:
831 1725 1105 1798 Interroga
1131 1741 1304 1798 patres
1337 1739 1479 1794 tuos,
1497 1743 1544 1785 et
1577 1734 1967 1788 annuntiabunt

400 1815 531 1880 tibi;
565 1817 890 1888 presbyteros
924 1831 1064 1884 tuos,
1099 1833 1150 1874 et
1185 1825 1358 1878 dicent
1391 1827 1488 1880 tibi
1510 1827 1574 1880 ⁸⁸.

2078 634 2190 697 rit,
2253 647 2415 701 quam
2478 633 2776 701 scripserit.
2833 632 3115 702 Tanquam
3175 635 3320 687 enim
3359 633 3476 704 (45)
3546 639 3622 704 qui

2074 725 2187 792 ipse
2229 723 2390 777 multa
2434 725 2618 788 sciret,
2672 739 2771 778 nec
2821 733 3005 779 tamen
3041 724 3264 778 auderet
3311 725 3478 780 multa
3519 742 3625 794 pro-

2073 813 2237 878 ferre,
2271 815 2550 868 audaciam
2600 815 2700 868 sibi
2740 813 2908 868 fuisse
2953 815 3084 868 dicit
3117 824 3176 868 ut
3228 815 3416 883 aliqua
3454 816 3625 872 saltem

2074 905 2356 972 scriptura:
2372 906 2755 960 committeret.
2777 904 2934 972 Quod
2959 920 3084 958 vero
3109 906 3209 968 ait,
3231 922 3628 962 commemorans

2073 1011 2160 1048 vos
2193 1010 2286 1062 per
2317 1000 2547 1064 gratiam
2586 997 2767 1048 datam
2797 997 2946 1062 mihi,
2977 996 3184 1050 indicat
3216 999 3390 1052 fuisse
3431 1000 3626 1067 quidem

2073 1085 2175 1141 sibi
2222 1085 2332 1154 jam
2377 1101 2684 1140 sermonem
2734 1087 2800 1142 de
2847 1085 3066 1153 talibus,
3109 1097 3166 1141 et
3209 1089 3533 1144 disseruisse
3580 1106 3628 1144 se

2072 1192 2216 1246 saepe
2240 1180 2306 1232 de
2333 1177 2634 1248 mysteriis;
2668 1179 2764 1232 sed
2794 1179 3042 1246 quoniam
3092 1193 3214 1246 quas
3243 1180 3362 1235 solo
3397 1196 3629 1236 sermone

2072 1269 2217 1323 dicta
2251 1279 2376 1323 sunt
2408 1268 2566 1324 facile
2590 1269 2702 1339 (44)
2734 1269 3058 1338 intercipere
3084 1282 3268 1340 posset
3298 1273 3519 1336 oblivio,
3549 1288 3630 1341 per

2022 1384 2033 1394 -
2073 1361 2208 1422 base,
2239 1360 2435 1430 inquit,
2472 1375 2643 1428 pauca
2673 1374 2790 1428 quae
2839 1361 3030 1429 scripsi
3070 1377 3167 1430 per
3205 1363 3436 1432 gratiam
3469 1365 3632 1417 datam

2071 1451 2226 1514 mihi,
2274 1451 2486 1505 illorum
2521 1451 2675 1506 vobis
2729 1453 3048 1507 memoriam
3101 1469 3320 1516 revoco,
3354 1469 3476 1524 quae
3501 1471 3529 1507 a
3559 1446 3634 1510 me

2069 1540 2229 1596 latlus
2263 1557 2406 1612 saepe
2446 1543 2676 1597 disserta
2719 1552 2869 1598 sunt.
2906 1543 2982 1598 De
3018 1543 3202 1612 gratia
3248 1555 3434 1598 autem
3486 1561 3631 1616 quam

2069 1632 2172 1686 sibi
2205 1632 2385 1686 datam
2437 1630 2636 1686 Paulus
2684 1645 3098 1702 commemorat,
3150 1650 3316 1704 supra
3347 1635 3464 1703 jam
3508 1637 3631 1691 disi-

2071 1740 2208 1777 mus.
2261 1727 2432 1791 Quam
2483 1727 2717 1794 gratiam
2768 1727 2840 1781 ob
2892 1731 2994 1782 hoc
3027 1731 3139 1784 sibi
3175 1731 3360 1785 datam
3396 1731 3545 1796 dicit,
3582 1741 3631 1784 ut

2069 1816 2190 1880 sim,
2239 1815 2433 1884 inquit,
2487 1817 2799 1872 ministram
2837 1817 3047 1874 Christo
3093 1821 3221 1876 Jesu
3279 1824 3336 1876 in
3384 1823 3630 1892 gentibus,

468 1908 556 1961 11.
578 1909 846 1965 Audacius
869 1922 1044 1966 autem
1063 1916 1249 1984 scripsi
1272 1918 1411 1970 vobis
1438 1934 1504 1972 ea:
1525 1931 1698 1988 parte,
1717 1930 1960 1991 tanquam

2071 1905 2409 1974 sanctiﬁcaas
2453 1905 2798 1977 Evangelium
2841 1909 2955 1964 Dei.
3003 1911 3160 1977 Quod
3206 1928 3308 1968 nos
3359 1913 3630 1976 habemus.

399 2013 809 2054 commemorans
840 2018 929 2056 vos
974 2019 1066 2070 per
1105 2009 1330 2072 gratiam
1375 2007 1557 2060 datam
1592 2010 1721 2062 mihi
1756 2028 1788 2064 a
1836 2010 1966 2076 Deo,

399 2101 452 2142 ut
474 2091 573 2143 sim
603 2092 913 2148 ministrans
937 2093 1145 2146 Christo
1169 2094 1302 2148 Jesu
1345 2098 1400 2151 in
1430 2101 1692 2168 gentibus,
1727 2102 1969 2169 sanctiﬁ-

397 2195 521 2234 cans
555 2178 894 2251 anngelium
925 2182 1044 2247 Dei,
1071 2197 1125 2236 ut
1151 2188 1216 2238 sit
1243 2184 1437 2240 oblatio
1464 2189 1694 2256 gentium
1733 2202 1967 2258 accepta,

396 2273 726 2340 sanctificata
753 2275 807 2328 in
839 2274 1043 2343 Spiritu
1071 2276 1331 2331 sancto".
1369 2277 1648 2348 Tanquam
1696 2283 1787 2351 qui
1837 2298 1970 2338 con-

398 2363 542 2416 scius
574 2366 645 2418 sit
682 2366 785 2419 sibi
819 2370 868 2420 in
915 2370 1059 2422 omni
1095 2380 1240 2425 testu
1287 2371 1557 2440 Epistolas,
1593 2374 1719 2426 dum
1765 2375 1833 2430 ad
1875 2389 1968 2429 eos

398 2455 668 2510 interdum
694 2459 785 2525 qui
815 2474 881 2513 ex
915 2461 1330 2516 circumcisione
1360 2473 1506 2529 sunt,
1539 2466 1809 2520 interdum
1839 2483 1968 2521 vero

395 2546 463 2598 ad
494 2559 587 2599 eos
609 2549 700 2616 qni
733 2564 798 2602 es
833 2553 1084 2618 gentibus
1111 2553 1463 2608 crediderunt
1486 2556 1687 2612 faceret
1717 2560 1965 2622 verbum,

394 2633 536 2701 quod
570 2637 822 2691 nonnulla
869 2641 1033 2695 etiam
1066 2644 1134 2698 de
1165 2647 1552 2700 secretioribus
1601 2649 1880 2717 mysteriis
1912 2659 1968 2704 et

393 2725 832 2793 profundioribus
878 2735 1166 2804 contigerit
1196 2736 1330 2807 (41),
1372 2748 1426 2791 et
1465 2741 1646 2792 studio
1683 2741 1967 2794 reddendas

394 2819 622 2874 rationis
650 2820 802 2890 plura
830 2838 950 2892 quae
985 2825 1325 2880 habebantur
1351 2829 1403 2881 in
1435 2830 1666 2884 occultis
1693 2831 1966 2900 patefece-

394 2911 487 2974 rit,
509 2910 635 2966 licet
664 2913 716 2965 in
747 2915 972 2984 singulis
997 2916 1456 2985 dispensationem
1487 2921 1636 2975 verbi
1662 2933 1815 2977 cauta
1850 2939 1964 2976 mo-

391 3001 669 3057 deratione
707 3010 1028 3070 servaverit,
1060 3017 1116 3062 et
1165 3024 1234 3063 ex
1269 3009 1452 3080 aliqua
1486 3023 1643 3079 parte
1690 3013 1961 3082 indicans,

390 3108 458 3147 cx
505 3096 670 3150 multa
722 3115 933 3153 rursum
973 3111 1126 3170 parte
1173 3105 1496 3170 contexerit,
1551 3105 1754 3160 idcirco
1785 3107 1959 3160 dicit:

2070 1998 2406 2064 sanctiﬁcans
2448 1997 2796 2068 Evangelium
2833 2000 2950 2068 Dei,
2987 2002 3166 2060 δι’ωεί
3199 2006 3632 2077 magnificentius

2071 2091 2280 2154 dicunt,
2319 2090 2713 2162 ἱερουργοῦντα
2743 2095 2805 2148 τὸ
2837 2096 3168 2165 Εὐαγγέλιον
3194 2098 3290 2151 τοῦ
3318 2099 3481 2162 θεοῦ,
3506 2102 3634 2169 quod

2070 2179 2196 2235 licet
2241 2197 2347 2238 non
2382 2185 2539 2254 plene
2587 2203 2617 2241 a
2654 2189 2808 2243 nobis
2829 2189 2962 2260 (45),
2995 2201 3182 2259 posset
3211 2201 3394 2246 tamen
3425 2193 3527 2246 dici
3552 2209 3631 2245 sa-

2073 2273 2320 2342 criﬁcans
2362 2275 2706 2346 Evangelium
2750 2278 2884 2345 Dei;
2919 2296 3010 2348 per
3045 2285 3186 2350 quod
3217 2285 3526 2338 ostenditur
3553 2300 3632 2338 sa-

2069 2367 2310 2422 crificale
2337 2383 2474 2437 opus
2519 2385 2640 2425 esse
2681 2375 3001 2428 annuntiare
3031 2375 3407 2446 Evangelium.
3437 2377 3633 2433 Idcirco

2069 2460 2302 2529 denique
2335 2461 2737 2532 subjungitzUt
2779 2465 2872 2529 fiat
2905 2467 3100 2520 oblatio
3138 2471 3376 2536 gentium
3410 2481 3634 2538 accepta,

2070 2549 2401 2617 sanctiﬁcata
2434 2554 2490 2606 in
2535 2552 2740 2622 Spiritu
2780 2566 2986 2611 sancto.
3016 2557 3168 2610 Sicut
3196 2573 3330 2628 ergo
3359 2561 3634 2628 pontifices

2067 2657 2190 2695 cum
2225 2641 2545 2710 oll'erebant,
2599 2647 2910 2700 necessario
2956 2649 3035 2702 eis
3073 2658 3195 2703 erat
3246 2652 3630 2720 providendum

2069 2749 2135 2788 ne
2185 2736 2394 2788 macula
2444 2737 2648 2792 inesset
2689 2738 2901 2806 hostiae,
2953 2758 3019 2794 ne
3066 2742 3422 2810 vituperatio,
3473 2761 3536 2799 ne
3561 2746 3632 2798 vi-

2070 2824 2198 2878 tium
2223 2824 2361 2898 (46),
2396 2838 2453 2879 ut
2483 2838 2662 2895 posset
2706 2839 2926 2898 accepta
2969 2846 3091 2886 esse
3123 2833 3234 2888 Deo
3267 2845 3324 2888 ct
3374 2846 3526 2905 grata
3557 2839 3627 2901 ²¹;

2065 2917 2138 2971 ita
2163 2927 2217 2970 et
2240 2919 2328 2987 qui
2364 2917 2712 2990 Evangelium
2746 2924 3036 2988 sacrificat,
3070 2933 3124 2979 et
3154 2928 3384 2981 verbum
3420 2929 3510 2983 Dei
3539 2943 3630 2982 an-

2066 3011 2303 3074 nuntiat,
2337 3026 2532 3065 curare
2566 3013 2892 3068 omnimodis
2918 3016 3095 3078 debet.
3124 3033 3190 3072 ne
3217 3033 3324 3085 qua
3357 3020 3412 3074 in
3446 3021 3630 3086 praedi-

2062 3102 2241 3154 cando
2269 3102 2499 3168 macula,
2545 3120 2611 3158 ne
2644 3105 2784 3174 quod
2820 3107 2869 3159 in
2908 3108 3153 3162 docendo
3183 3111 3399 3179 vitium,
3438 3127 3504 3167 ne
3531 3129 3627 3182 qua

390 3184 659 3242 Audacius
704 3203 876 3244 autem
929 3195 1114 3260 δεήρεί
1162 3196 1302 3248 vobis
1361 3212 1426 3249 ex
1474 3208 1647 3264 parte,
1710 3210 1960 3266 tanquam
1988 3237 2031 3295 Ο
2066 3191 2120 3245 in
2151 3194 2462 3262 magisterio
2497 3197 2654 3264 culpa
2687 3206 2972 3264 nascatur;
3005 3200 3098 3253 sed
3122 3240 3138 3263 ,
3168 3210 3226 3254 ut
3278 3203 3355 3255 ita
3384 3204 3628 3270 dixerim,

390 3293 796 3334 commemorans
844 3299 931 3336 vos
983 3301 1074 3351 per
1107 3286 1334 3354 gratiam
1365 3304 1482 3356 qua:
1526 3288 1655 3340 data
1703 3299 1773 3342 est
1810 3290 1958 3342 mihi.

387 3370 556 3424 Audis
586 3371 695 3442 (62)
742 3375 1053 3443 Apostolttm
1083 3375 1352 3432 dicentem
1388 3397 1401 3432 :
1437 3378 1521 3432 Ea:
1551 3389 1700 3446 parte
1741 3381 1967 3448 scripsi?

391 3457 546 3518 Unde
576 3479 752 3533 neque
792 3468 952 3521 nobis
1001 3466 1198 3536 aliquis
1227 3482 1564 3534 succenseat,
1599 3471 1646 3524 si
1679 3473 1963 3541 mysterio-

393 3569 510 3606 rum
563 3557 869 3612 divinorum
909 3563 1172 3616 rationem
1225 3563 1518 3632 explanare
1579 3563 1647 3617 ad
1701 3563 1964 3633 liquidum

390 3661 499 3698 non
533 3648 796 3712 valemus,
826 3666 948 3706 cum
995 3653 1180 3707 audiat
1215 3669 1336 3707 eum
1373 3655 1462 3723 qui
1501 3655 1658 3708 nobis
1694 3657 1808 3710 haac
1844 3656 1955 3722 ipsa

392 3738 630 3804 tradidit,
658 3757 721 3794 ex
761 3753 914 3809 parte
964 3744 1250 3800 tradidisse
1277 3763 1289 3799 :
1317 3761 1490 3815 neque
1533 3748 1824 3816 quisquam
1855 3749 1957 3800 sub

389 3828 630 3885 scientia:
681 3833 836 3885 titulo
873 3835 945 3888 ita
993 3835 1210 3892 inflatus
1247 3839 1484 3901 incedat,
1535 3848 1792 3907 tanquam
1838 3837 1958 3890 uni-

389 3935 542 3974 versa
575 3926 910 3993 cognoverit,
943 3943 1069 3982 cum
1117 3928 1232 3998 ipse
1273 3928 1474 3984 Paulus
1513 3945 1542 3982 a
1577 3944 1685 3998 quo
1713 3927 1958 3982 scientia:

390 4015 544 4069 nobis
575 4032 752 4070 sermo
782 4019 1088 4074 transfusus
1115 4031 1221 4086 est,
1249 4037 1314 4075 ex
1348 4032 1499 4090 parte
1531 4037 1589 4074 se
1625 4021 1776 4077 dicat
1824 4020 1962 4074 scri-

385 4106 534 4172 bere,
578 4119 634 4162 et
682 4123 749 4162 ex
782 4122 936 4179 parte
977 4113 1384 4179 cognoscere".
1419 4113 1530 4180 Ego
1584 4123 1764 4167 tamen
1813 4111 1962 4166 arbi-

386 4195 504 4252 tror
531 4203 676 4270 quod
724 4207 976 4272 quamvis
1005 4207 1169 4261 etiam
1211 4206 1324 4276 ipse
1358 4205 1560 4260 Paulus
1605 4220 1674 4260 ex
1708 4214 1866 4274 parte
1900 4219 1962 4259 se

2063 3285 2107 3337 si
2139 3285 2253 3338 lieri
2289 3297 2486 3352 potest,
2517 3289 2868 3357 semetipsum
2901 3291 3076 3358 primo
3126 3291 3394 3356 immolet.
3433 3312 3492 3351 se
3525 3298 3625 3366 pri-

2064 3391 2210 3427 mum
2237 3376 2383 3430 vitiis
2403 3377 2628 3446 jugulet,
2659 3395 2756 3432 sua
2780 3382 2928 3447 prius
2957 3392 3183 3448 peccato
3214 3386 3466 3440 membra
3496 3402 3629 3440 mor—

2067 3467 2258 3531 tificet,
2289 3473 2347 3518 ut
2373 3482 2477 3522 non
2510 3468 2686 3522 solum
2715 3469 2980 3532 doctrina,
3014 3471 3108 3524 sed
3148 3478 3203 3523 et
3231 3471 3360 3524 vita:
3389 3473 3626 3542 exemplo

2065 3557 2450 3627 discipulorum
2484 3559 2715 3612 salutem
2766 3558 3090 3613 oblationem
3142 3577 3298 3614 suam
3328 3562 3446 3634 (47)
3481 3579 3626 3618 acce-

2065 3659 2213 3719 ptam
2265 3651 2430 3706 faciat
2480 3650 2610 3705 Deo.
2662 3651 3027 3717 Sanctiﬁcata,
3075 3651 3275 3721 inquit,
3338 3656 3396 3709 in
3437 3656 3628 3723 Spiritu

2065 3753 2267 3798 sancto.
2307 3741 2767 3796 Sanctificationis
2819 3743 2936 3797 fons
2985 3742 3216 3811 Spiritus
3263 3758 3489 3800 sanctus
3531 3759 3626 3810 est,

2065 3843 2120 3887 et
2149 3835 2270 3890 ideo
2295 3835 2499 3889 oblatio
2527 3835 2766 3910 gentium
2797 3851 2915 3904 quae
2948 3834 3115 3889 Paulo
3155 3840 3507 3893 sacrificante
3526 3839 3626 3908 (48)

2065 3923 2315 3991 offertur,
2350 3939 2455 3978 non
2492 3940 2588 3994 per
2611 3924 3009 3978 observantiam
3054 3925 3211 3996 legis,
3246 3929 3343 3981 sed
3392 3945 3490 3998 per
3516 3929 3629 3999 Spio

2064 4019 2226 4072 ritum
2256 4027 2502 4070 sanctum
2543 4029 2761 4086 accepta
2799 4017 2912 4071 fieri
2943 4017 3146 4071 dicitur
3181 4019 3314 4074 Deo.

2135 4109 2222 4162 12.
2270 4108 2448 4162 Habeo
2473 4109 2634 4178 igitur
2654 4108 2873 4176 gloriam
2895 4109 2949 4161 in
2970 4107 3180 4163 Christo
3203 4108 3340 4164 Iesu
3360 4114 3432 4164 ad
3454 4113 3626 4167 Deum.

2067 4198 2191 4253 Non
2221 4201 2360 4252 enim
2395 4200 2565 4253 audeo
2611 4199 2812 4268 aliquid
2859 4198 3004 4269 loqui
3051 4216 3236 4254 eorum
3270 4218 3392 4270 qum
3429 4219 3522 4271 per
3555 4219 3631 4258 me

458 4359 502 4392 ³⁸
528 4360 688 4416 Deut.
725 4379 899 4429 χχιιι,
931 4364 982 4417 7.
1061 4365 1104 4397 ¹⁹
1135 4364 1291 4420 Rom.
1332 4381 1423 4420 xv.
1457 4366 1545 4434 15,
1584 4366 1674 4421 16.
1745 4366 1960 4421 "ibidd

2086 4364 2107 4419 ί
2133 4363 2260 4419 Cor.
2281 4377 2403 4430 xm,
2437 4362 2522 4417 12.
2601 4364 2643 4394 ²¹
2667 4360 2841 4417 Levit.
2865 4378 3000 4429 χχιι,
3026 4363 3126 4422 2t;
3154 4364 3314 4419 Deut.
3343 4369 3526 4432 xv,21.

455 4522 569 4600 (57)
593 4523 686 4600 S_i_c
716 4542 844 4579 mss.
868 4527 1009 4583 Editi
1044 4543 1192 4594 vero,
1223 4529 1301 4581 vel
1325 4528 1576 4594 bonitate,
1604 4528 1681 4582 vel
1708 4529 1948 4600 scientia,
1983 4541 2029 4596 ῃ
2059 4524 2229 4582 Paulo
2262 4523 2403 4600 infra
2435 4521 2566 4600 editi
2615 4521 2732 4575 loco
2774 4522 3007 4590 proferre
3037 4522 3241 4600 habent
3284 4525 3502 4592 referre.
3516 4525 3624 4600 Ms.

382 4594 583 4650 omisso
614 4596 698 4649 bis
725 4602 907 4650 etiam.

454 4665 566 4736 (58)
609 4665 774 4736 ξὶάίιί,
799 4676 1046 4736 aguntur.

455 4735 566 4806 (59)
602 4735 804 4791 Omnes
837 4735 991 4801 inss.,
1020 4737 1182 4802 dicit;
1227 4738 1506 4804 Rabanns,
1544 4737 1768 4802 didicit;
1799 4738 1951 4803 editi,

380 4805 554 4860 discit.

454 4875 564 4946 (40)
603 4877 732 4931 Mss.
780 4874 1033 4944 quidam,
1093 4879 1138 4931 si
1184 4893 1301 4928 cum
1354 4877 1621 4930 hilaritate
1675 4878 1951 4942 habeatur,

383 4946 585 5000 Deinde
613 4962 714 4999 ms.
753 4946 952 5015 Regius
985 4963 1133 5001 num.
1165 4947 1323 5010 1659,
1352 4959 1686 5015 exspectatur
1724 4951 1954 5001 erudito-

382 5033 498 5068 rum
545 5017 992 5085 perfectorumque
1040 5019 1324 5071 sententia.
1357 5017 1424 5070 Et
1456 5018 1614 5084 paulo
1656 5026 1774 5084 post
1815 5034 1946 5072 mss.

379 5087 606 5157 aliquot,
639 5085 918 5155 Interroga
963 5099 1165 5154 patrem
1206 5098 1374 5150 tuum,
1407 5098 1512 5141 etc.
1562 5088 1669 5140 Sed
1714 5088 1950 5156 potiores

382 5155 512 5211 mss.
537 5155 790 5208 Rabanus
815 5169 869 5209 et
895 5157 1022 5210 editi
1064 5169 1122 5210 ut
1155 5159 1206 5211 in
1241 5169 1428 5210 nostro
1457 5168 1628 5210 textu.

449 5225 696 5304 (4|).Ms.
754 5225 952 5304 Regius
984 5244 1156 5304 _nu_m.
1208 5228 1367 5304 1659,
1417 5229 1727 5304 contemerit.
1781 5225 1950 5304 Paulo

379 5297 685 5376 post-editi,-
715 5297 1039 5376 patefecerit,
1071 5300 1184 5350 licet
1215 5300 1269 5376 in
1297 5299 1520 5376 singulis
1560 5297 1949 5376 dispensatione

378 5367 521 5420 uerbi
566 5368 980 5438 moderationem
1015 5371 1316 5431 servaverit,
1347 5385 1410 5420 ea:
1441 5369 1618 5437 aliqua
1669 5381 1818 5438 parte
1847 5367 1946 5438 jn-

378 5437 589 5498 dicans,
618 5451 683 5488 ea:
713 5437 878 5489 multa
915 5453 1127 5490 rursum
1162 5449 1311 5506 parte
1351 5436 1645 5506 contegens,
1670 5436 1789 5492 etc.
1839 5436 1946 5490 Sed

378 5521 566 5559 omnes
608 5519 740 5559 mss.
793 5515 847 5558 et
902 5507 1158 5561 liabanus
1193 5517 1249 5560 ut
1304 5509 1355 5561 in
1417 5517 1597 5571 textu;
1650 5510 1753 5562 nisi
1802 5507 1945 5575 quod

379 5577 606 5648 quidam
631 5590 914 5648 perperam
941 5579 1173 5645 habeant
1205 5594 1325 5633 cum
1359 5577 1612 5646 Rabano,
1641 5577 1945 5648 patefecerit

377 5646 493 5698 luce
521 5685 536 5708 ,
560 5646 630 5699 al.
658 5645 848 5697 lucere.

449 5717 564 5782 (42)
603 5717 694 5769 Sic
719 5730 820 5768 ms.
871 5731 1010 5768 unus
1040 5726 1093 5769 et
1119 5716 1395 5773 Babanus.
1423 5719 1615 5774 Cmteri
1644 5733 1774 5774 vero
1810 5731 1942 5772 mss.

381 5788 554 5838 nostri
582 5797 635 5838 et
667 5786 818 5845 editi,
856 5785 1018 5837 Audi.

456 5855 569 5924 (45)
602 5855 1109 5916 Enim.l{estituitur
1153 5872 1218 5911 ex
1254 5875 1353 5914 ms.
1399 5857 1564 5928 Regio
1603 5875 1753 5916 num.
1786 5859 1940 5915 1659.

2059 4611 2221 4660 unus,
2251 4594 2408 4661 ferre.
2441 4593 2506 4646 Et
2550 4603 2670 4661 post
2714 4606 2880 4663 pauca
2926 4607 3025 4645 ms.
3060 4592 3264 4660 Regius
3292 4611 3445 4648 num.
3474 4596 3623 4663 1639,

2056 4667 2256 4717 indicat
2292 4665 2471 4726 fecisse
2501 4664 2708 4730 quidem
2745 4679 2798 4714 se
2815 4661 2928 4728 jam
2955 4677 3270 4726 sermonem,
3305 4675 3416 4720 etc.

2127 4734 2244 4804 (44)
2278 4734 2436 4804 Editi,
2472 4733 2536 4784 de
2562 4732 2730 4799 facili.
2759 4731 2883 4804 Mss.
2915 4739 2970 4804 et
2995 4731 3278 4798 Rati-anus,
3313 4735 3493 4799 facile.

2127 4801 2244 4873 (45)
2271 4802 2361 4857 Sic
2381 4803 2636 4873 ltabanus
2663 4810 2717 4873 et
2743 4801 3107 4873 editi.9mnes
3135 4816 3266 4873 vero
3297 4821 3430 4859 mss.
3462 4808 3624 4860 nostri

2055 4869 2261 4928 habent
2288 4872 2660 4944 tantummodo
2689 4869 3004 4941 ἱερουργιῖΝ,
3037 4874 3175 4944 quod
3198 4871 3321 4944 licet
3349 4892 3455 4928 non
3482 4879 3629 4944 plane

2053 4963 2084 4996 a
2117 4946 2290 4997 nobis.
2323 4941 2541 5013 Deinde
2561 4956 2692 4994 mss.
2715 4945 3078 5013 duo,_po‘sset;
3110 4942 3370 5013 [tabanus
3399 4958 3452 4998 et
3479 4941 3624 5013 editi,

2051 5019 2254 5080 possit;
2278 5010 2614 5084 Insiliegius
2639 5027 2788 5084 nutu.
2819 5009 2978 5084 1659,
3008 5022 3194 5084 potest.
3227 5012 3293 5064 Et
3326 5019 3486 5082 paulo
3513 5009 3626 5084 post

2053 5100 2183 5136 mss.
2215 5095 2274 5137 et
2303 5081 2582 5153 Rabanus,
2615 5080 2729 5141 alii,
2763 5080 3055 5153 sacriﬁculo
3099 5097 3269 5147 opus;
3303 5080 3419 5148 alii,
3459 5080 3623 5153 ρόηιε.

2050 5153 2204 5219 ﬁcale
2237 5170 2386 5218 opus.
2437 5150 2598 5212 Editi,
2630 5150 2949 5218 sancti/icale
2977 5167 3123 5217 opus.

2124 5223 2239 5298 (ω)
2257 5223 2480 5298 -Ειιριίβι
2504 5236 2632 5298 Iltss.
2657 5221 2978 5298 quidatnnne
3001 5223 3400 5298 vituperationis
3425 5227 3620 5298 uitium.

2051 5290 2230 5346 Male.‘
2254 5292 2458 5344 Deinde
2490 5291 2642 5363 editi,
2681 5303 2737 5341 ut
2777 5290 2959 5356 possit,
2990 5300 3092 5342 etc.
3140 5295 3246 5343 Sed
3293 5311 3396 5349 IIIS.
3432 5295 3624 5363 Regius

2053 5379 2204 5416 nnm.
2236 5363 2373 5418 1659
2403 5370 2458 5414 et
2490 5358 2748 5412 Rabanus
2782 5368 2928 5412 recte
2970 5370 3025 5411 ut
3063 5365 3113 5412 in
3153 5373 3342 5416 nostro
3368 5358 3535 5418 textu:
3560 5363 3623 5418 Et

2049 5434 2215 5500 paulo
2247 5441 2368 5503 pOsl.
2398 5431 2551 5503 editi,
2582 5429 2877 5495 sanctiﬁcat
2902 5438 2995 5482 :at
3025 5445 3215 5484 omnes
3260 5450 3393 5488 mss.
3427 5446 3481 5489 et
3519 5437 3622 5488 tta-

2048 5501 2261 5566 banus,_
2286 5501 2573 5563 sacrificat.

2120 5572 2232 5644 (47)
2271 5573 2362 5645 Sic
2393 5587 2530 5645 n_t_ss._
2557 5570 2795 5645 plerique
2843 5578 2897 5645 et
2939 5569 3091 5645 editi.
3132 5571 3235 5627 Ms.
3261 5591 3391 5629 vero
3428 5575 3622 5645 Regius

2049 5639 2196 5698 num.
2224 5643 2385 5705 1659,
2400 5641 2776 5706 discipulorum
2797 5639 2964 5692 salute
2988 5642 3305 5698 oblationem
3327 5639 3618 5707 samnito.

2049 5711 2332 5774 Rabanus,
2361 5710 2740 5777 discipulorum
2785 5711 3036 5764 salutcm'
3057 5714 3328 5770 oblatione
3366 5736 3483 5777 sua.
3516 5727 3613 5769 etc.

2119 5783 2232 5850 (48)
2273 5782 2413 5838 Editi
2469 5784 2852 5853 sanctificante.
2885 5779 3014 5840 Mss.
3043 5800 3235 5840 otnnes
3264 5800 3319 5842 et
3345 5786 3620 5842 [tab-anus.

2048 5853 2397 5920 sacrificante.
