3812 6546
74 392 234 447 1269

1063 393 1421 454 COMMENT.
1456 391 1527 447 IN
1563 387 1785 445 EPIST.
1817 388 1911 445 AD
1949 388 2116 446 80M.
2148 389 2278 445 LIB.
2320 388 2388 445 Χ.

3213 389 3351 445 1270

74 522 195 559 non
228 504 377 576 efﬁcit
402 503 647 559 Christus
673 506 727 559 in
756 506 1102 562 obedientiam
1142 508 1394 577 gentium,
1442 506 1595 558 verbo
1624 511 1671 555 et
1701 503 1752 563 Α
1780 503 1956 558 ricum
1983 505 2210 573 replevit
2244 503 2597 575 Evangelium
2629 503 2857 559 Christi.
2886 502 3055 574 Moysi
3084 503 3351 569 et§Aaron

75 593 271 661 factis,
302 611 396 663 per
430 604 736 663 potestatem
785 597 1059 663 signorum
1091 605 1140 650 et
1172 597 1531 665 prodigiorum
1553 594 1670 667 (£9)

72 688 139 739 in
172 687 360 740 uirtute
390 685 624 754 Spiritus
651 685 787 752 Dei;
829 688 908 741 ita
949 700 1003 741 ut
1033 690 1096 741 ab
1135 688 1433 743 Jerusalem
1476 688 1531 740 in
1569 688 1673 740 cir-

73 778 239 832 cuitu
293 795 455 848 usque
505 780 577 833 ad
640 777 915 850 Illyricum
975 782 1277 849 repleverim
1331 781 1671 850 Erangelinm

74 870 314 925 Christi.
360 872 451 927 Sic
490 882 666 926 autem
715 875 812 927 hoc
844 875 1130 942 pra-dicari
1173 873 1522 943 Evangelium
1567 890 1672 928 non

74 965 180 1016 ubi
211 964 515 1018 nominatus
539 975 616 1020 est
640 964 907 1031 Christus,
939 984 1002 1019 ne
1030 984 1188 1034 super
1213 966 1443 1020 alienum
1478 966 1673 1033 fundu-

74 1068 328 1111 mentum
354 1057 675 1126 azdiﬁcarem
702 1074 722 1113 :
754 1060 844 1112 sed
879 1060 1011 1113 sicut
1044 1059 1297 1126 scriptum
1327 1069 1401 1112 est
1428 1075 1445 1112 :
1472 1058 1672 1124 Quibus

75 1163 194 1201 non
222 1158 299 1202 est
326 1148 700 1202 annuntiatum
729 1150 793 1202 de
823 1165 908 1215 eo,
934 1151 1205 1214 videbunt,
1240 1159 1287 1204 et
1317 1152 1408 1215 qui
1435 1167 1537 1204 non
1569 1167 1672 1203 au-

73 1237 323 1301 dierunt,
347 1236 637 1306 intelligent
650 1238 716 1291 ”.
736 1238 873 1294 Vera
896 1239 1113 1307 quidem
1138 1239 1391 1310 gloriatio
1414 1240 1481 1294 ad
1506 1242 1670 1295 Deum

74 1345 197 1383 non
220 1337 327 1397 est,
347 1331 449 1385 nisi
482 1331 568 1385 illa
604 1346 724 1400 qua:
748 1343 833 1388 est
862 1334 915 1388 in
940 1332 1160 1388 Christo
1180 1331 1327 1387 Jesu.
1363 1332 1496 1389 Sine
1516 1332 1673 1390 Chri-

73 1433 173 1473 sto
204 1434 389 1485 autem
426 1423 645 1495 gloriari
683 1425 737 1479 in
786 1426 898 1482 Deo
944 1427 1052 1481 tale
1094 1436 1196 1492 est,
1243 1427 1404 1497 quale
1451 1429 1495 1483 si
1549 1428 1675 1499 quis

75 1517 259 1589 677
285 1519 432 1574 dicat
460 1534 620 1589 posse
641 1534 699 1576 se
718 1520 922 1576 habere
947 1521 1176 1591 gloriam
1198 1522 1338 1592 apud
1367 1522 1535 1577 Deum
1554 1522 1673 1578 sine

68 1609 329 1677 justitia,
380 1611 499 1665 sine
538 1612 807 1681 sapientia
833 1652 849 1680 ,
892 1614 1018 1669 sine
1060 1615 1314 1674 veritate.
1366 1614 1491 1671 ﬂare
1528 1616 1671 1672 enim

75 1704 275 1757 omnia
314 1703 564 1760 Christus
612 1717 739 1774 est;
780 1715 837 1762 et
868 1707 993 1763 ideo
1038 1708 1093 1763 in
1137 1708 1253 1766 solo
1288 1709 1505 1768 Christo
1544 1727 1672 1769 vera

78 1794 347 1863 gloriatio
373 1806 456 1851 est
498 1801 565 1853 ad
610 1799 802 1854 Deum.
850 1797 1043 1855 Simile
1075 1810 1159 1857 est
1190 1802 1291 1857 hoc
1327 1802 1401 1858 illi
1442 1804 1586 1875 quod
1620 1806 1672 1859 in

80 1886 218 1941 aliis
247 1887 365 1958 ipse
390 1888 521 1943 dicit
553 1904 569 1943 :
602 1889 707 1955 Qui
736 1901 912 1945 autem
932 1892 1214 1963 gloriatur,
1240 1894 1295 1948 in
1316 1892 1545 1950 Domino
1561 1894 1671 1964 glo-

82 1980 360 2034 rietur".
410 1980 693 2048 Quomodo
739 1993 927 2038 autem
972 1983 1256 2056 culpabilis
1302 1992 1378 2041 sit
1423 1986 1677 2055 gloriatio

80 2071 273 2127 omnis
301 2086 423 2143 quae
451 2085 603 2129 extra
636 2074 919 2132 Christum
952 2084 1067 2144 est,
1100 2076 1252 2132 verbi
1286 2092 1470 2143 causa,
1513 2078 1565 2132 in
1594 2078 1677 2132 di-

80 2161 281 2228 vitiis,
338 2164 427 2219 vel
483 2166 787 2223 honoribus
839 2168 1024 2224 saeculi
1080 2168 1234 2242 (50),
1277 2170 1361 2225 vel
1412 2171 1675 2239 sapientia

81 2256 321 2323 mundi,
362 2257 448 2312 vel
504 2260 723 2314 caeteris
765 2261 974 2316 artibus
1030 2277 1153 2332 qua:
1198 2271 1353 2316 extra
1399 2262 1677 2318 Christum

83 2357 247 2414 sunt,
274 2363 440 2416 supra
481 2348 595 2418 jam
629 2351 793 2408 latius
823 2353 1183 2409 disseruimus
1217 2354 1353 2425 (51).
1383 2355 1678 2411 Sciendum

85 2453 227 2493 sane
268 2449 357 2496 est
390 2443 537 2511 quod
582 2443 670 2499 hic
710 2443 893 2500 Latini
936 2445 1166 2516 gloriam
1206 2446 1320 2519 (52)
1353 2462 1450 2518 pro
1479 2448 1682 2516 gloria-

88 2531 250 2586 tione
290 2545 627 2602 posuerunt.
672 2535 800 2591 Non
838 2539 1001 2607 enim,
1029 2539 1228 2609 inquit,
1268 2540 1439 2596 audeo
1477 2540 1680 2612 aliquid

85 2624 252 2696 loqui
283 2643 467 2680 eorum
499 2645 616 2698 qua:
650 2646 743 2699 per
778 2647 859 2684 me
892 2647 997 2685 non
1022 2632 1169 2702 eﬂicit
1205 2629 1445 2688 Christus
1474 2634 1532 2687 in
1559 2635 1681 2690 obe-

85 2717 362 2771 dientiam
389 2721 647 2790 gentium,
682 2722 837 2783 verba
869 2731 917 2777 et
950 2724 1129 2792 factis,
1158 2740 1252 2791 per
1280 2733 1590 2792 potestatem
1616 2726 1684 2780 si-

83 2825 320 2875 gnorum
357 2821 405 2864 et
429 2814 792 2882 prodigiorum
819 2814 874 2867 in
913 2814 1104 2867 virtute
1143 2812 1373 2878 Spiritus
1398 2814 1515 2868 Dei.
1552 2814 1683 2882 Qua:

83 2895 312 2964 loquor,
346 2898 555 2969 inquit,
602 2915 713 2955 non
755 2910 883 2955 sunt
913 2901 1076 2956 alicui
1127 2905 1309 2972 operis
1336 2904 1535 2968 verba,
1581 2918 1683 2959 nec

84 2989 400 3045 alienorum
434 3002 713 3063 gestorum
744 2994 996 3049 laudator
1017 2995 1254 3061 eliicior;
1288 2996 1385 3051 sed
1413 3011 1533 3067 qua:
1567 2997 1684 3054 seio

85 3077 382 3136 Christum
416 3097 513 3153 per
545 3097 632 3138 me
666 3083 943 3153 eﬁeeisse,
983 3086 1099 3141 haec
1127 3087 1284 3142 vobis
1312 3087 1530 3154 scribo,
1563 3104 1684 3160 quas

1775 595 1998 651 dederat
2026 597 2165 650 Deus
2198 602 2525 666 potestatem
2554 594 2831 665 signorum
2866 601 2922 647 et
2954 592 3355 663 prodigiorum,

1775 688 1917 743 sicut
1953 689 2216 759 scriptum
2249 697 2333 744 est
2352 685 2399 720 "’
2431 703 2445 742 :
2479 684 2665 742 Posuit
2691 687 2746 740 in
2790 686 2862 739 eis
2889 688 3041 738 verba
3079 687 3353 755 signorum

1774 791 1821 837 et
1861 782 2223 852 prodigiorum
2254 783 2309 837 in
2349 790 2490 835 terra
2515 779 2699 841 Cham,
2731 788 2790 832 ut
2826 778 2965 833 ﬁlios
2994 778 3163 831 Israel
3187 776 3353 832 casti-

1776 882 1903 946 gata
1941 873 2177 944 Egypto
2206 874 2506 928 liberarent
2532 891 2545 927 :
2579 873 2674 928 sed
2712 871 2789 926 illi
2815 871 2904 927 vix
2935 885 3237 942 rarumque
3259 886 3354 940 po-

1778 975 1995 1021 tuerunt
2021 966 2132 1038 (55)
2156 982 2224 1021 ex
2250 966 2628 1038 Egyptiorum
2660 974 2820 1036 gente
2844 972 3190 1020 convertere.
3213 961 3355 1017 Pau-

1775 1058 1892 1124 lus,
1940 1068 2165 1128 aCcepta
2215 1070 2486 1128 potestate
2542 1057 2823 1130 signorum
2875 1066 2929 1111 et
2977 1055 3351 1127 prodigiorum

1777 1167 1884 1206 non
1920 1168 2083 1206 unam
2110 1161 2348 1222 gentem,
2379 1165 2552 1221 neque
2579 1151 2717 1205 duos
2732 1159 2825 1203 aut
2850 1161 2958 1204 tres
2973 1147 3198 1219 populos
3216 1145 3355 1218 (56),

1776 1247 1872 1303 sed
1914 1262 2108 1303 omnes
2139 1247 2208 1302 ab
2232 1244 2539 1301 Jerusalem
2575 1257 2750 1315 usque
2778 1242 2845 1296 ad
2874 1242 3148 1313 Illyricum
3178 1239 3356 1295 natio-

1777 1355 1873 1407 pes
1915 1354 1980 1393 ac
2010 1338 2239 1409 populos
2274 1338 2661 1407 praedicatione
2693 1334 2847 1389 verbi
2893 1344 2949 1388 et
2985 1348 3213 1403 operum
3243 1331 3359 1386 vir-

1779 1441 2066 1503 tutumque
2096 1431 2344 1502 potentia
2389 1429 2458 1486 ad
2491 1429 2700 1485 Christi
2733 1437 3080 1485 sacramenta
3124 1440 3359 1482 conver-

1777 1524 1845 1579 tit
1872 1522 2011 1595 (57).
2059 1522 2149 1579 Sic
2191 1532 2377 1577 autem
2406 1522 2724 1592 praedicavit
2759 1521 2866 1576 hoc
2890 1517 3266 1590 Evangelium,
3296 1526 3357 1572 ut

1777 1632 1885 1672 non
1939 1614 2132 1671 alienis
2179 1615 2490 1680 laboribus,
2527 1629 2707 1684 neque
2746 1613 2940 1669 alienae
2981 1610 3358 1684 praedicationi

1777 1710 2205 1766 additamentum
2234 1708 2348 1764 suis
2375 1707 2717 1764 sermonibus
2740 1708 3028 1771 insereret,
3057 1718 3126 1761 ne
3157 1704 3225 1760 ab
3253 1702 3361 1757 alio

1778 1801 1972 1872 positis
2019 1800 2142 1855 ﬁdei
2184 1799 2554 1857 fundamentis
2608 1799 2728 1871 ipse
2775 1796 3070 1854 aedilicium
3122 1793 3356 1867 propriae

1778 1893 2188 1964 praedicationis
2225 1892 2555 1964 imponeret,
2583 1899 2640 1947 et
2678 1889 2841 1945 alieni
2870 1889 3053 1961 operis
3077 1888 3360 1957 subripere

1779 1985 2008 2055 gloriam
2037 1986 2336 2041 videretur.
2379 1981 2731 2039 Observanda
2763 1981 2881 2036 hac
2929 1990 3057 2035 sunt
3089 1978 3360 2035 Ecclesia-

1780 2092 1900 2131 rum
1924 2076 2230 2132 rectoribus
2247 2075 2383 2147 (58),
2404 2085 2461 2130 et
2475 2074 2718 2146 diligenti
2745 2072 3047 2128 intentione
3066 2070 3358 2135 servanda,

1784 2179 1843 2224 ut
1878 2184 2056 2241 neque
2102 2169 2249 2240 loqui
2300 2169 2503 2239 aliquid
2549 2169 2838 2224 videantur
2867 2182 3060 2224 eorum
3101 2179 3223 2238 quae
3265 2178 3362 2233 per

1782 2262 1929 2330 ipsos
1961 2277 2067 2315 non
2098 2259 2343 2316 ell'ecerit
2370 2260 2643 2326 Christus,
2674 2274 2852 2330 neque
2894 2258 3106 2313 alienos
3138 2255 3359 2310 labores

1780 2364 1836 2409 et
1865 2352 2044 2409 studia
2075 2352 2413 2409 decolorent.
2454 2350 2727 2421 Loquitur
2772 2360 2954 2405 autem
2988 2348 3109 2419 quis
3142 2363 3208 2405 ea
3237 2363 3359 2418 qua:

1784 2461 1881 2517 per
1908 2461 1969 2501 se
2002 2460 2109 2500 non
2143 2444 2313 2500 efﬁcit
2354 2442 2606 2500 Christus
2637 2443 2742 2499 hoc
2778 2442 2976 2508 modo;
3012 2441 3059 2498 si
3110 2441 3364 2511 loquatur

1783 2539 1851 2592 de
1880 2537 2217 2593 continentia
2246 2544 2302 2590 et
2335 2535 2571 2599 doceat,
2607 2549 2729 2588 eum
2780 2533 2893 2604 ipse
2932 2531 3224 2588 contineas
3256 2545 3361 2586 non

1784 2630 1890 2694 sit;
1920 2627 2007 2683 vel
2051 2628 2100 2683 si
2135 2626 2394 2697 loquatur
2424 2627 2490 2681 de
2521 2625 2857 2689 sobrietate.
2887 2624 2974 2681 vel
3007 2623 3076 2680 de
3101 2623 3316 2693 justitia
3345 2661 3364 2688 ,

1786 2722 1869 2777 vel
1903 2719 1972 2777 de
2003 2719 2304 2792 largiendis
2334 2720 2530 2790 opibus
2551 2759 2568 2785 ,
2608 2729 2665 2774 et
2693 2718 3102 2775 contemnendis
3133 2714 3365 2772 faculta-

1786 2815 1932 2868 tibus
1957 2826 2058 2883 pro
2087 2825 2258 2882 regno
2281 2810 2400 2877 Dei,
2430 2818 2485 2864 et
2512 2810 2566 2865 in
2604 2809 2723 2880 ipso
2760 2810 2851 2879 qui
2877 2810 2998 2865 haec
3018 2807 3202 2874 docet,
3225 2807 3362 2862 nihil

1787 2908 1981 2962 borum
2010 2903 2254 2961 eﬁ'ecerit
2282 2904 2397 2974 (59)
2433 2902 2701 2959 Christus.
2735 2902 2802 2958 Et
2835 2902 2959 2958 ideo
3002 2902 3234 2958 formam
3277 2902 3383 2959 sui.

1784 2996 2079 3067 Apostolus
2112 2996 2282 3065 ponit,
2316 3004 2371 3049 et
2406 2994 2540 3048 dicit
2565 3008 2630 3048 ea
2663 3007 2723 3047 se
2755 2992 2941 3063 loqui,
2970 3001 3026 3048 et
3056 3006 3119 3047 ea
3153 2990 3373 3048 caeteris

1786 3090 2109 3162 praedicare.
2146 3103 2267 3158 quae
2296 3101 2392 3157 per
2416 3087 2593 3155 ipsum
2620 3083 2876 3142 Christus
2910 3084 3066 3156 prius
3107 3085 3367 3156 impleve-

87 3188 195 3243 per
226 3175 595 3231 obedientiam
624 3178 868 3248 gentium
903 3182 1072 3236 verbo
1113 3181 1168 3236 in
1201 3197 1289 3237 me
1314 3191 1368 3238 et
1396 3198 1561 3254 opere
1585 3201 1680 3240 ει-
1706 3192 1755 3258 c
1785 3184 1875 3239 rit.
1914 3181 2018 3237 Sed
2055 3181 2189 3234 sicut
2230 3180 2489 3249 scriptum
2515 3186 2628 3244 est,
2661 3177 2841 3248 inquit
2861 3218 2877 3244 ,
2918 3177 3124 3245 Quibus
3151 3193 3258 3232 non
3287 3186 3367 3232 est

86 3266 285 3335 plevit,
313 3268 483 3322 verbo
512 3269 938 3339 praedicationis,
969 3287 1132 3340 opere
1154 3273 1438 3344 signorum
1469 3285 1525 3331 et
1552 3292 1681 3346 pro-

86 3359 390 3428 digiorum.
434 3359 566 3427 Quae
600 3372 779 3417 autem
815 3366 888 3417 sit
921 3364 1228 3421 diﬁ‘erentia
1276 3367 1422 3424 inter
1445 3369 1596 3440 signa
1627 3382 1685 3426 et

86 3453 348 3522 prodigia
370 3493 386 3520 ,
425 3464 481 3509 et
514 3455 567 3508 in
593 3454 714 3509 aliis
736 3456 846 3526 jam
879 3457 1043 3514 latius
1078 3459 1315 3515 diximus
1346 3459 1499 3533 (55),
1539 3471 1593 3517 et
1630 3463 1681 3517 in

96 3546 364 3615 praesenti
410 3546 534 3600 loco
566 3548 1010 3617 compendiosius
1053 3550 1474 3619 explicabimus.
1518 3553 1680 3623 Signa

89 3637 475 3709 appellantur,
508 3638 559 3692 iu
596 3640 794 3709 quibus
816 3656 938 3695 cum
968 3641 1041 3695 sit
1063 3642 1269 3713 aliquid
1310 3643 1583 3711 mirabile,
1608 3647 1686 3699 in-

86 3732 312 3785 dicatur
349 3744 563 3799 quoque
601 3731 805 3801 aliquid
854 3729 1131 3799 futurum;
1171 3735 1418 3803 prodigia
1448 3750 1595 3804 vero,
1626 3737 1681 3791 in

85 3822 296 3889 quibus
356 3824 741 3878 tantummodo
794 3823 1048 3880 mirabile
1095 3824 1306 3896 aliquid
1353 3828 1679 3883 ostenditur.

89 3911 264 3982 Signa
308 3926 441 3967 vero
485 3911 598 3983 (54)
642 3922 699 3967 et
748 3911 994 3983 prodigia
1042 3913 1197 3983 quasi
1232 3928 1355 3983 quas
1394 3925 1684 3984 utrumque

85 4004 422 4059 contineant
458 4004 620 4058 dixit.
662 4003 945 4075 Scriptura
980 4014 1159 4059 tamen
1194 4004 1384 4060 divina
1411 4006 1682 4062 interdum

84 4104 245 4153 tenet
288 4097 424 4152 istas
458 4099 864 4167 proprietates,
909 4088 1181 4153 interdum
1228 4107 1410 4153 autem
1458 4098 1686 4155 abusive

84 4200 138 4243 et
164 4188 423 4259 prodigia
458 4204 557 4258 pro
588 4189 779 4258 signis,
815 4197 871 4244 et
897 4187 1051 4258 signa
1087 4202 1184 4258 pro
1212 4189 1478 4261 prodigiis
1503 4191 1682 4259 ponit.

86 4279 301 4336 Paulus
341 4295 470 4350 ergo
512 4296 608 4351 per
636 4289 963 4351 potestatem
1006 4282 1286 4352 signorum
1324 4289 1381 4336 et
1412 4283 1686 4352 prodigio-

86 4391 242 4443 rum,
275 4390 398 4446 qua:
437 4383 614 4429 tamen
647 4374 799 4439 signa
830 4383 884 4428 et
930 4375 1184 4444 prodigia
1231 4374 1287 4430 in
1321 4373 1524 4430 virtute
1562 4375 1687 4445 Spi-

85 4469 231 4523 ritus
274 4467 450 4522 sancti
499 4465 772 4534 faciebat,
812 4466 882 4522 ab
915 4466 1216 4543 Jerusalem
1256 4483 1430 4540 usque
1456 4470 1522 4523 ad
1554 4469 1683 4542 Illy-

159 4592 210 4625 ”
243 4590 406 4647 Rom.
432 4607 528 4657 xv,
555 4592 623 4646 l7
649 4607 768 4661 seq.

1784 3273 2162 3329 annuntiatum
2188 3270 2254 3324 de
2285 3287 2375 3338 eo,
2408 3270 2685 3336 videbunt,
2716 3279 2766 3324 et
2796 3269 2889 3339 qui
2919 3286 3024 3325 non
3048 3268 3363 3337 audierunt,

1783 3364 2096 3435 intelligent.
2135 3360 2465 3418 Observavit
2494 3374 2627 3433 ergo
2650 3361 2942 3433 diligenter
2965 3359 3283 3431 Apostolus,
3310 3367 3374 3415 ut

1783 3454 2080 3511 secundum
2138 3452 2516 3523 propheticum
2582 3450 2863 3522 eloquium
2918 3450 3027 3506 illis
3082 3450 3367 3506 nuntiaret

1783 3547 2058 3602 Christum
2084 3586 2100 3611 ,
2130 3545 2330 3615 quibus
2371 3561 2402 3598 a
2438 3542 2584 3598 nullo
2625 3541 2811 3598 fuerat
2857 3545 3137 3598 nuntiatus
3161 3582 3177 3608 ,
3221 3552 3276 3598 et
3311 3551 3372 3597 ut

1784 3640 1862 3694 illi
1895 3639 1962 3694 de
1989 3654 2055 3694 eo
2085 3638 2472 3708 intelligerent,
2503 3638 2597 3707 qui
2629 3653 2660 3691 a
2687 3637 2837 3692 nullo
2872 3647 3001 3691 ante
3026 3637 3366 3693 didicissent.

1785 3731 1853 3786 Et
1894 3732 2021 3795 ista,
2051 3740 2110 3785 ut
2142 3730 2357 3800 opinor,
2386 3744 2556 3784 causa
2594 3729 2718 3796 luit,
2745 3743 2866 3799 quas
2897 3742 3021 3783 eum
3051 3729 3369 3798 frequenter

1786 3833 2191 3894 proponentem
2233 3821 2463 3877 Romam
2499 3835 2724 3892 pergere
2756 3821 3096 3892 prohibebat,
3119 3821 3261 3877 sicut
3289 3820 3374 3876 di-

1786 3919 1854 3972 cit
1885 3934 1901 3973 :
1938 3913 2168 3985 Propter
2208 3915 2347 3986 quod
2381 3913 2709 3983 impediebar
2750 3913 3040 3982 plurimum
3090 3915 3265 3969 venire
3301 3916 3372 3968 ad

1786 4025 1874 4064 vos
1907 4007 2056 4080 (60);
2088 4022 2196 4063 non
2221 4046 2238 4073 ,
2267 4017 2326 4062 ut
2356 4006 2407 4059 in
2438 4005 2558 4060 aliis
2607 4005 2740 4062 dicit
2761 4006 2828 4075 ’⁵,
2865 4005 3157 4076 impeditus
3200 4022 3231 4060 a
3266 4006 3371 4062 83--

1791 4110 1938 4167 tana,
1958 4101 2055 4156 sed
2097 4098 2360 4155 laudandi
2394 4097 2673 4154 Ecclesias
2704 4098 3068 4169 occupatione
3094 4098 3374 4165 detentus.

1786 4203 1839 4249 et
1877 4194 1931 4249 in
1958 4194 2044 4249 bis
2073 4192 2210 4249 locis
2242 4192 2530 4262 l‘undandi,
2560 4193 2652 4248 ubi
2682 4190 2888 4247 nullum
2916 4190 3044 4248 ﬁdei
3071 4204 3373 4262 praecesseé

1787 4295 1873 4340 rat
1905 4284 2336 4342 fundamentum.
2387 4285 2705 4362 Exemplum
2740 4293 2927 4341 autem
2960 4285 3027 4341 de
3052 4281 3193 4341 Isaia
3221 4298 3375 4339 sum-

1786 4390 1938 4451 ptum
1980 4391 2066 4435 est
2114 4380 2183 4447 “,
2225 4389 2282 4437 et
2339 4370 2534 4436 iisdem
2576 4394 2644 4437 ex
2693 4380 2908 4451 integro
2950 4378 3141 4435 verbis
3173 4376 3377 4450 quibus

1789 4473 1928 4544 apud
1959 4473 2282 4545 prophetam
2311 4473 2533 4544 legitur,
2564 4474 2821 4544 positum.

842 4592 888 4624 ’³
921 4590 939 4644 l
969 4591 1097 4647 Cor.
1131 4591 1287 4653 ι,51.
1360 4590 1407 4624 ’⁸
1432 4590 1579 4647 Psal.
1618 4608 1687 4648 cn

1790 4595 1858 4649 l7.
1937 4595 1984 4628 "
2013 4595 2033 4649 l
2072 4594 2265 4651 Thess.
2288 4594 2441 4659 u,l8.
2518 4593 2564 4625 ²⁶
2591 4593 2693 4649 lsa.
2728 4608 2825 4660 LII,
2857 4591 2945 4647 l5.

164 4730 288 4804 (49)
334 4730 401 4785 In
444 4731 797 4804 obedientiam
840 4732 1073 4804 gentium
1111 4731 1266 4785 uerbo
1296 4739 1346 4784 et
1399 4730 1558 4800 factis
1599 4749 1692 4804 per
1726 4742 1766 4796 ι)
1797 4736 1885 4788 ubi
1926 4736 2227 4789 nominatus
2258 4745 2333 4787 est
2374 4731 2617 4787 Christus
2640 4774 2656 4799 ,
2692 4751 2758 4790 ne
2782 4748 2940 4801 super
2984 4731 3215 4787 alienum
3249 4731 3373 4803 fun-

94 4803 419 4870 potestatem
447 4803 720 4872 signorum
748 4811 797 4856 et
828 4803 1213 4872 prodigiorum,
1237 4811 1371 4864 etc.,
1398 4816 1570 4870 usque
1597 4803 1689 4866 ad,

92 4883 141 4926 et
163 4876 259 4945 qui
285 4889 395 4945 non
429 4871 737 4945 audierunt,
766 4871 1081 4945 intelligent,
1110 4886 1375 4941 nusquam
1405 4874 1690 4942 reperiun-

97 4942 186 4998 tur
217 4944 274 4997 in
309 4942 494 5009 editis,
526 4944 621 4997 sed
654 4942 1015 4997 restituuntur
1037 4954 1103 4994 ex
1134 4956 1265 4996 mss.

188 5013 287 5082 50)
330 5012 496 5078 Editi,
525 5022 575 5067 et
605 5012 894 5066 honoribus
922 5011 1084 5081 hujus
1113 5012 1315 5067 surculi.

188 5015 287 5082 50)
330 5015 496 5078 Editi,
525 5022 575 5067 et
605 5015 894 5066 honoribus
922 5015 1084 5081 hujus
1113 5027 1172 5064 sa

163 5015 286 5157 (δέ)
318 5082 461 5157 Yide
483 5098 672 5157 supra,
700 5083 794 5137 lib.
832 5098 908 5150 tv,
939 5097 1087 5136 num.
1117 5082 1172 5136 9.

167 5152 287 5222 (ΒΞ)
319 5152 488 5222 Editi,
516 5154 707 5222 gloria.

191 5220 289 5293 55)
314 5221 447 5277 Vide
477 5220 608 5278 tom.
652 5238 770 5287 xui,
815 5223 871 5277 in
899 5220 1081 5286 Joan.,
1113 5238 1265 5293 num.
1298 5221 1388 5278 60.

191 5226 289 5293 55)
314 5226 447 5277 Vide
477 5233 608 5278 toni.
652 5238 770 5287 χιιι,
815 5226 871 5277 in
899 5226 1081 5286 Joan.,
1113 5238 1265 5277 num.
1298 5226 1388 5278 60.

162 5226 289 5366 $54)
330 5293 591 5366 Rabanus
613 5335 627 5360 ,
659 5300 809 5364 signa
851 5310 1007 5362 ergo,
1041 5303 1148 5346 etc.
1182 5292 1351 5347 Paulo
1382 5304 1504 5363 post
1550 5311 1683 5351 mss.

96 5362 363 5435 quidam,
378 5362 582 5417 Paulus
610 5362 785 5418 autem
818 5380 910 5432 per
937 5372 1268 5430 potestatem,
1302 5362 1411 5418 etc.

167 5435 289 5506 (55)
324 5433 516 5506 Editi,
539 5436 639 5506 sed;
669 5435 749 5488 illi
792 5437 880 5489 ria:
909 5449 1193 5506 rarumque
1238 5435 1467 5505 aliquem
1509 5448 1691 5505 potue-

98 5504 274 5572 runt,
323 5514 427 5559 etc.
474 5505 573 5559 Ms.
622 5504 826 5575 Regius
853 5519 1001 5559 num.
1032 5504 1171 5575 1659
1197 5546 1212 5567 ,
1243 5504 1333 5560 sed
1364 5506 1445 5560 illi
1476 5508 1563 5561 via:
1598 5525 1691 5560 ra-

98 5591 216 5630 rum
260 5591 523 5657 quemque
563 5573 870 5642 potuerunt,
894 5585 1001 5629 etc.
1029 5573 1226 5630 (Ξκιρτί
1259 5593 1391 5631 mss.
1428 5588 1482 5632 et
1512 5578 1692 5634 Raba-

98 5660 199 5700 IIUS
228 5656 292 5699 Ill
324 5656 375 5698 ill
413 5657 585 5700 textu.

194 5716 295 5787 56)
328 5715 495 5787 Editi,
525 5724 622 5768 aut
646 5716 901 5770 duos~aut
935 5724 1040 5770 tres
1062 5716 1305 5787 papulas.

199 5784 297 5856 57)
328 5784 469 5839 Editi
497 5796 617 5856 post
655 5787 770 5840 lucc
798 5790 959 5840 verba
986 5826 1001 5852 ,
1034 5784 1366 5843 sacramenta
1392 5789 1642 5844 convertit
1671 5829 1689 5855 ,

103 5855 315 5913 addunt
346 5873 361 5912 :
397 5855 697 5911 Sic’outem
744 5857 1026 5928 pra'dicavi
1068 5855 1416 5930 Erangelium
1447 5861 1543 5914 hoc
1586 5876 1693 5914 non

1796 4807 2099 4858 dnmentum
2139 4803 2460 4873 aediﬁcarent
2486 4843 2501 4869 ,
2536 4804 2671 4857 sicut
2711 4808 2968 4873 scriptum
2996 4814 3070 4873 est
3090 4819 3125 4873 ,ﬂ
3157 4804 3250 4858 sed
3284 4805 3375 4858 hic

1794 4876 2041 4943 Apostoli
2090 4883 2380 4929 contextus
2416 4876 2470 4929 in
2519 4890 2650 4929 mss.
2693 4872 2894 4930 nostris
2940 4872 3217 4928 codicibus
3264 4890 3370 4928 non

1795 4958 2089 5014 reperitur.

1868 5015 1981 5087 (58)
2035 5015 2125 5073 Sic
2162 5028 2354 5087 omnes
2400 5029 2540 5087 mss.
2591 5024 2646 5071 et
2695 5014 2977 5071 Rabauus.
3009 5012 3152 5068 Editi
3198 5027 3373 5081 vero,

1794 5085 2158 5160 Ecclesiafuin
2179 5086 2511 5160 principibus
2532 5096 2578 5160 et
2610 5088 2927 5160 rectoribus,
2941 5095 3051 5160 etc.

1866 5157 1979 5227 (59)
2013 5155 2189 5223 Editi,
2212 5170 2259 5213 et
2285 5158 2394 5224 ipse
2422 5156 2511 5225 qui
2533 5157 2680 5227 docet
2712 5161 2846 5223 hasc,
2874 5155 3004 5209 nihil
3030 5158 3222 5227 horum
3248 5156 3378 5224 e/fe-

1792 5226 2180 5283 cerit.Deinde
2210 5240 2513 5296 Instunus,
2539 5238 2585 5280 et
2624 5226 2741 5281 ideo
2774 5229 3001 5296 formam
3033 5226 3116 5278 sui
3157 5237 3375 5291 aposto-

1791 5300 1934 5352 latus
1969 5301 2115 5366 ponit
2140 5340 2156 5366 ,
2183 5308 2291 5354 etc.
2321 5293 2430 5351 Sed
2463 5297 2644 5353 caeteri
2676 5293 2831 5364 mss.,
2862 5295 3119 5352 Rabanus
3151 5306 3209 5351 et
3240 5297 3370 5351 editi

1795 5378 1854 5422 ul
1881 5369 1932 5422 in
1971 5377 2140 5422 textu.

1869 5437 1984 5509 (60)
2025 5438 2165 5493 Editi
2193 5447 2315 5509 post
2346 5439 2466 5493 hinc
2488 5434 2936 5509 verba,rl’ropter
2958 5436 3099 5509 quod
3125 5437 3377 5505 impedie-

1798 5509 1894 5562 bar
1908 5508 2201 5577 plurimum
2218 5510 2391 5564 venire
2420 5510 2489 5562 ad
2508 5524 2616 5572 eos,
2633 5508 2855 5575 addunt,
2874 5518 2920 5561 et
2948 5508 3244 5577 prohibitus
3258 5523 3375 5561 sum

1796 5595 1959 5644 usque
2001 5578 2196 5638 adhuc.
2247 5578 2352 5634 Sed
2403 5580 2519 5633 haec
2572 5578 2875 5648 posteriora
2914 5580 3171 5649 (Apostoli
3210 5577 3373 5633 verba

1795 5663 1975 5718 neque
2007 5650 2059 5704 in
2088 5666 2219 5706 mss.
2262 5649 2490 5710 nostris,
2527 5664 2703 5719 neque
2734 5650 2877 5719 apud
2911 5648 3195 5719 Rabanum
3223 5662 3378 5702 eom-

1796 5717 2027 5789 parent,
2074 5732 2131 5776 et
2176 5719 2582 5791 desuntetiam
2612 5717 2690 5774 'in
2751 5717 3028 5791 plerisque
3075 5717 3379 5789 Scriptum

1796 5790 2200 5863 exemplaribus
2235 5789 2467 5847 Graecis.
2752 5789 2769 5791 “
2976 5810 3002 5819 κ
