3812 6562
422 426 551 481 1271

1885 435 2200 495 ORIGENIS

3532 447 3652 503 1272

488 550 576 606 15.
618 550 669 604 Ν
677 569 777 606 unc
801 553 938 607 'vero
976 553 1198 609 ulterius
1248 555 1420 610 locant
1460 575 1565 612 non
1602 560 1794 614 habens
1821 563 1875 615 in
1907 561 1988 616 his
2017 565 2064 621 Α
2094 571 2298 616 tantum
2325 570 2502 617 autem
2533 577 2659 636 erga
2687 579 2744 621 se
2780 566 3148 622 Romanorum
3182 569 3352 622 nutrit
3386 568 3649 636 allectum,

424 643 740 712 regionibus,
771 645 1092 699 desiderium
1133 655 1308 700 autem
1345 650 1538 704 liabcns
1574 651 1747 705 venire
1790 652 1859 706 ad
1901 670 1989 709 vos

418 735 528 802 iam
548 751 611 789 ex
636 736 813 790 multis
836 739 1244 804 praecedentibus
1266 741 1440 806 anuis,
1455 757 1572 795 cum
1597 743 1653 797 in
1677 743 1990 814 Hispaniam

418 827 750 896 proﬁciscar.
794 845 942 898 spero
982 831 1121 900 quod
1155 835 1584 902 praetergrediens
1617 837 1820 891 videam
1864 855 1990 906 vos,

421 931 470 972 et
502 937 532 973 a
555 921 693 974 vobis
735 921 970 974 deducar
1009 921 1159 985 illuc,
1188 939 1306 976 cum
1338 925 1507 993 primo
1523 942 1588 980 e1:
1607 936 1755 995 parte
1793 928 1990 998 fruitus

419 1009 573 1078 fuero
597 1010 737 1063 vobis
765 1011 830 1062 ³⁷.
867 1008 1096 1064 Videtur
1123 1012 1238 1066 bare
1268 1013 1320 1066 in
1349 1015 1554 1069 Achaia
1574 1018 1782 1084 positus
1810 1019 1992 1076 dicere

420 1099 562 1167 apud
591 1098 940 1164 Corinthum,
969 1100 1114 1155 sicut
1142 1109 1196 1154 et
1222 1100 1274 1155 in
1307 1103 1495 1170 primis
1524 1103 1776 1176 Epistolas
1817 1110 1988 1178 parti-

421 1191 520 1244 bus
564 1189 676 1257 jam
724 1206 824 1260 pro
874 1192 1080 1248 viribus
1125 1192 1617 1254 demonstravimus
1663 1200 1824 1270 (61):
1870 1217 1990 1270 qua:

419 1281 607 1353 utique
636 1285 841 1338 Achaia
878 1286 1052 1340 vicina
1097 1296 1150 1341 et
1190 1289 1474 1346 cohmrens
1522 1304 1604 1347 est
1633 1293 1984 1351 Macedonius.

417 1375 476 1430 In
503 1378 700 1447 quibus
727 1377 862 1433 locis
895 1382 1132 1450 degens,
1161 1397 1284 1436 cum
1330 1384 1539 1454 singula
1591 1402 1820 1456 quaeque
1864 1404 1990 1456 per-

413 1480 660 1540 agrasset
684 1470 1034 1544 Evangelium
1063 1476 1366 1544 praedicans
1395 1478 1449 1532 in
1478 1479 1562 1534 his
1589 1481 1846 1536 duntaxat
1871 1483 1990 1537 lini-

415 1563 516 1616 bus
559 1563 611 1616 in
658 1565 856 1632 quibus
897 1565 1149 1622 Christus
1185 1578 1309 1623 ante
1346 1585 1452 1624 non
1496 1569 1675 1625 fuerat
1720 1574 1987 1641 praedica-

418 1663 503 1708 tus
534 1654 673 1724 (62),
699 1665 754 1710 et
789 1658 1067 1727 agnitione
1092 1659 1194 1714 'Dei
1246 1661 1507 1729 replesset
1550 1662 1825 1726 universa,
1861 1665 1991 1718 dicit

417 1745 641 1801 ulterius
685 1762 744 1802 se
791 1748 970 1804 locum
1016 1766 1120 1804 non
1174 1751 1374 1808 habere
1423 1754 1474 1807 in
1517 1753 1604 1808 his
1653 1755 1983 1824 regionibus,

417 1839 520 1892 hoc
548 1849 653 1904 est,
677 1839 852 1894 locum
894 1841 1104 1897 nullum
1142 1844 1310 1915 678
1332 1845 1435 1899 sibi
1467 1860 1751 1914 superesse
1783 1847 1986 1903 Christi

2091 661 2147 707 et
2176 655 2592 710 remorationem
2621 671 2774 711 suam
2807 658 2860 711 in
2888 658 3129 727 ipsorum
3160 660 3387 714 arbitrio
3411 661 3650 723 collocat,

2091 753 2148 799 ut
2181 744 2324 798 dicat
2349 760 2407 801 se
2447 747 2516 801 ab
2547 748 2677 815 ipsis
2705 748 3076 804 deducendum
3119 750 3182 805 ad
3217 751 3544 821 Hispaniam
3571 795 3586 815 ,
3607 767 3652 806 et

2092 847 2219 892 tunc
2250 836 2620 892 deducendum
2647 879 2663 904 ,
2690 854 2814 894 cum
2846 840 2980 910 ipsis
3000 843 3150 910 prius
3179 843 3232 896 in
3273 858 3468 896 amore
3509 847 3647 897 satis-

2091 928 2281 982 fecerit
2322 945 2337 981 :
2385 927 2441 981 in
2488 943 2593 998 quo
2653 931 2838 999 utique
2887 932 2933 986 si
2983 934 3365 1002 propensiores
3440 936 3650 989 exstite-

2093 1019 2236 1086 rint,
2285 1020 2602 1076 demorandi
2646 1022 2847 1078 diutius
2890 1038 3086 1079 causas
3129 1024 3230 1095 ipsi
3271 1025 3536 1094 Apostolo
3564 1025 3649 1080 da-

2089 1111 2243 1166 bunt.

2161 1203 2249 1258 14.
2283 1201 2440 1257 Nunc
2461 1220 2581 1258 vero
2608 1205 2918 1274 proﬁciscar
2946 1206 2999 1260 in
3022 1204 3320 1260 Jerusalem
3361 1207 3651 1260 ministrare

2090 1295 2308 1348 sanctis.
2338 1291 2551 1348 Placuit
2586 1296 2723 1350 enim
2753 1295 3081 1350 Macedonica
3106 1307 3153 1350 et
3177 1297 3394 1350 Acltaire
3421 1297 3534 1365 (68)
3563 1303 3652 1350 co!-

2089 1385 2336 1440 lationem
2377 1387 2615 1456 aliquam
2652 1387 2826 1456 facere
2855 1389 2909 1440 in
2953 1404 3205 1455 pauperes
3237 1400 3543 1441 sanctorum
3574 1392 3651 1456 qui

2089 1485 2214 1527 sunt
2249 1477 2304 1527 in
2351 1474 2672 1528 Jerusalem.
2715 1474 3048 1546 Complacuit
3093 1477 3269 1540 enim,
3309 1486 3364 1529 et
3409 1477 3654 1532 debitores

2088 1574 2209 1618 sunt
2251 1579 2434 1618 eorum
2481 1564 2595 1638 (69)
2643 1579 2658 1618 :
2699 1566 2954 1634 quoniam
2993 1567 3038 1618 si
3071 1566 3437 1634 spiritualium
3488 1584 3649 1620 eorum

2089 1657 2370 1724 participes
2397 1658 2556 1724 {actm
2582 1665 2708 1708 sunt
2743 1666 2937 1724 gentes,
2967 1655 3152 1709 debent
3188 1665 3238 1708 et
3266 1673 3320 1708 tn
3360 1658 3650 1708 carnalibus

2089 1749 2395 1802 ministrare
2429 1749 2525 1800 eis.
2557 1745 2671 1799 Hoc
2707 1763 2828 1816 ergo
2866 1763 2982 1800 cum
3015 1756 3478 1810 consummavero,
3507 1758 3552 1798 et
3580 1765 3652 1797 as-

2089 1841 2365 1910 signavero
2408 1839 2482 1893 eis
2518 1839 2754 1906 fructum
2788 1839 2928 1892 hunc
2953 1879 2970 1903 ,
3006 1839 3317 1907 proﬁciscar
3363 1856 3461 1908 per
3492 1858 3571 1892 vos
3603 1843 3650 1891 iu

416 1933 817 1999 praedicationis
843 1949 1094 2001 vacuum,
1126 1946 1180 1990 et
1211 1948 1425 2005 tempus
1466 1936 1580 2004 jam
1613 1939 1804 1994 adesse
1839 1941 1978 1996 desi-

2088 1929 2428 2000 Hispaniam.
2476 1929 2602 1985 Scio
2643 1930 2784 1983 enim
2817 1934 3069 2000 quoniam
3105 1932 3312 1984 veniens
3342 1932 3417 1982 ml
3448 1947 3563 1993 eos,
3602 1933 3648 1982 in

415 2028 548 2086 gnat
589 2036 700 2089 quo
731 2022 1061 2078 desiderium
1099 2041 1254 2080 suum
1291 2027 1506 2084 videndi
1548 2044 1641 2084 eos
1672 2031 1762 2099 qui
1799 2029 1986 2086 Ronue

416 2118 543 2164 sunt
571 2111 762 2167 debeat
787 2113 1084 2183 adimplere
1119 2133 1133 2170 :
1167 2119 1309 2186 quod
1344 2130 1668 2191 conceptum
1700 2138 1768 2177 ex
1804 2122 1986 2177 inultis

414 2201 571 2256 anuis
600 2204 842 2272 gerebat,
879 2205 1105 2261 dilatum
1155 2216 1338 2263 autent
1382 2210 1562 2266 fuerat
1587 2223 1642 2267 et
1669 2214 1984 2269 dissimula-

417 2301 554 2360 tum,
586 2295 760 2351 dunec
787 2313 1003 2354 omnem
1035 2301 1212 2355 locum
1239 2303 1293 2358 in
1319 2319 1426 2373 quo
1447 2303 1698 2360 Chrisuts
1728 2321 1833 2359 non
1869 2308 1985 2359 fue-

418 2395 502 2440 rat
536 2389 860 2455 praadicatus
886 2431 902 2457 ,
935 2393 1211 2462 agnitione
1255 2395 1536 2464 Ev:ingelii
1582 2395 1700 2464 ejus
1727 2398 1981 2466 repleret.

417 2477 575 2545 Quod
606 2489 786 2536 autem
821 2483 994 2548 dixit,
1032 2483 1163 2538 Cum
1201 2487 1257 2540 in
1301 2485 1612 2554 Hispaniam
1650 2489 1981 2557 proﬁciscar,

412 2585 567 2634 spero
598 2571 739 2640 quod
768 2575 1196 2644 praetergrediens
1227 2576 1432 2630 videam
1465 2593 1576 2645 vos,
1605 2594 1709 2634 non
1739 2580 1810 2634 ita
1837 2582 1983 2636 acci-

415 2663 672 2729 piendum
721 2673 804 2719 est
851 2667 1007 2733 quasi
1043 2676 1149 2721 tam
1195 2682 1364 2736 parvo
1403 2683 1589 2724 amore
1627 2669 1824 2726 Paulus
1853 2689 1981 2742 erga

411 2752 689 2808 Romanos
722 2763 1016 2823 teneretur,
1053 2767 1112 2811 ut
1141 2773 1234 2814 eos
1261 2759 1314 2812 in
1352 2761 1584 2814 transitu
1611 2765 1982 2819 tantun'unodo

409 2855 466 2899 et
506 2844 765 2901 aliorsqu
801 2861 1030 2916 pergens
1063 2847 1336 2916 iudicaret
1363 2851 1638 2910 visendos.
1673 2853 1807 2907 Vide
1836 2857 1979 2908 enim

413 2936 465 2990 in
514 2937 973 3010 subsequentibus
1013 2943 1142 3012 quid
1188 2943 1452 3011 adjungit.
1484 2943 1614 2998 Cum
1666 2947 1856 3014 primo,
1893 2949 1978 3002 itt-

413 3027 552 3096 quit,
583 3045 648 3083 ea:
679 3042 829 3095 parte
855 3032 1054 3100 fruitus
1092 3033 1242 3101 [uero
1278 3035 1438 3090 vobis.
1475 3035 1529 3090 In
1571 3052 1677 3105 quo
1711 3040 1895 3106 utique
1925 3041 1978 3094 in

417 3119 655 3187 ipsorum
697 3123 914 3178 videtur
952 3139 1153 3192 ponere
1201 3137 1502 3196 potestate.
1537 3132 1752 3198 quando
1792 3133 1860 3186 ab
1901 3133 1980 3188 eis

2087 2023 2417 2076 abundantia
2445 2022 2818 2075 benedictionis
2858 2019 3052 2074 Christi
3073 2022 3274 2074 veniam
3299 2023 3367 2076 ".
3399 2024 3646 2088 Quoniam

2085 2111 2350 2182 placuerit
2377 2111 2702 2166 Macedonian
2727 2120 2782 2166 et
2804 2111 3024 2165 Achaia.-
3045 2111 3393 2167 collationem
3424 2114 3647 2181 aliquam

2087 2203 2266 2258 facere
2298 2203 2351 2256 in
2382 2216 2646 2272 pauperes
2691 2212 3003 2257 sanctorum
3048 2203 3141 2272 qui
3191 2213 3321 2258 sunt
3349 2205 3406 2258 in
3446 2203 3647 2259 Jerusao

2084 2295 2190 2349 lein
2218 2335 2233 2360 ,
2278 2309 2562 2364 possumus
2593 2302 2648 2348 et
2690 2294 2758 2348 de
2805 2295 3039 2347 secunda
3085 2293 3326 2362 Epistola
3367 2295 3438 2348 ad
3472 2293 3646 2350 Corin-

2087 2387 2229 2442 thios
2255 2387 2466 2456 plenius
2497 2386 2726 2448 discere,
2756 2385 2809 2439 in
2837 2400 2941 2452 qua
2970 2385 3075 2439 hoc
3097 2387 3255 2439 modo
3286 2387 3482 2441 scribit
3510 2387 3641 2457 (70):

2089 2477 2284 2532 Notam
2319 2489 2493 2532 autem
2524 2477 2665 2545 [acia
2697 2478 2859 2542 vobis,
2892 2477 3112 2543 fratres,
3139 2479 3373 2546 gratiam
3415 2475 3511 2532 Dei
3543 2497 3646 2549 quis

2083 2575 2210 2625 data
2237 2581 2310 2624 est
2338 2571 2466 2624 milii
2496 2571 2550 2623 in
2588 2568 2839 2622 Ecclesiis
2867 2569 3225 2636 Macedonica,
3255 2573 3382 2636 quia
3415 2573 3471 2624 in
3495 2573 3644 2624 multa

2084 2664 2390 2732 probatione
2419 2662 2780 2716 tribulationis
2803 2664 3132 2716 abundantia
3161 2665 3346 2732 gaudii
3372 2682 3574 2727 eorum,
3600 2675 3643 2715 et

2081 2755 2346 2822 profunda
2372 2764 2652 2821 paupertas
2677 2771 2856 2808 eorum
2878 2756 3163 2809 abundauit
3192 2754 3260 2807 ad
3293 2757 3513 2809 divitias
3533 2758 3642 2809 sita-

2081 2845 2333 2913 plicitatis
2356 2861 2536 2898 eorum
2570 2861 2589 2899 .'
2613 2847 2863 2916 quoniam
2890 2847 3178 2900 secundum
3211 2847 3458 2901 virtutem
3489 2849 3644 2915 (testi-

2083 2935 2316 2988 monium
2352 2937 2595 3005 perliibeo
2621 2937 2718 3006 eis)
2756 2946 2806 2991 et
2836 2954 2995 3006 supra
3034 2939 3273 2992 virtutem
3312 2956 3412 2992 sua
3440 2951 3643 3006 sponte,

2081 3027 2261 3081 multis
2283 3027 2524 3095 precibus
2556 3027 2670 3098 (71)
2701 3028 3031 3082 obsecrantes
3063 3046 3154 3082 nos
3175 3032 3411 3099 gratiam
3443 3043 3492 3084 et
3522 3048 3645 3083 coni-

2080 3121 2376 3176 munionem
2399 3138 2517 3190 qua:
2555 3122 2615 3190 ﬁt
2652 3121 2709 3175 in
2739 3131 2950 3176 sanctos
2983 3123 3052 3185 ’³,
3080 3131 3135 3176 et
3165 3122 3394 3192 reliqua.
3428 3123 3497 3177 Et
3520 3125 3642 3178 sicut

415 3215 521 3270 ξιον
550 3217 885 3286 propositum
927 3219 1121 3272 debeat
1169 3221 1402 3275 relaxari
1429 3239 1444 3276 ε
1475 3233 1530 3277 ει
1576 3237 1671 3292 με..
1709 3225 1810 3279 ι,οο
1843 3241 1976 3294 quo-
2005 3242 2046 3298 ο
2084 3211 2135 3265 ἰη
2168 3213 2252 3268 his
2281 3214 2645 3268 testimonium
2675 3214 2855 3269 reddit
2880 3213 3289 3278 Macedonibus,
3329 3214 3403 3268 ita
3439 3232 3638 3268 rursum

414 3309 537 3362 dam
571 3311 730 3363 modo
769 3324 1008 3365 amorem
1039 3311 1274 3379 ipsorum
1311 3329 1438 3385 erga
1471 3330 1530 3370 se
1567 3317 1760 3372 invitat
1785 3329 1840 3373 et
1873 3336 1974 3372 llll-

413 3401 508 3454 trit
534 3439 548 3464 ,
576 3410 636 3455 ut
662 3402 707 3454 si
743 3401 848 3469 ipsi
891 3403 1272 3458 insatiabiliter
1304 3421 1430 3475 erga
1458 3405 1708 3462 allectum
1755 3419 1976 3464 tenean-

412 3499 504 3543 tur
546 3489 789 3560 Apostoli
819 3533 834 3558 ,
883 3493 1057 3546 sciant
1097 3495 1212 3562 (65)
1261 3495 1425 3548 etiam
1464 3497 1636 3566 ipsum
1682 3499 1732 3552 id
1776 3501 1977 3556 habere

411 3581 669 3650 pr0positi
721 3595 823 3634 nou
864 3582 1014 3650 prius
1061 3583 1130 3637 ab
1163 3584 1242 3638 eis
1287 3585 1604 3653 discedere,
1647 3603 1822 3658 neque
1867 3590 1976 3644 alio

411 3671 680 3741 proficisci
706 3673 844 3745 (64),
881 3690 1042 3743 quam
1071 3676 1354 3732 cliaritatis
1381 3679 1618 3748 ipsorum
1655 3681 1830 3747 gratia
1854 3697 1976 3749 per-

410 3763 650 3820 fruatur.
681 3764 856 3832 Quam
889 3775 1070 3822 tamen
1107 3769 1430 3824 cliaritatem
1470 3779 1670 3824 tantam
1696 3773 1976 3841 praesentit

411 3855 648 3909 lhturam
671 3897 686 3922 ,
723 3857 809 3911 cui
853 3872 952 3912 nec
985 3859 1156 3926 possit
1190 3873 1257 3914 ex
1303 3861 1514 3931 integro
1557 3863 1807 3917 satisfieri
1834 3904 1849 3928 ,
1879 3865 1972 3918 sed

405 3963 473 4002 ea:
500 3958 669 4016 parte,
707 3948 901 4018 inquit.
937 3949 1237 4006 Prtemonet
1268 3951 1382 4022 (65)
1413 3955 1557 4008 enim
1591 3954 1730 4022 quod
1773 3955 1824 4008 iii
1852 3971 1972 4008 om-

407 4038 568 4094 nibus
596 4040 1000 4110 evangelizandi
1031 4042 1328 4096 necessitas
1352 4042 1688 4111 praeferenda
1719 4044 1808 4098 sit.
1830 4045 1974 4101 Bene

409 4140 589 4186 autem
629 4131 714 4186 his
743 4147 879 4201 quos
917 4133 1154 4187 nondum
1204 4135 1505 4190 secundum
1553 4151 1772 4190 carnem
1820 4138 1973 4192 vide-

421 4232 526 4287 rat,
553 4231 607 4276 et
635 4222 703 4276 ad
731 4237 866 4292 quos
897 4225 1132 4280 nondum
1168 4227 1222 4279 in
1253 4240 1482 4295 corpore
1510 4228 1806 4282 advenerat
1833 4228 1970 4295 (66),

407 4314 751 4383 praesentiam
790 4316 874 4369 sui
902 4327 956 4371 et
988 4317 1408 4371 remorationem
1441 4319 1770 4374 moderatius
1816 4320 1974 4389 polli-

406 4415 585 4459 cetur.
637 4405 1056 4463 Desiderabilius
1098 4412 1240 4464 enim
1287 4411 1613 4480 suscipimus
1658 4411 1797 4466 bona
1853 4429 1973 4482 qua:

405 4493 517 4549 cito
557 4495 844 4551 metuimus
894 4496 1190 4554 auferenda
1233 4515 1248 4553 :
1297 4501 1540 4555 securius
1571 4516 1699 4555 vero
1737 4501 1970 4571 negligi-

2081 3305 2405 3358 coliortatur
2433 3315 2489 3359 et
2511 3304 2824 3360 Corinthios
2843 3345 2858 3368 ,
2888 3304 3072 3360 dicens
3104 3325 3116 3358 :
3152 3305 3258 3360 Sed
3283 3308 3424 3360 sicut
3468 3307 3522 3360 in
3549 3323 3643 3359 om-

2082 3398 2232 3450 nibus
2262 3397 2550 3452 abandatis
2583 3400 2708 3468 ﬁde,
2735 3412 2784 3454 et
2815 3403 2990 3466 verbo,
3025 3410 3072 3454 et
3097 3401 3339 3463 scientia,
3376 3412 3428 3453 et
3474 3409 3640 3452 nostra

2077 3493 2132 3546 in
2180 3509 2266 3548 vos
2305 3493 2564 3549 charitate
2591 3534 2606 3555 ,
2642 3496 2717 3550 ita
2743 3508 2792 3551 et
2823 3500 2879 3552 i-n
2915 3503 3014 3551 liac
3056 3497 3228 3567 gratia
3268 3497 3551 3550 abundetis
3580 3496 3638 3558 ",

2075 3595 2132 3640 et
2171 3585 2402 3654 reliqua.
2440 3585 2548 3641 Sed
2593 3596 2650 3640 et
2699 3588 2753 3641 in
2805 3588 2928 3643 aliis
2980 3588 3295 3642 collaudans
3339 3585 3639 3642 Corinthios

2075 3677 2202 3746 quia
2233 3690 2361 3747 erga
2395 3678 2826 3733 communionem
2856 3695 3149 3749 pauperum
3181 3678 3274 3748 qui
3305 3688 3438 3733 sunt
3467 3680 3520 3733 in
3559 3677 3639 3733 Je-

2078 3768 2314 3823 rusalem
2349 3769 2584 3838 prompti
2623 3769 2846 3832 fuerint,
2879 3771 3010 3824 dicit
3037 3792 3048 3825 :
3083 3769 3150 3823 Et
3180 3771 3462 3824 consilium
3486 3762 3638 3823 inlice

2075 3857 2143 3910 do
2169 3875 2186 3911 :
2213 3857 2310 3911 hoc
2338 3857 2474 3911 enim
2516 3859 2657 3912 vobis
2693 3862 2932 3928 expedit,
2967 3863 3056 3929 qui
3092 3877 3193 3914 non
3224 3861 3400 3914 solum
3438 3861 3635 3927 facere.

2074 3946 2166 4000 sed
2193 3957 2242 4000 et
2265 3948 2392 4004 velle
2427 3951 2656 4016 coepistis
2679 3952 2743 4020 ab
2779 3968 2918 4005 anno
2946 3955 3120 4019 priore
3148 3969 3168 4002 .·
3201 3969 3342 4005 nunc
3377 3963 3551 4005 autem
3593 3959 3637 4004 et

2076 4039 2217 4106 [acto
2246 4040 2478 4108 perﬁcito
2509 4041 2575 4095 ³¹.
2606 4041 2710 4095 Sed
2746 4051 2801 4096 et
2847 4041 2898 4096 in
2930 4041 3159 4111 reliquis
3194 4042 3261 4095 de
3313 4044 3417 4096 hac
3458 4041 3634 4096 eadem

2075 4139 2383 4184 sanctorum
2431 4129 2544 4202 (72)
2588 4131 2973 4185 communione
3015 4132 3390 4200 prosequitur,
3422 4142 3478 4188 et
3525 4140 3636 4201 post

2075 4224 2352 4295 aliquanta
2399 4226 2550 4280 addit
2585 4243 2599 4279 :
2632 4225 2704 4279 De
2742 4226 3032 4280 ministerio
3069 4238 3245 4280 autem
3290 4229 3434 4298 quod
3474 4229 3545 4281 sit
3585 4227 3636 4279 in

2073 4330 2320 4384 sanctos,
2363 4319 2693 4388 superfluum
2745 4329 2818 4372 est
2867 4319 3009 4372 vobis
3053 4320 3299 4374 scribere.
3341 4318 3463 4373 Scio
3503 4320 3632 4373 enim

2074 4421 2364 4479 promptam
2393 4409 2712 4462 voluntatem
2743 4418 2966 4462 vestram
2989 4449 3006 4473 ,
3050 4426 3144 4476 pro
3176 4427 3280 4478 qua
3312 4410 3556 4480 gratulor
3577 4411 3635 4460 de

2074 4501 2214 4557 vobis
2251 4501 2648 4565 Macedonibus,
2685 4503 2809 4570 quia
2848 4501 3050 4554 Achaia
3077 4511 3268 4570 parata
3299 4513 3377 4556 est
3403 4502 3468 4554 ab
3502 4516 3630 4554 anno

406 4599 528 4639 mus
553 4586 693 4656 quod
719 4597 1024 4646 retenturos
1051 4591 1164 4662 (67)
1191 4607 1287 4646 nos
1318 4591 1521 4646 diutius
1551 4593 1843 4648 credimus.
1879 4593 1967 4646 ln-
2001 4587 2047 4641 D
2075 4596 2253 4664 priore
2278 4637 2294 4660 ,
2345 4603 2392 4648 et
2450 4604 2620 4648 vestra
2673 4593 2948 4648 aemulatio
2991 4594 3285 4661 provocavit
3338 4595 3530 4647 multos
3568 4591 3629 4641 ".

479 4699 527 4731 "
547 4697 706 4756 Rom.
734 4718 824 4770 xv,
852 4703 1050 4770 25,24.
1127 4705 1175 4739 “
1195 4707 1350 4761 Rom.
1386 4723 1476 4774 xv,
1515 4707 1606 4772 25,
1628 4723 1714 4778 sq.
1791 4709 1836 4740 ²’
1865 4707 1906 4762 ll
1937 4707 2064 4767 Cor.
2096 4725 2158 4773 ιι,
2183 4726 2269 4779 sq.
2346 4709 2390 4741 '°
2426 4709 2557 4764 ibid.
2589 4709 2639 4762 7.
2711 4707 2754 4738 ³⁸
2785 4706 2916 4762 ibid.
2954 4705 3043 4762 10.
3100 4705 3143 4738 ³³
3172 4705 3214 4760 ll
3241 4705 3373 4763 Cor.
3405 4709 3552 4774 11,1,
3578 4706 3630 4762 2.

474 4832 592 4970 (61)
625 4837 760 4893 Vide
780 4836 994 4894 Prmfat.
1025 4840 1075 4894 in
1111 4841 1247 4895 hanc
1276 4839 1446 4908 Epist.

498 4905 588 4970 62)
627 4907 729 4962 Ms.
775 4908 972 4970 Regius
1019 4927 1165 4964 num.
1213 4911 1348 4965 1659
1373 4951 1388 4970 .
1421 4915 1446 4964 ἐι

498 4905 588 4974 62)
627 4907 729 4978 Ms.
775 4908 972 4978 Regius
1019 4927 1165 4964 num.
1213 4905 1388 4974 1659,
1421 4915 1473 4964 in
1521 4912 1710 4978 quibus
1763 4913 1964 4967 Christi

405 4980 530 5026 ante
556 4992 658 5032 non
693 4977 875 5042 fuerat
910 4982 1239 5044 praedicatio.
1271 4981 1377 5036 Sed
1420 4977 1600 5036 cmteri
1630 4999 1761 5038 mss.
1793 4985 1966 5037 ﬂaba-

406 5056 508 5096 uus
535 5055 591 5098 et
618 5048 746 5101 editi
782 5058 840 5102 ut
871 5049 922 5103 in
951 5059 1120 5104 textu.

475 5110 589 5180 (65)
618 5116 716 5172 Ms.
736 5117 952 5190 ﬁegius
982 5136 1130 5173 num.
1159 5119 1318 5178 1659.
1345 5131 1399 5174 ut
1431 5121 1537 5176 sint
1561 5121 1660 5190 ipsi
1687 5123 1966 5176 insatiabi-

404 5177 494 5232 les
519 5177 644 5257 erga
675 5177 924 5257 affectum
959 5190 1216 5257 Apostoli,
1243 5177 1454 5255 sciant,
1490 5177 1594 5245 etc'.
1636 5191 1742 5244 Sed
1783 5195 1964 5248 caeteri

406 5263 561 5316 mss.,
591 5255 861 5319 llabanus,
893 5270 948 5314 et
971 5255 1098 5313 editi
1127 5271 1184 5313 ut
1210 5261 1262 5313 in
1294 5271 1465 5316 textu.

475 5319 726 5402 (σω-[ΨΑ
753 5328 880 5380 editi
923 5339 978 5382 et
1019 5329 1262 5402 plerique
1307 5348 1438 5389 mss.
1473 5330 1572 5384 Ms.
1608 5345 1736 5385 vero
1767 5331 1966 5402 Regius

335 5419 338 5422 -
405 5403 552 5442 num.
593 5393 730 5449 1659
753 5435 768 5460 ,
805 5413 968 5467 neque
999 5393 1132 5452 alias
1173 5393 1489 5468 (Rabauus,
1515 5417 1680 5470 neque
1705 5407 1772 5454 ad
1806 5393 1966 5472 alios)

401 5459 681 5526 proﬁcisci.

401 5465 681 5522 proﬁcisci.

475 5532 584 5599 (5'5)
627 5537 718 5610 Sic
745 5535 898 5610 editi,
921 5550 980 5610 _el
1007 5538 1284 5596 Rabanus.
1313 5540 1439 5596 Mss.
1471 5555 1600 5596 vero
1627 5543 1796 5597 nostri
1826 5541 1918 5596 alii
1946 5585 1961 5610 ,

403 5593 736 5677 Prieinunit;
767 5593 1180 5677 alii,'l’ropouit.

474 5671 586 5743 (66)
614 5673 777 5736 Etliti,
811 5676 866 5726 in
904 5671 1060 5731 carne
1095 5680 1397 5734 advenerat.

469 5742 585 5809 (67)
617 5743 756 5798 Editi
777 5748 1070 5821 ,_secur_ius
1096 5765 1214 5802 vero
1244 5761 1295 5803 et
1328 5752 1672 5821 negligentius
1703 5755 1847 5820 quod
1883 5769 1966 5805 re-

402 5822 652 5893 tenturos,
675 5825 781 5869 etc.
806 5813 933 5893 Mss.
949 5817 1092 5893 (duo,
1118 5813 1487 5893 retentatufos,
1523 5839 1621 5890 pro
1646 5813 1958 5893 retenturos.

401 5881 465 5934 Et
496 5885 652 5952 paulo
681 5897 800 5958 post
834 5889 983 5954 editi,
1014 5881 1444 5946 ut'morationcm
1473 5881 1691 5946 suam...
1721 5891 1957 5946 collucet.

2073 4845 2256 4987 Μῆιὲέ)
2278 4913 2439 4982 Editi,
2461 4915 2822 4971 Probaveruut
2845 4914 2981 4967 enim
3004 4911 3319 4968 Macedonia
3341 4926 3394 4969 et
3419 4916 3627 4979 Achaia,

2071 4995 2259 5127 etc(6'9)
2313 5056 2435 5112 llaec
2463 5057 2629 5111 verba
2654 5096 2670 5118 ,
2705 5051 3035 5127 Complacuit
3076 5055 3211 5107 enim
3238 5094 3254 5118 ,
3296 5063 3346 5107 et
3385 5055 3629 5108 debitores

2073 5123 2190 5179 sunt
2222 5123 2421 5186 eorum.
2460 5138 2589 5188 etc.,
2621 5138 2791 5194 usque
2821 5123 2911 5186 ad,
2935 5137 3206 5194 possumus
3231 5136 3280 5177 et
3312 5127 3377 5176 de
3412 5129 3629 5177 secunda

2078 5197 2314 5264 Epistola
2342 5197 2412 5249 ad
2441 5193 2765 5257 Corinthios,
2801 5203 2930 5257 etc.,
2963 5193 3339 5248 desiderantur
3368 5195 3423 5246 in
3464 5196 3624 5254 editis,

2074 5266 2168 5320 sed
2198 5268 2558 5321 restituuntur
2585 5282 2650 5320 ex
2686 5278 2815 5320 mss.

2145 5333 2257 5408 (70)
2305 5337 2395 5408 Sic
2439 5352 2630 5408 omnes
2664 5352 2792 5408 mss.
2825 5330 3212 5408 et__l_{al)_anus._
3245 5332 3429 5408 Editio
3461 5342 3622 5408 autem

2077 5400 2294 5478 Veneta,
2325 5407 2385 5478 in
2411 5422 2513 5478 qua
2543 5405 2654 5460 lucc
2685 5407 2758 5459 ibi
2787 5400 2990 5455 scribit.
3020 5404 3216 5458 Caneri
3261 5403 3419 5470 editi,
3456 5406 3507 5455 in
3531 5419 3621 5471 qua

2075 5477 2184 5530 litvo
2208 5477 2407 5534 scribit.

2148 5546 2263 5611 (71)
2294 5545 2369 5600 lla
2402 5562 2532 5601 mss.
2552 5546 2812 5614 plerique,
2835 5549 3089 5603 Rabanus
3111 5553 3163 5597 et
3193 5545 3344 5598 editi.
3383 5542 3481 5596 Ms.
3505 5554 3625 5592 vero

2075 5615 2274 5691 Βεεῑυε
2309 5633 2454 5670 num.
2494 5617 2654 5691 1659,
2699 5627 2748 5669 et
2776 5635 2935 5684 supra
2963 5618 3201 5671 virtutem
3238 5631 3388 5691 suam
3421 5621 3622 5691 sponta-

2073 5689 2155 5739 nei
2188 5685 2438 5752 fuerunt,
2484 5688 2664 5739 multis
2693 5691 2953 5754 precibus,
2987 5696 3120 5750 etc.,
3151 5689 3294 5754 quod
3323 5687 3522 5738 rectius
3547 5685 3622 5732 vi-

2071 5758 2256 5832 detur;
2286 5757 2378 5832 sed
2413 5757 2546 5810 nihil
2579 5758 2835 5832 iuunuto._
3005 5826 3016 5832 _
3314 5823 3344 5832 __
3377 5822 3389 5832 ο

2140 5825 2253 5900 (72)
2278 5826 2612 5884 Sanctorum.
2649 5830 2804 5882 Deest
2823 5827 2874 5884 in
2896 5826 3050 5884 libris
3076 5834 3234 5882 antea
3261 5823 3444 5880 editis.

3755 296 3759 474 ι
