3812 6542
58 418 220 474 1273

1039 412 1402 472 COMMENT.
1436 412 1504 469 IN
1536 411 1756 468 EPIST.
1794 410 1887 466 AD
1923 409 2092 468 ROM.
2121 412 2254 468 LIB.
2285 411 2359 468 X.

3201 413 3338 467 1274

55 534 232 601 Quod
265 541 442 588 autem
477 539 598 603 post
641 527 951 597 huiusmodi
1001 533 1333 613 Macedonia:
1360 545 1415 590 et
1442 534 1660 590 Achaiae
1686 530 1738 589 Α
1765 532 2086 604 appellavit;
2143 532 2382 604 reliquos
2421 545 2552 588 vero
2597 528 2687 602 qui
2740 529 2793 584 in
2823 531 2967 585 omni
3005 541 3148 586 terra
3186 541 3339 597 sunt,

64 625 450 679 ministerium
496 623 608 692 (75)
634 663 651 689 ,
681 624 826 692 quod
859 624 917 678 lit
956 625 1008 680 in
1057 638 1278 681 sanctos
1320 626 1412 696 qui
1451 634 1576 680 sunt
1608 627 1658 679 in

57 712 382 768 Jerusalem
411 755 426 778 ,
475 714 854 784 proposuisse:
899 716 1188 783 Apostolus
1221 716 1386 770 etiam
1432 715 1658 769 Romam

55 805 284 872 videre,
303 804 576 860 indicatur
604 806 656 859 itt
686 807 912 861 Actibus
943 807 1314 876 apostolorum
1334 809 1437 862 hoc
1466 808 1658 862 modo:

59 896 214 950 Cum
246 908 422 952 autem
458 901 664 967 expleta
700 909 872 955 essent
903 899 1048 964 lucc,
1081 900 1255 969 posuit
1293 898 1498 954 Paulus
1547 900 1659 972 (74)

59 991 126 1041 in
155 987 368 1058 Spiritu
389 1001 595 1057 sancto,
626 1000 682 1044 ut
709 1007 828 1044 cum
853 991 1269 1059 perambulasset
1293 991 1660 1046 Macedoniam

55 1093 117 1136 et
171 1086 463 1149 Achaiam,
497 1083 920 1153 proﬁcisceretur
965 1081 1387 1153 Jerosolymam,
1428 1084 1606 1137 dicens
1640 1099 1658 1136 :

60 1172 219 1239 Quia
252 1184 524 1244 postquam
572 1173 722 1238 fuero
753 1174 867 1242 ibi,
909 1191 1118 1228 necesse
1138 1185 1212 1228 est
1251 1191 1333 1228 me
1361 1186 1408 1229 et
1442 1173 1662 1228 Romam

57 1265 255 1318 cidere
288 1265 355 1319 ³³.
387 1266 463 1320 Ex
505 1266 590 1320 his
629 1274 810 1320 autem
845 1266 1099 1320 omnibus
1137 1265 1321 1321 verbis
1364 1267 1657 1337 colligitur,

58 1358 203 1425 quia
241 1374 348 1411 non
380 1359 550 1412 solum
581 1359 755 1429 prima
784 1359 852 1414 ad
885 1358 1224 1424 Corinthios,
1260 1361 1354 1416 sed
1381 1371 1435 1414 et
1465 1376 1661 1415 secun-

58 1449 139 1502 da
175 1459 308 1502 ante
337 1450 532 1518 scripta
565 1459 648 1502 est
673 1490 688 1514 ,
731 1464 891 1519 quant
924 1449 1037 1503 haec
1080 1450 1146 1504 ad
1196 1449 1468 1506 Romanos
1499 1469 1658 1522 quam

59 1543 349 1597 habemus
399 1544 453 1598 in
501 1545 792 1609 manibus;
840 1545 1118 1615 simulque
1168 1545 1300 1601 illud
1339 1549 1656 1612 advertitur,

61 1638 225 1705 quod
278 1648 477 1706 quanto
529 1637 795 1708 posterior
849 1636 1050 1692 Paulus
1103 1639 1155 1694 in
1202 1655 1533 1710 unaquaque
1577 1642 1662 1696 in-

59 1729 302 1783 venitur
332 1730 598 1799 Epistola,
644 1741 797 1787 tanto
840 1742 895 1788 et
940 1733 1289 1805 perfectior:
1317 1744 1374 1788 ut
1403 1751 1564 1790 verus
1592 1736 1662 1790 sit

63 1819 167 1875 ille
198 1821 322 1890 ejus
366 1838 546 1876 sermo
595 1839 754 1892 quem
785 1825 946 1890 dixit,
995 1829 1121 1896 quia
1171 1828 1443 1897 prwterita
1476 1830 1653 1882 oblivi-

61 1929 255 1978 scens,
292 1915 361 1966 ad
410 1915 592 1982 futura
635 1933 716 1971 me
737 1919 960 1972 extendo
983 1958 999 1985 ,
1031 1920 1099 1972 ad
1121 1922 1410 1991 perfectum
1446 1938 1661 1992 sequens

60 2005 313 2075 palmam
351 2024 591 2077 superna:
637 2013 926 2066 vocationis
957 2013 1021 2067 ⁸⁸.
1069 2014 1221 2081 Quod
1265 2027 1444 2070 autem
1493 2017 1659 2084 dicit,

64 2096 296 2153 Placuit
336 2098 663 2156 Macedonia:
701 2115 749 2156 et
795 2104 1012 2158 Achaia:
1049 2106 1168 2174 (75)
1202 2108 1535 2164 collationem
1569 2111 1665 2163 ali-

66 2189 253 2264 m
276 2207 434 2264 quant
464 2190 636 2261 facere
665 2194 720 2246 in
744 2211 999 2263 pauperes
1039 2209 1367 2266 sanctorum,
1396 2201 1664 2255 subtiliter

66 2296 128 2342 et
158 2284 471 2340 verecunde
501 2287 627 2338 dum
679 2283 994 2342 Corinthios
1033 2287 1236 2355 laudat,
1276 2292 1523 2346 hortatur
1553 2291 1663 2347 Ro-

65 2392 293 2432 manos.
328 2375 571 2429 Facilius
593 2376 739 2430 enim
764 2375 974 2433 devota:
1001 2391 1212 2436 mentes
1235 2383 1300 2435 ad
1327 2383 1665 2438 benefacien-

67 2471 203 2523 dutn
233 2469 524 2535 exemplis,
555 2483 715 2538 quam
746 2470 1443 2547 serntonibus‘invitantur.
1477 2473 1580 2529 Sed
1612 2484 1664 2529 et

65 2561 125 2615 in
171 2576 241 2614 eo
292 2563 434 2629 quod
459 2561 651 2615 addit:
688 2559 900 2615 Placuit
937 2564 1096 2628 enim,
1150 2575 1198 2617 et
1251 2567 1503 2620 debitores
1545 2579 1666 2620 sunt

65 2665 287 2711 eorum,
312 2649 442 2716 quid
483 2650 630 2703 aliud
663 2654 867 2706 sentire
900 2655 1014 2706 vult
1049 2654 1343 2719 Romanus,
1383 2658 1482 2710 nisi
1529 2669 1588 2710 ut
1621 2659 1664 2712 si

69 2742 273 2795 Achivi
302 2740 415 2811 (76)
443 2753 500 2796 et
526 2743 850 2799 Macedones
882 2747 1159 2802 debitores
1187 2759 1312 2802 sunt
1343 2751 1668 2818 pauperibus

71 2843 401 2887 sanctorum
435 2833 526 2900 qui
581 2834 796 2887 suntin
847 2834 1170 2902 Jerusalem,
1222 2839 1408 2891 eadem
1459 2841 1668 2893 ratione

68 2939 182 2991 qua
211 2937 374 2976 unam
406 2923 790 2993 eamdemque,
816 2941 977 2994 quam
1010 2925 1107 2989 illi,
1138 2927 1296 2982 ﬁdem
1324 2929 1436 2998 (77)
1462 2930 1666 2985 Christi

65 3015 244 3069 etiam
275 3012 506 3068 Romani
542 3025 746 3082 tenent,
785 3016 1074 3070 advertant
1117 3027 1170 3072 et
1208 3020 1532 3086 semetipsos
1581 3023 1670 3077 his

66 3109 282 3164 eisdem
308 3109 487 3163 factos
519 3124 638 3163 esse
662 3109 989 3183 debitores?
1027 3107 1212 3179 Neque
1237 3111 1380 3165 enim
1422 3113 1520 3166 soli
1556 3113 1665 3166 Ma-

1763 632 1952 694 gentcs
1976 624 2195 687 dixerit,
2228 623 2318 693 qui
2349 623 2726 677 habitantibus
2748 621 3046 677 JeruSaIem
3077 632 3334 690 tanquam

1762 714 1895 770 solis
1924 713 2299 783 spiritualibus
2314 714 2628 770 ministrare
2654 713 2705 766 in
2733 711 3042 766 carnalibus
3063 713 3294 766 debeant
3317 725 3337 765 :

1763 827 1887 866 cum
1916 811 2101 879 utique
2133 809 2292 864 liceat
2322 818 2372 862 et
2402 819 2556 862 extra
2586 806 2886 862 Jerusalem
2916 808 3228 876 spirituales
3254 808 3337 862 in-

1763 903 1959 967 veniri,
1987 917 2123 973 quos
2160 917 2264 955 non
2299 901 2474 965 locus,
2512 901 2603 954 sed
2654 899 2998 954 conversatio
3043 910 3254 964 sancta,
3283 905 3345 958 et.

1766 994 1887 1050 fidei
1922 1009 1986 1049 ac
2015 973 2260 1048 scientiae
2309 991 2570 1063 perfectio
2611 990 2805 1046 fecerit
2838 992 3168 1060 spirituales,
3199 994 3341 1048 sicut

1763 1097 1818 1143 et
1845 1087 1961 1156 ipse
2007 1085 2207 1140 Paulus
2262 1085 2508 1140 scribens
2560 1082 2692 1137 dicit
2722 1083 2833 1155 (80)
2866 1102 2880 1138 :
2912 1082 3154 1148 Fratres,
3198 1094 3249 1138 et
3293 1084 3341 1138 si

1761 1190 2156 1251 praeoccupatus
2207 1179 2370 1248 fuerit
2402 1178 2520 1246 quis
2565 1179 2621 1230 in
2674 1178 2851 1246 aliqua
2893 1177 3105 1240 delicto,
3131 1194 3223 1230 vos
3252 1176 3342 1246 qui

1762 1271 2031 1341 spiritales
2055 1269 2197 1331 estis,
2213 1269 2457 1322 instruite
2478 1267 2781 1335 hujusmodi
2804 1269 2857 1320 in
2881 1269 3071 1335 spiritu
3096 1283 3344 1322 mansue-

1763 1363 1976 1418 tudinis
2011 1361 2078 1416 ³⁵.
2135 1359 2272 1427 Quid
2313 1374 2444 1428 ergo
2473 1368 2560 1414 est
2595 1360 2738 1428 quod
2792 1359 2845 1413 in
2883 1359 2967 1413 his
3001 1360 3205 1412 sentire
3245 1375 3344 1413 nos

1763 1452 2054 1509 convenit?
2081 1453 2234 1519 Quod
2280 1453 2458 1508 omnis
2489 1453 2579 1522 qui
2623 1450 2890 1520 spiritalis
2919 1461 3024 1513 est,
3054 1452 3104 1504 id
3135 1461 3218 1504 est
3249 1453 3343 1520 qui

1763 1545 1953 1615 spiritu
1995 1547 2105 1601 Deo
2156 1546 2345 1611 servit,
2382 1557 2439 1599 et
2491 1545 2584 1613 qui
2633 1561 2739 1600 non
2771 1547 3068 1600 secundum
3121 1560 3340 1598 carnem

1763 1641 1934 1706 vivit,
1971 1639 2064 1692 sed
2105 1638 2403 1693 secundum
2457 1637 2740 1706 spiritum,
2796 1638 2897 1692 iste
2929 1637 2979 1690 in
3018 1634 3342 1702 Jerusalem,

1765 1731 1867 1786 hoc
1894 1737 1997 1795 est,
2043 1730 2094 1784 in
2139 1729 2257 1783 loco
2293 1729 2442 1798 pacis
2491 1729 2724 1793 habitat,
2765 1739 2820 1783 et
2869 1730 2921 1783 in
2952 1731 3100 1798 pacis
3140 1729 3345 1783 visione

1765 1824 2015 1879 consistit
2041 1842 2053 1877 :
2085 1832 2136 1877 et
2160 1823 2262 1876 iste
2292 1831 2375 1876 est
2403 1837 2610 1892 pauper
2639 1831 2978 1885 sanctorum,
3008 1837 3073 1876 ex
3107 1822 3212 1874 illis
3239 1823 3349 1874 sci-

1766 1915 1893 1969 licet
1927 1914 2102 1968 beatis
2135 1917 2462 1984 pauperibus
2491 1915 2558 1967 ad
2583 1929 2722 1983 quos
2751 1913 2950 1966 dicitur
2982 1931 2994 1966 :
3035 1911 3186 1964 Beati
3213 1929 3349 1980 pau-

1762 2023 1908 2074 peres
1930 2007 2404 2074 spiritu,quoniatn
2429 2006 2663 2072 ipsorum
2682 2015 2756 2058 est
2771 2020 2987 2073 regnum
3011 2003 3259 2056 caelorum
3277 2003 3342 2055 ⁸⁸.

1765 2098 1843 2153 Ita
1893 2109 1977 2152 est
2019 2114 2148 2168 ergo
2183 2099 2339 2152 beata
2386 2109 2676 2166 paupertas
2707 2112 2826 2165 quae
2863 2098 3029 2149 dicit:
3066 2095 3271 2146 Aurum
3299 2104 3346 2146 et

1766 2204 2042 2262 argentum
2064 2207 2166 2244 non
2189 2191 2387 2254 Italico;
2412 2194 2500 2243 sed
2527 2191 2665 2256 quod
2685 2190 2868 2252 habeo,
2887 2189 2982 2240 hoc
3005 2187 3097 2240 tibi
3119 2189 3184 2238 do
3209 2185 3345 2254 (81).

1774 2282 1836 2336 1η
1869 2283 2078 2335 nomine
2100 2279 2229 2332 Jesu
2259 2279 2457 2334 Christi
2489 2276 2762 2331 Nazareni
2793 2294 2947 2346 surge
2972 2289 3017 2329 et
3044 2276 3256 2329 ambula
3275 2273 3344 2328 "’.

1768 2373 1872 2427 Iste
1899 2372 2019 2426 talis
2046 2386 2248 2440 pauper
2282 2372 2334 2424 in
2362 2370 2662 2424 Jerusalem
2695 2385 2910 2436 semper
2944 2367 3173 2430 habitat,
3207 2367 3348 2420 divi-

1771 2466 1870 2519 tias
1907 2463 2189 2531 possidens
2221 2462 2556 2531 spiritualcs.
2585 2463 2790 2514 Aurum
2819 2460 2935 2528 ejus
2964 2458 3235 2528 sapientia
3267 2466 3351 2510 est

1770 2555 1907 2627 (8-2),
1948 2566 2229 2624 argentum
2281 2568 2460 2607 sermo
2508 2552 2754 2607 scientia:
2800 2568 2814 2602 :
2868 2551 3185 2604 indumenta
3236 2547 3351 2614 ejus

1771 2648 2018 2702 Christus
2039 2655 2144 2708 est,
2171 2645 2336 2710 dapes
2359 2644 2475 2712 ejus
2503 2653 2556 2697 et
2580 2642 2788 2695 delicize
2819 2656 3002 2695 mensa
3033 2651 3115 2693 est
3138 2641 3352 2706 sapien-

1772 2740 1878 2802 tiae,
1905 2745 1958 2790 et
1995 2738 2150 2790 cibus
2188 2734 2414 2788 allluens
2456 2735 2508 2786 in
2544 2734 2708 2787 verbo
2746 2732 2837 2785 Dei
2883 2750 2896 2784 :
2934 2733 3114 2783 viuum
3156 2729 3352 2783 laetitia:

1774 2831 1928 2891 bibit,
1959 2828 2104 2897 quod
2133 2827 2185 2880 in
2209 2835 2423 2879 cratere
2443 2839 2541 2878 suo
2567 2823 2788 2878 miscuit
2811 2823 3089 2892 Sapientia
3114 2821 3181 2885 ³⁸,
3205 2829 3258 2874 et
3286 2822 3353 2876 de

1774 2919 2148 2986 intelligentiae
2179 2917 2296 2984 ejus
2329 2916 2565 2970 victimis
2592 2916 2702 2969 edit
2728 2914 2839 2985 (85)
2873 2915 3025 2968 cibos
3052 2912 3272 2972 solidos,
3295 2921 3352 2966 et

1779 3015 2014 3069 Verbum
2050 3027 2270 3067 carnem
2305 3010 2530 3066 factum.
2572 3010 2692 3063 ista:
2738 3016 2867 3061 sunt
2902 3005 3178 3076 spiritales
3214 3005 3354 3058 divi-

1780 3108 1865 3162 tite
1894 3105 2029 3177 (84),
2065 3102 2260 3173 quibus
2296 3111 2484 3172 gentes
2514 3101 2564 3153 in
2593 3113 2759 3153 carne
2785 3097 2959 3151 adhuc
2983 3095 3171 3164 positze
3197 3109 3350 3149 com-

66 3203 313 3255 cedones
361 3211 416 3255 et
456 3200 647 3254 Achivi
705 3201 759 3253 in
814 3199 1149 3269 spiritalibus
1202 3202 1496 3273 participes
1541 3214 1666 3258 sunt
1695 3214 1738 3274 ο
1781 3197 2060 3253 municare
2085 3196 2363 3251 festinant.
2403 3193 2630 3248 Videtur
2655 3207 2788 3261 ergo
2813 3189 2944 3243 mihi
2979 3189 3065 3242 his
3095 3203 3232 3259 quos
3254 3201 3354 3241 no-

66 3292 204 3347 l’acti
241 3295 450 3348 sanctis
481 3293 572 3362 qui
603 3301 733 3347 sunt
765 3293 816 3345 itt
846 3290 1170 3358 Jerusalem,
1206 3304 1264 3346 ut
1290 3305 1343 3347 et
1379 3294 1431 3346 in
1464 3310 1665 3347 carna-

69 3384 218 3439 libus
269 3385 350 3440 eis
399 3385 630 3439 debeant
679 3384 1029 3449 ministrare;
1077 3387 1171 3438 sed
1221 3394 1277 3439 et
1320 3384 1668 3449 Romani;et

68 3476 195 3530 ideo
237 3475 356 3543 pari
405 3476 716 3529 conditione
766 3474 1044 3531 debitores
1101 3485 1273 3530 sunt:
1307 3478 1402 3532 sed
1452 3477 1518 3530 de
1559 3476 1666 3532 illis

70 3577 290 3619 tantum
333 3566 671 3636 pronuntiat,
705 3574 762 3620 ut
790 3576 843 3619 et
871 3566 959 3620 isti
992 3581 1052 3621 se
1079 3568 1328 3623 noverint
1351 3569 1513 3623 simili
1541 3584 1667 3623 sen-

70 3659 269 3712 tentia:
297 3656 582 3726 subiacere
614 3657 752 3730 (78).
786 3657 911 3713 Haec
941 3659 1158 3727 quidem
1187 3661 1484 3714 secundum
1516 3675 1663 3715 com-

69 3765 299 3805 munem
333 3749 527 3804 litterae
581 3749 724 3803 dicta
761 3751 872 3804 sint
909 3750 1271 3806 intellectum.
1305 3751 1504 3806 Verum
1546 3767 1660 3804 ma-

68 3841 448 3910 gniﬁcentiam
498 3841 717 3896 solitam
764 3843 1106 3911 requiramus
1152 3843 1204 3895 in
1242 3841 1443 3896 litteris
1484 3839 1657 3897 Pauli.

70 3933 192 3988 Non
228 3933 374 3988 enim
408 3943 537 4002 puto
566 3934 707 4003 quod
726 3935 800 3988 ita
827 3934 1082 4000 senserit,
1109 3944 1167 3988 ut
1207 3933 1348 3987 intra
1377 3933 1545 3988 solam
1569 3931 1660 3988 Je-

68 4025 341 4090 rusalem,
382 4041 543 4078 unam
580 4025 843 4080 duntaxat
880 4025 1179 4079 Palaestina:
1210 4026 1422 4089 urbem,
1459 4039 1660 4093 paupe-

69 4133 159 4172 res
187 4127 509 4172 sanctorum
541 4118 871 4173 concluserit
902 4117 1037 4189 (79),
1067 4133 1204 4188 quos
1241 4129 1296 4172 et
1346 4117 1660 4187 Spirituales

1773 3293 1942 3348 mittat
1971 3300 2181 3360 gentes,
2223 3286 2655 3354 itnperl‘ectiores
2691 3299 2940 3353 quasque
2965 3282 3175 3336 animas
3210 3281 3354 3335 indi-

1769 3399 1922 3447 care,
1958 3398 2077 3451 qua:
2111 3381 2476 3452 perfectorum
2513 3376 2827 3446 magisterio
2859 3375 3136 3442 indigeant
3165 3391 3178 3427 :
3219 3381 3274 3427 et
3305 3372 3352 3426 si

1769 3475 1911 3530 forte
1949 3472 2124 3544 dignae
2160 3472 2359 3526 habita;
2399 3471 2601 3524 fuerint
2646 3476 2703 3520 ut
2755 3467 3045 3535 participes
3091 3463 3170 3517 eis
3219 3462 3355 3516 ﬁant

1771 3568 1883 3639 (85)
1921 3568 1974 3622 in
2008 3566 2280 3620 intellectu
2314 3575 2366 3619 et
2396 3563 2629 3620 scientia
2657 3561 2906 3632 Spiritali,
2949 3562 3075 3630 ipsze
3120 3559 3356 3614 debeant

1773 3661 1828 3714 itt
1865 3660 2177 3714 carnalibus
2209 3657 2526 3710 ministrare
2561 3656 2640 3709 eis
2671 3675 2683 3709 :
2711 3655 2814 3708 hoc
2839 3661 2944 3717 est,
2967 3667 3090 3704 cum
3125 3651 3356 3718 spiritus

1769 3767 1956 3806 eorum
1988 3749 2154 3804 imbui
2196 3747 2432 3818 coeperit
2465 3747 2531 3798 ad
2576 3745 2857 3799 scientiam
2893 3743 3179 3797 celsiorem
3213 3739 3352 3811 (86),

1769 3845 1929 3899 debet
1977 3842 2144 3896 etiam
2195 3855 2324 3892 caro
2369 3837 2719 3892 continentiae
2771 3844 2826 3890 et
2876 3834 3146 3888 castitatis
3197 3834 3353 3888 frena

1766 3933 2072 4003 suscipiens
2093 3930 2430 4000 spiritalibus
2446 3929 2690 3983 ministra
2701 3941 2756 3982 re
2773 3928 3098 3997 praeceptis;
3121 3941 3187 3980 ne
3205 3925 3350 3979 forte

1769 4025 1816 4078 si
1843 4025 2021 4077 adhuc
2052 4022 2106 4075 in
2136 4019 2452 4074 carnalibus
2484 4018 2753 4083 lasciviat,
2781 4031 3045 4071 sessorem
3071 4030 3226 4070 suutn
3255 4014 3353 4068 Dei

1768 4113 2005 4170 Verbum
2043 4111 2259 4166 incauta
2306 4119 2362 4166 et
2408 4107 2674 4163 etircnata
2711 4108 2951 4178 dejiciat.
2999 4105 3109 4162 Sed
3147 4116 3202 4160 et
3232 4106 3347 4175 ipsa

122 4232 171 4264 ³³
198 4231 310 4286 Act
347 4246 462 4296 XIX,
491 4229 581 4286 21.
659 4230 703 4263 ³⁸
724 4230 920 4300 Philip.
952 4229 1142 4294 ιιι,15.
1179 4231 1269 4285 14.
1346 4230 1391 4262 ³⁸
1426 4227 1606 4286 Galat.
1633 4245 1676 4283 v1

1777 4268 1789 4282 .
1869 4226 1915 4259 ³⁸
1941 4224 2160 4289 Malth.,
2179 4209 2239 4287 ν,
2268 4221 2324 4276 5.
2400 4222 2444 4254 ³⁷
2466 4222 2590 4276 Act.
2610 4234 2694 4285 Ill,
2716 4220 2770 4276 6.
2847 4220 2892 4252 ⁸⁸
2915 4219 3078 4274 Prov.
3108 4234 3185 4284 ιι,
3208 4217 3265 4284 2,
3296 4218 3351 4273 5.

142 4367 270 4440 (75)
320 4365 465 4421 Editi
495 4405 512 4432 ,
553 4374 670 4437 post
713 4367 874 4437 hujus
915 4376 964 4423 et
1006 4367 1222 4423 Achaiae
1275 4370 1622 4424 ministerium
1650 4415 1664 4439 ,
1701 4367 2177 4440 οιιιεβ.ηι1ιιρι)υε.

70 4450 180 4495 etc.

145 4511 271 4580 (74)
304 4507 473 4574 Editi,
511 4505 647 4562 Cum
677 4517 854 4563 autem
887 4509 1092 4579 expleta
1121 4519 1254 4565 esset
1281 4509 1393 4565 haec
1417 4549 1433 4576 ,
1468 4527 1664 4580 propo-

73 4585 181 4634 suit
241 4580 468 4645 Paulus,
498 4588 608 4632 etc.

152 4651 277 4722 (75)
315 4648 388 4722 Et
417 4648 654 4722 Achaiae.
683 4647 811 4703 Haec
841 4649 947 4704 duo
985 4649 1150 4722 verba
1181 4649 1578 4722 desiderantur
1616 4651 1668 4704 in

77 4718 272 4786 editis,
298 4730 354 4774 et
381 4721 434 4774 in
461 4718 737 4788 plerisque
771 4735 928 4784 mss.;
961 4720 1059 4775 sed
1093 4721 1454 4775 restituuntur
1474 4736 1541 4775 ex
1564 4737 1669 4776 ms.

79 4791 258 4860 Regio
295 4787 494 4843 numJ
507 4787 612 4842 659
638 4800 694 4842 et
720 4789 964 4860 Rabano.

161 4858 285 4926 (76)
345 4860 436 4914 Sic
489 4875 678 4913 omnes
731 4858 861 4914 ttiss.
930 4860 1124 4914 nostri.
1175 4859 1319 4916 Editi
1373 4875 1526 4926 vero,
1574 4862 1676 4917 nisi

81 4933 295 4986 Achaii.
333 4930 610 4988 Habanus.
647 4930 747 4983 nisi
777 4939 830 4981 ut
857 4930 901 4982 si
924 4930 1168 4994 Achaici,
1199 4942 1305 4986 etc.

151 5002 272 5072 (77)
301 5001 377 5053 Ita
406 5001 689 5072 legendum
728 4999 972 5072 videtur.
994 4999 1100 5072 Sed
1135 5017 1238 5054 ms.
1269 5001 1442 5055 codex
1483 5000 1677 5056 Vallis-

89 5068 172 5126 31;;
187 5088 293 5130 rae,
317 5082 370 5124 et
392 5086 530 5122 unus
558 5068 757 5142 liegius
780 5085 930 5122 nutu.
954 5069 1324 5142 1640,7eadem
1355 5074 1557 5142 ratione
1574 5089 1678 5142 qua

85 5156 523 5210 unamquamque
552 5140 630 5191 illi
657 5139 996 5210 ﬁdem,etc.,
1033 5149 1089 5192 ιιι
1120 5141 1172 5192 in
1206 5150 1377 5194 textu.
1401 5141 1564 5200 Editi.
1586 5139 1680 5196 ἐα-

83 5215 202 5263 dem
239 5209 448 5262 ratione
476 5225 580 5278 qua
625 5224 785 5261 unam
815 5209 996 5276 ﬁdem,
1022 5220 1127 5264 etc.
1154 5210 1254 5263 Ms.
1290 5211 1487 5278 Regius
1523 5227 1673 5266 num.

84 5281 250 5338 16M.
285 5283 470 5331 eadem
494 5279 696 5330 ratione
725 5294 829 5348 qua
858 5295 1017 5331 unam
1049 5296 1206 5348 quam
1232 5281 1410 5348 fidem,
1437 5289 1544 5334 etc.
1575 5282 1680 5335 Ra-

88 5349 266 5403 hanus
288 5349 491 5421 (habet,
526 5350 707 5400 eadem
736 5351 938 5402 ratione
964 5351 1124 5402 etiam
1155 5349 1503 5421 Iiomani,qui
1524 5352 1679 5419 ﬁdem

85 5419 296 5474 Christi
334 5428 531 5479 tenent,
562 5423 838 5470 advertant
867 5429 912 5471 et
951 5420 1276 5487 semetipsos,
1305 5419 1544 5477 etc.'Ms.
1579 5421 1681 5474 [ic-

89 5492 234 5557 gitts.
265 5487 619 5559 ιιιηηη1659,
654 5491 1070 5559 cadent_ratione
1095 5507 1200 5559 qua
1235 5507 1394 5544 unum
1417 5492 1679 5545 eamdem-

90 5577 190 5625 que
217 5561 383 5628 ﬁdem
412 5558 608 5612 Christi
639 5575 798 5627 quant
826 5557 1046 5612 Romani
1074 5557 1306 5625 terreant,
1335 5561 1608 5616 advertant
1634 5572 1679 5615 et

92 5631 426 5694 semetipsos,
455 5639 560 5680 etc.

171 5700 290 5766 (78)
322 5697 485 5763 Editi,
522 5699 612 5750 ubi
648 5697 764 5768 (aL,
795 5698 894 5766 uti)
924 5709 970 5751 et
998 5699 1085 5752 isti
1116 5717 1170 5754 se
1202 5712 1389 5754 norunt
1428 5702 1690 5754 sententia

100 5769 417 5836 subjacere;
470 5769 678 5822 omisso
713 5771 894 5829 simili,
929 5785 1049 5837 qua:
1080 5785 1181 5823 vox
1227 5775 1376 5824 deest
1428 5773 1590 5823 ctiam
1629 5773 1680 5823 itt

105 5839 386 5904 plerisque
410 5855 540 5893 mss.
567 5849 620 5893 ct
651 5839 790 5907 apud
818 5838 1137 5904 liabanum;
1168 5843 1262 5896 sed
1291 5841 1594 5896 restituitur
1616 5857 1682 5898 ex

1845 4436 1956 4509 (79)
1988 4437 2081 4491 Sic
2112 4443 2259 4489 recte
2285 4447 2388 4509 ms.
2425 4432 2594 4509 codex
2630 4429 3012 4509 Degiusnnum.
3048 4427 3206 4485 1659.
3235 4426 3352 4483 Cat-
3400 4428 3404 4431 ’

1777 4499 1878 4564 teri
1909 4499 2037 4562 vero
2071 4521 2204 4559 mss.
2235 4503 2498 4571 collegerit
2528 4517 2545 4554 :
2576 4501 2730 4564 editi,
2757 4499 2996 4554 collocet.

1845 4577 1956 4647 (80)
2007 4575 2105 4629 Ms.
2153 4569 2548 4647 _R9gillSdilllll.
2591 4571 2750 4633 1659,
2799 4569 3354 4647 scribens‘Corinth-iis

1775 4640 2023 4701 dicitht
2047 4643 2205 4714 paulo
2227 4640 2367 4712 post,
2403 4640 2468 4696 Id
2497 4657 2622 4711 ergo
2647 4653 2721 4695 est
2760 4640 2900 4710 quod
2939 4641 2993 4692 in
3037 4640 3118 4694 his
3155 4640 3353 4694 sentire

1778 4735 1871 4772 nos
1905 4716 2168 4772 convenit.

1870 4788 1959 4857 8|)
1988 4785 2155 4857 Editi,
2184 4783 2282 4857 hoc
2307 4782 2442 4837 dabo
2471 4781 2586 4857 tibi.

1870 4789 1959 4857 8|)
1988 4789 2155 4849 Editi,
2184 4789 2282 4836 hoc
2307 4789 2442 4837 dabo
2471 4789 2586 4836 tibi.

1776 4859 1808 4924 ι
1849 4789 1961 4928 (82)
1990 4855 2150 4915 Editi,
2195 4855 2397 4928 Aurum
2428 4854 2565 4928 enim
2606 4850 2727 4922 (ms.
2757 4863 2930 4913 unus,
2955 4866 3145 4928 aurum
3167 4849 3234 4928 ei)
3265 4865 3353 4903 sa-

1777 4921 1990 4997 pientiae
2017 4936 2240 4997 est.‘etc.
2279 4921 2481 4997 Deinde
2523 4937 2710 4997 omnes
2757 4935 2888 4997 mss.
2930 4921 3352 4997 et.editi,_d_ap_es

1779 4989 1892 5069 ejus
1915 5009 1961 5051 et
1987 4994 2186 5069 divitia:
2215 5008 2235 5046 :
2265 4995 2359 5048 sed
2393 5003 2572 5046 tamen
2604 4991 2888 5061 legendum
2913 4989 3127 5045 videtur
3150 4992 3354 5045 delicia:

1820 5084 1879 5121 ro
1908 5068 2122 5120 divitiw.

1780 5085 1879 5137 pro
1908 5085 2122 5120 annum.

1847 5138 1960 5210 (85)
2009 5136 2174 5202 Editi,
2204 5141 2252 5187 et
2295 5132 2360 5186 de
2401 5130 2756 5201 intelligentiis
2799 5129 2913 5200 ejus
2960 5131 3180 5184 victimis
3221 5131 3354 5195 edit,

1781 5217 1889 5264 etc.

1859 5278 1970 5349 (81)
2019 5275 2096 5330 lta
2147 5273 2284 5349 editi
2322 5281 2378 5326 et
2400 5287 2522 5349 “ms.
2553 5271 2753 5349 licgitts
2780 5286 2932 5349 num,
2970 5269 3125 5324 1659.
3157 5268 3353 5349 Caneri

1782 5338 1915 5402 vero
1940 5338 2096 5411 mss”
2131 5344 2356 5398 deliciw.
2400 5343 2600 5395 Deinde
2627 5338 2778 5403 editi,
2839 5339 3054 5394 Videtur
3081 5356 3200 5410 ergo
3225 5338 3354 5392 mihi

1785 5419 1935 5475 hic...
1973 5420 2209 5471 indicare
2231 5415 2644 5481 imperfectiones
2672 5427 2903 5481 quasque
2930 5413 3136 5481 animus
3157 5413 3212 5463 in
3237 5424 3356 5481 car-

1786 5507 1871 5552 ne,
1899 5505 2037 5555 quat,
2067 5498 2178 5540 etc.
2227 5479 2407 5537 Editio
2456 5483 2660 5555 Veneta
2685 5479 2920 5555 (omittit
2973 5479 3226 5533 indicare.
3264 5479 3356 5555 alie

1786 5549 1950 5613 etiam
1985 5549 2114 5611 mss.
2148 5555 2411 5623 plerique,
2441 5553 2542 5607 nisi
2571 5551 2712 5620 quod
2742 5553 2979 5623 habeant
3011 5563 3254 5623 essepro
3279 5549 3359 5600 in-

1786 5631 1989 5689 dicare,
2021 5636 2071 5680 ct
2102 5621 2359 5691 indigent,
2393 5638 2490 5690 pro
2538 5623 2828 5690 indigeant.
2873 5621 2978 5676 Sed
3020 5621 3216 5675 rectius
3251 5631 3355 5672 tus.

1787 5700 1989 5763 Regius
2022 5714 2173 5750 nutu.
2206 5694 2344 5747 1659
2381 5706 2438 5745 ιιι
2468 5696 2516 5745 itt
2546 5705 2728 5745 nostro
2755 5701 2926 5745 texut.

1864 5767 1972 5838 (85)
2003 5767 2166 5838 Editi,
2196 5777 2264 5838 ut
2289 5765 2576 5838 participes
2595 5763 2708 5838 ejus
2736 5763 2888 5829 ﬁant,
2916 5771 3022 5838 αις.

1863 5828 1973 5908 (86)
2006 5838 2107 5895 Ms.
2135 5828 2339 5907 Regius
2373 5828 2522 5888 num.
2558 5828 2717 5900 1639,
2738 5828 2776 5889 Va
2809 5833 3020 5888 scientia
3049 5828 3282 5885 celsiore.
