3812 6548
438 374 581 433 4275

1924 362 2247 422 ORIGENIS

3580 355 3703 409 5‘27!»

440 490 749 551 diﬁ‘erentia
786 500 1100 544 sermonum
1158 497 1263 554 qua
1315 456 1459 552 erga.
1492 490 1780 551 utramque
1812 490 2018 550 partem
2048 484 2097 540 Α
2128 478 2270 533 Deus
2290 478 2359 533 ⁸³.
2392 478 2463 532 Et
2490 485 2689 533 caetera
2714 476 2804 533 his
2830 475 3026 531 similia
3052 475 3146 548 qui
3178 477 3441 532 observat
3478 471 3704 541 irrupere

435 601 569 642 usus
600 592 685 639 est
714 581 825 654 (87)
871 578 1098 645 Paulus,
1126 592 1233 632 non
1281 574 1414 630 mihi
1460 575 1677 630 videtur
1725 574 1925 629 otiosa.
1959 572 2016 628 In

436 676 782 748 spiritalibus
807 673 950 728 enim
979 666 1414 727 communionem
1439 666 1524 721 vel
1545 665 2016 737 participationem

430 768 657 841 posuit;
684 767 739 821 in
776 763 1090 822 carnalibus
1118 777 1247 818 vero
1278 759 1678 825 ministerium;
1706 767 1762 813 et
1794 759 1900 813 hoc
1925 757 2019 812 de-

435 861 613 916 bitum
636 872 782 921 esse,
809 855 937 910 illud
964 869 1095 909 vero
1116 851 1520 909 communicari
1537 850 1667 905 dicit
1696 868 1711 905 :
1746 858 1811 904 ut
1833 857 2017 905 osten-

435 952 531 1008 dat
553 949 679 1021 quia
713 945 1040 1019 perfectiora
1074 956 1303 1013 quaeque
1340 949 1596 1011 tanquam
1624 940 1870 996 caelestia
1906 951 2017 997 ter-

435 1043 587 1098 renis
621 1055 726 1095 non
759 1048 868 1093 tam
902 1036 1198 1099 debentur,
1233 1048 1396 1103 quam
1429 1035 1879 1099 commodantur;
1913 1044 2019 1090 ter-

436 1148 572 1189 rena
600 1147 735 1188 vero
759 1141 815 1186 et
847 1127 1087 1185 carnalia
1116 1123 1231 1197 (88)
1265 1134 1520 1195 tanquam
1550 1140 1651 1196 pro
1687 1125 1870 1180 debito
1900 1126 2017 1180 exi-

435 1232 659 1295 guntur.
692 1224 970 1278 Debitores
1004 1220 1149 1273 enim
1180 1217 1360 1273 ell‘ectl
1400 1230 1588 1274 sumus
1629 1220 1925 1275 secundum
1953 1219 2016 1274 il-

436 1318 545 1370 lum
576 1316 666 1385 qui
704 1316 960 1385 primitus
989 1324 1272 1386 acceptum
1309 1313 1736 1369 immortalitatis
1762 1322 1818 1370 et
1844 1314 2017 1369 incor-

435 1408 807 1479 ruptibilitatis
841 1424 1064 1465 censum
1108 1409 1164 1464 in
1213 1411 1468 1479 paradiso
1510 1406 1752 1480 perdidit
1797 1420 2017 1476 persua-

434 1499 589 1553 sione
621 1500 928 1570 serpentis;
957 1508 1012 1555 et
1045 1500 1168 1556 ideo
1198 1501 1477 1557 debitores
1511 1498 1774 1555 ellicimur
1822 1513 2014 1554 omnes

433 1602 700 1661 quotquot
730 1592 783 1646 in
815 1592 1225 1647 similitudinem
1260 1592 1393 1648 Atla:
1426 1600 1575 1647 sorte
1608 1590 2015 1661 praevaricatio-

431 1686 517 1739 nis
566 1686 941 1756 astringimur.
965 1684 1173 1740 Idcirco
1197 1700 1327 1755 ergo
1350 1695 1402 1738 et
1426 1694 1692 1755 przecepta
1717 1684 2011 1749 donantur,

432 1788 491 1832 ut
535 1777 714 1832 debita
773 1778 1168 1847 persolvamus.
1228 1777 1471 1847 Denique
1508 1788 1563 1832 et
1615 1777 1669 1831 in
1718 1776 2013 1847 Evangelia

433 1868 689 1925 Salvator
735 1870 807 1924 ita
856 1871 989 1924 dicit
1019 1888 1034 1925 :
1074 1869 1207 1925 Cum
1230 1882 1405 1924 autem
1436 1870 1666 1940 feceritis
1692 1870 1866 1925 omnia
1896 1887 2014 1940 qua:

429 1963 655 2033 pra’cepi
689 1963 831 2016 vobis
867 1961 1003 2035 (80),
1032 1963 1190 2017 dicite
1231 1963 1360 2026 quia
1389 1964 1526 2017 servi
1554 1963 1765 2017 inutiles
1788 1978 2011 2028 sumus;

430 2055 576 2125 quod
620 2055 897 2109 debuimus
931 2053 1126 2120 facere,
1161 2054 1382 2123 fecimus
1409 2054 1474 2110 ”.
1509 2054 1581 2108 Ea
1615 2069 1742 2108 vero
1771 2068 1890 2129 qua:
1922 2068 2015 2108 su-

430 2162 527 2216 pra
582 2146 821 2201 debitum
870 2146 1125 2210 facimus,
1166 2161 1273 2201 non
1328 2145 1555 2202 facimus
1586 2161 1653 2201 ex
1704 2148 2011 2217 prazceptis.

430 2239 597 2296 Verbi
622 2256 807 2307 causa,
843 2239 1133 2309 virginitas
1168 2254 1276 2293 non
1311 2253 1378 2293 ex
1410 2239 1596 2294 debito
1626 2240 1893 2295 solvitur:
1926 2256 2015 2295 ne-

431 2347 539 2400 que
560 2332 708 2387 enim
741 2346 839 2400 per
873 2326 1203 2400 praeceptum
1235 2331 1536 2401 expetitur,
1560 2332 1653 2385 sed
1677 2347 1839 2402 supra
1862 2333 2009 2388 debi-

432 2433 546 2476 tum
569 2421 816 2477 offertur.
841 2423 976 2475 Attdi
1003 2423 1237 2491 denique
1261 2423 1485 2477 Paulum
1511 2424 1682 2495 680
1710 2424 2007 2480 dicentem:

432 2514 513 2567 De
535 2514 822 2583 virginibus
844 2523 1018 2567 autem
1046 2526 1363 2583 praceptum
1393 2512 1608 2569 Domini
1634 2532 1739 2570 non
1759 2515 1923 2569 habeo
1941 2517 2009 2571 ⁸⁸³.

432 2606 525 2660 Sic
560 2620 690 2677 ergo
730 2610 797 2659 de
822 2603 1162 2675 spiritalibus
1213 2613 1269 2658 et
1302 2590 2013 2673 perfectioribus/commu-

429 2699 647 2753 nionem
692 2695 830 2767 (90),
867 2696 1046 2751 dixit:
1090 2696 1155 2750 de
1196 2694 1547 2750 inferioribus
1580 2711 1709 2751 vero
1738 2705 1791 2751 et
1821 2713 2014 2752 carna-

428 2789 572 2848 libus
606 2789 848 2845 debitum
893 2787 1255 2843 ministerium
1317 2787 1644 2843 nominavit.
1686 2788 1797 2860 Ego
1830 2800 2009 2845 autem

429 2898 528 2953 per
545 2881 850 2950 huiusmodi
880 2880 1244 2935 ministerium
1270 2881 1433 2935 etiam
1465 2878 1592 2933 illud
1622 2881 2009 2936 advertendum

428 2986 560 3044 puto
598 2975 741 3044 quod
785 2983 870 3028 est
925 2973 975 3026 iu
1012 2971 1291 3026 Psalmis:
1332 2971 1435 3038 Qui
1475 2972 1603 3042 facit
1646 2974 1858 3043 angelos
1889 2990 2011 3029 suos

428 3068 668 3136 spiritus,
705 3076 753 3120 et
787 3066 1061 3119 ministros
1090 3081 1213 3118 suos
1239 3065 1513 3134 ﬂammam
1544 3066 1681 3136 ignis
1712 3066 1783 3133 δι,
1809 3079 1866 3123 ut
1898 3067 2010 3121 sci-

2120 568 2241 633 Dei,
2282 582 2421 637 opus
2457 583 2614 623 suum
2648 565 2932 636 signaculo
2974 565 3179 621 divina:
3224 566 3493 636 imaginis
3526 561 3725 632 signat;

2118 658 2251 715 Cum
2281 675 2425 731 ergo,
2482 660 2680 729 inquit,
2712 660 2809 712 hoc
2844 674 3294 726 consummavero,
3348 671 3483 713 tunc
3510 675 3604 729 per
3632 672 3703 711 vss

2118 753 2189 806 ad
2243 750 2558 822 Hispaniam
2604 749 2933 819 proficiscar.
2980 748 3263 805 Promittit
3315 766 3457 807 sane
3508 750 3703 822 grande

2117 857 2315 898 munus
2355 842 2633 904 Romanis,
2665 851 2722 895 et
2749 841 2880 896 dicit
2911 859 2925 896 :
2971 839 3093 896 Scio
3143 844 3284 897 enim
3337 845 3603 912 quoniam
3631 861 3698 898 ee-

2116 940 2265 994 niens
2299 940 2369 993 ad
2419 955 2530 1001 vos,
2582 939 2638 992 in
2695 937 3025 991 abundantia
3070 939 3463 994 benedictionis
3520 939 3699 993 Christi

2116 1034 2361 1086 veniam:
2391 1032 2534 1101 quod
2583 1047 2690 1087 non
2737 1030 2843 1086 nisi
2897 1047 2994 1102 per
3050 1030 3323 1101 Spiritum
3363 1043 3622 1087 sanctum
3651 1047 3695 1088 et

2116 1120 2418 1193 prophetia:
2441 1122 2669 1191 gratiam
2696 1122 3006 1191 pollicetur.
3034 1124 3211 1193 Supra
3243 1123 3535 1178 hominem
3561 1140 3699 1179 uan-

2117 1230 2225 1281 que
2274 1224 2358 1270 est
2408 1215 2525 1270 hac
2576 1216 2722 1270 scire
2756 1215 2825 1271 d'e
2856 1215 3077 1281 futuris,
3106 1217 3249 1286 quod
3280 1233 3393 1271 non
3445 1217 3627 1272 solum
3650 1218 3695 1272 in

2115 1308 2495 1363 benedictione
2529 1307 2756 1373 Christi,
2790 1322 2982 1363 verum
3017 1307 3183 1363 etiam
3229 1318 3283 1363 et
3318 1310 3374 1363 in
3414 1310 3696 1364 abundan-

2119 1400 2191 1453 tia
2252 1399 2650 1456 benedictionis
2702 1408 2965 1455 venturus
3011 1398 3083 1453 sit
3140 1399 3209 1455 ad
3242 1416 3361 1457 eos.
3414 1403 3480 1455 In
3520 1416 3632 1472 quo
3652 1410 3700 1456 et

2115 1492 2386 1547 venientis
2442 1492 2641 1563 gratia,
2682 1500 2739 1547 et
2794 1491 3208 1565 suscipientium
3248 1495 3465 1564 pariter
3512 1496 3697 1549 merita

2118 1585 2495 1653 designantur.

2188 1677 2275 1733 15.
2337 1675 2599 1747 Deprecor
2650 1678 2814 1746 igitur
2853 1695 2962 1745 vos,
3005 1678 3221 1749 fratres,
3272 1694 3370 1748 per
3420 1678 3698 1733 Dominum

2116 1781 2350 1824 nostrum
2371 1770 2555 1825 Jesum
2597 1769 2889 1837 Christum,
2922 1782 2973 1827 et
2998 1789 3092 1840 per
3113 1773 3439 1826 charitatem
3472 1772 3698 1842 Spiritu

2118 1862 2261 1934 (95),
2292 1871 2350 1917 ut
2382 1863 2642 1927 adiuvetis
2672 1879 2753 1918 me
2789 1864 2847 1917 in
2902 1864 3233 1918 orationibus
3280 1866 3353 1917 ad
3408 1863 3612 1925 Deum.
3647 1872 3697 1917 ut

2116 1955 2307 2009 liberer
2352 1954 2416 2007 ab
2449 1954 2744 2019 incredulis
2773 1955 2867 2025 qui
2890 1965 3013 2009 sunt
3052 1956 3107 2008 in
3136 1954 3354 2018 Judtea,
3383 1968 3433 2009 et
3468 1956 3698 2008 ministe-

2116 2048 2252 2100 rium
2286 2047 2383 2101 Itoc
2413 2063 2582 2101 meum
2613 2056 2884 2115 acceptum
2906 2046 3002 2114 ﬁat
3030 2047 3225 2099 sanctis
3257 2046 3314 2099 in
3341 2038 3695 2115 Jerosotgm,

2116 2148 2172 2190 ut
2207 2139 2415 2211 veniens
2441 2138 2509 2191 ad
2539 2154 2629 2192 vos
2668 2139 2724 2190 in
2761 2138 2958 2207 gaudio
2997 2155 3116 2193 cum
3152 2136 3427 2192 voluntate
3460 2136 3602 2203 Dei,
3624 2153 3697 2191 re-

2113 2232 2381 2299 quiescam
2409 2230 2675 2285 vobiscum
2699 2229 2766 2283 ".
2791 2228 2943 2285 Licet
2976 2229 3026 2283 in
3061 2228 3442 2299 superioribus
3475 2226 3695 2293 dixerit,

2116 2323 2240 2379 Scio
2296 2324 2434 2377 enim
2486 2323 2738 2393 quoniam
2788 2322 2997 2376 veniens
3035 2321 3105 2375 ad
3136 2337 3247 2381 uos.
3282 2322 3338 2374 in
3373 2320 3697 2375 abundas-Iis

2116 2416 2497 2470 benedictionis
2544 2413 2745 2470 Christi
2790 2416 2995 2469 veniam
3025 2415 3093 2480 ⁸⁵,
3130 2416 3494 2470 nihilominus
3527 2425 3695 2470 tamen

2115 2508 2327 2564 sciebat
2357 2510 2519 2563 etiam
2546 2507 2600 2563 in
2632 2508 2717 2565 his
2748 2526 2873 2580 qua:
2897 2509 3182 2565 manifeste
3208 2510 3391 2564 futura
3425 2524 3697 2581 cognove-

2116 2612 2222 2665 rat,
2264 2603 2573 2659 orationem
2622 2617 2742 2660 esse
2786 2606 3154 2660 necessariam
3193 2624 3206 2659 :
3242 2619 3366 2673 qua:
3413 2604 3607 2672 utique
3632 2602 3695 2667 si,

2112 2695 2264 2750 verbi
2311 2710 2501 2764 causa,
2533 2711 2641 2751 non
2694 2695 2886 2751 fuisset
2932 2698 3196 2762 adhibita,
3231 2705 3566 2766 sequeretur
3589 2696 3699 2751 sine

2115 2786 2279 2842 dubio
2315 2802 2422 2843 non
2475 2787 2690 2858 impleri
2736 2788 2878 2858 quod
2910 2788 3090 2843 fuerat
3127 2790 3543 2859 prophetatum.
3574 2788 3698 2856 Quis

2113 2894 2245 2949 ergo
2277 2891 2366 2935 est
2394 2880 2486 2950 qui
2537 2880 2653 2936 haec
2712 2878 2921 2950 legens,
2959 2882 3101 2951 quod
3134 2881 3337 2937 Paulus
3377 2884 3696 2951 deprecetur

2112 2984 2209 3025 eos
2245 2970 2338 3040 qui
2369 2969 2558 3027 Romae
2583 2979 2711 3028 sunt
2731 2971 2931 3026 fratres
2960 2989 3120 3030 orare
3145 2990 3244 3044 pro
3275 2991 3358 3052 se,
3384 2986 3697 3030 contemnat

2112 3066 2197 3119 vel
2232 3066 2497 3135 despiciat
2530 3066 2811 3124 orationes
2852 3066 3113 3124 Ecclesia:
3144 3070 3447 3140 postulare,
3479 3070 3692 3124 etiamsi

427 3160 557 3217 licet
582 3160 804 3231 angelos
836 3160 1037 3223 bonos,
1067 3159 1290 3229 spiritus
1341 3158 1692 3229 appellaverit
1748 3169 2005 3229 tanquam
2036 3169 2083 3231 ο
2115 3158 2405 3215 inferiores
2433 3162 2643 3215 meritis
2672 3175 2794 3218 esse
2824 3161 3112 3216 videantur
3141 3162 3197 3216 bi
3235 3177 3265 3214 a
3297 3162 3507 3231 quibus
3529 3163 3693 3216 oratio

426 3253 724 3324 spiritales,
756 3267 850 3308 eos
887 3267 1018 3307 vero
1066 3252 1157 3321 qui
1191 3261 1431 3321 praesunt
1476 3252 1793 3307 ministeriis
1819 3268 2008 3321 poma-

426 3356 570 3409 rum,
619 3350 675 3397 et
725 3339 971 3395 ﬂammas
1021 3340 1406 3409 peccatoribus
1460 3350 1690 3409 parant,
1728 3342 2007 3397 ministros

423 3431 656 3490 ﬂamma:
713 3432 953 3486 ardentis
1008 3432 1369 3487 nominaverit
1406 3430 1537 3501 (9|).
1588 3431 1712 3487 llzec
1757 3433 2008 3502 quamvis

423 3541 523 3596 per
552 3539 837 3579 excessum
863 3524 1148 3595 quemdam
1173 3525 1314 3580 dicta
1341 3541 1461 3581 esse
1485 3525 1793 3590 videantur,
1823 3534 2004 3581 tamen

423 3620 552 3689 quia
579 3618 734 3673 locus
758 3618 1061 3681 admonuit,
1078 3632 1182 3672 non
1210 3617 1515 3673 omisimus.
1543 3618 1669 3674 Post
1692 3620 1809 3674 haec
1834 3620 2003 3674 dicit:

426 3710 546 3766 Hoc
575 3728 697 3781 ergo
723 3728 842 3764 cum
873 3727 1301 3766 consummavero
1327 3720 1373 3766 et
1401 3714 1734 3782 assignavero
1764 3714 1839 3767 eis
1890 3713 2009 3782 fru-z

424 3816 567 3859 ctum
605 3806 765 3869 hunc,
795 3805 1106 3874 proﬁciscar
1131 3821 1225 3874 per
1249 3805 1349 3859 'vos
1402 3804 1457 3857 in
1502 3803 1845 3874 Hispaniam.
1884 3804 2006 3859 Scio

421 3898 560 3953 cnim
584 3898 832 3967 quoniam
856 3898 1069 3951 veniens
1095 3898 1165 3949 ad
1200 3914 1311 3962 vos,
1345 3897 1400 3950 in
1430 3896 1757 3951 abundantia
1798 3897 2007 3951 benedi-

425 3990 615 4043 ctionis
641 3988 834 4044 Christi
861 3990 1082 4043 veniam.
1120 3987 1250 4043 Vide
1272 4004 1395 4043 cum
1429 3986 1541 4060 (92)
1570 3999 1769 4058 quanta
1793 3988 2005 4044 cautela

354 4106 357 4109 ί
424 4084 872 4154 consignaturum
915 4097 974 4138 se
1002 4080 1239 4137 fructum
1272 4080 1615 4137 offerentium
1653 4082 2002 4151 repromittit.

424 4176 543 4245 Quo
574 4188 735 4247 putas
770 4174 1048 4246 signaculo
1098 4175 1331 4231 fructum
1372 4176 1547 4231 sancti
1593 4176 1774 4245 operis
1822 4176 2006 4230 consi-

427 4277 550 4339 gnat
570 4268 895 4339 Apostolus?
918 4268 1014 4323 lllo
1045 4278 1174 4334 puto
1198 4283 1309 4337 quo
1333 4267 1514 4337 imago
1536 4266 1628 4322 Dei
1656 4267 2001 4336 exprimitur,

425 4362 529 4415 hoc
551 4368 656 4426 est,
696 4368 757 4413 ut
788 4360 840 4413 in
871 4359 1192 4430 complendo
1218 4373 1381 4428 opere
1415 4359 1557 4413 nulla
1600 4360 1670 4412 sit
1699 4358 1891 4414 aliena:
1913 4373 2006 4414 co-

423 4450 702 4520 gitationis
734 4451 1007 4516 admistio,
1043 4465 1151 4504 non
1185 4448 1303 4504 laus
1331 4450 1400 4503 ab
1445 4450 1759 4504 hominibus
1791 4464 2005 4517 quaera—

2110 3251 2456 3322 postulatur?
2503 3253 2645 3309 Ecce
2680 3254 2823 3309 enim
2859 3252 3059 3308 Paulus
3092 3252 3412 3322 apostolicis
3442 3255 3693 3325 praeditus

2111 3344 2325 3398 meritis
2382 3360 2487 3399 non
2525 3345 2700 3401 solum
2732 3343 3014 3400 Romanos
3057 3360 3220 3399 orare
3261 3361 3362 3415 pro
3404 3362 3483 3410 se,
3529 3328 3693 3403 sedet

2112 3434 2425 3490 Corinthios
2452 3436 2791 3492 adhortatur.
2828 3435 2963 3493 Vide
2991 3446 3172 3491 autem
3216 3445 3273 3492 et
3296 3453 3466 3508 quam
3512 3439 3693 3493 validis

2110 3542 2206 3583 eos
2235 3529 2487 3597 astringit
2533 3528 2907 3600 religiosisque
2953 3530 3338 3585 sacramentis.
3374 3528 3486 3584 Per
3520 3531 3691 3585 Doni-

2111 3637 2258 3685 num,
2284 3622 2480 3691 inquit,
2513 3633 2750 3677 nostrum
2777 3622 2961 3677 Iesum
2995 3621 3289 3690 Christum,
3311 3637 3361 3679 et
3392 3642 3488 3694 per
3518 3627 3693 3679 chari-

2109 3722 2268 3766 tatem
2303 3713 2537 3781 Spiritus
2576 3715 2828 3783 deprecor
2854 3732 2942 3770 vos
2979 3726 3038 3769 ut
3076 3718 3341 3787 adjuvetis
3375 3734 3461 3771 me
3494 3718 3551 3771 in
3580 3734 3688 3771 ora-

2108 3805 2338 3857 tionibus
2390 3804 2460 3858 ad
2518 3804 2686 3858 Deum
2736 3804 2869 3876 (94).
2926 3804 3080 3873 Quod
3149 3807 3323 3861 nostri
3375 3817 3687 3876 posuerunt,

2109 3896 2370 3967 adjuvetis
2410 3913 2492 3951 me
2544 3898 2599 3952 in
2640 3899 2989 3965 orationibus,
3028 3898 3475 3968 magnificentius
3503 3899 3690 3969 legitur

2111 3989 2251 4058 apud
2290 3986 2527 4055 Grzecos,
2556 3991 3030 4060 συναγωνίσασθαι
3066 3990 3216 4063 (95):
3254 3991 3310 4045 in
3340 4007 3453 4061 quo
3489 3992 3589 4046 hoc
3615 4001 3692 4046 est

2109 4079 2252 4148 quod
2289 4079 2580 4146 iudicatur,
2615 4091 2670 4134 ut
2699 4082 2956 4150 adjuvetis
3000 4097 3081 4135 me
3107 4081 3162 4136 in
3192 4097 3366 4152 agone
3388 4094 3688 4136 orattom

2108 4172 2181 4225 ad
2214 4170 2403 4237 Deum,
2430 4173 2725 4229 ostendens
2772 4175 2927 4243 quasi
2962 4189 3189 4244 agonem
3237 4174 3443 4228 habeat
3489 4174 3609 4245 ipse
3636 4184 3688 4229 et

2109 4268 2384 4320 certamen
2427 4266 2714 4333 orationis,
2754 4268 3172 4321 adversantibus
3223 4267 3329 4322 sibi
3370 4270 3489 4322 sine
3525 4268 3684 4323 dubio

2109 4360 2214 4415 illis
2245 4360 2311 4415 de
2349 4359 2545 4430 quibus
2588 4361 2806 4417 dicebat
2837 4380 2851 4416 :
2902 4359 3028 4417 Non
3060 4364 3199 4417 enim
3242 4364 3395 4418 nobis
3429 4375 3683 4419 certamen

2106 4461 2182 4504 est
2214 4449 2466 4505 adversus
2484 4465 2696 4504 carnem
2712 4460 2760 4504 et
2782 4449 3116 4519 sanguinem,
3140 4452 3232 4505 sed
3256 4453 3520 4507 advenas
3541 4457 3683 4521 priu-

426 4555 532 4612 tur,
552 4543 648 4598 sed
676 4551 736 4598 ut
768 4543 820 4597 in
854 4542 1204 4612 simplicitate
1228 4543 1410 4597 cordis
1440 4542 1530 4612 qui
1560 4541 1747 4596 tribuit
1775 4541 1998 4604 tribuat,
2033 4522 2078 4576 D
2107 4543 2310 4610 cipatus
2334 4552 2383 4596 et
2416 4550 2716 4607 potestates,
2743 4528 2996 4599 adversus
3026 4544 3214 4597 mundi
3252 4544 3420 4614 hujus
3467 4555 3684 4599 rectores

424 4648 480 4691 et
527 4651 634 4691 non
683 4651 750 4690 ea:
801 4634 1069 4688 tristitia:
1110 4635 1334 4688 hilarem
1374 4635 1510 4689 enim
1557 4633 1799 4686 datorem
1827 4632 1999 4702 diligit

492 4732 537 4765 ιι
598 4729 733 4785 Luc.
792 4744 931 4793 xvtt,
982 4726 1074 4784 10.
1150 4726 1238 4781 “l
1267 4725 1395 4781 Cor.
1424 4740 1520 4791 vn,
1559 4724 1652 4780 25.
1728 4725 1771 4757 “
1800 4723 1944 4779 l‘sal.
1975 4739 2097 4791 cm,
2130 4726 2196 4794 ις
2229 4726 2393 4783 Hebr.
2436 4742 2479 4795 ι,
2521 4728 2575 4783 7.

419 4802 469 4838 “
500 4801 658 4856 Rom.
694 4816 783 4864 xv,
817 4798 907 4853 29.

497 4894 608 4967 (87)
656 4894 755 4949 Ms.
810 4891 1013 4964 Regius
1043 4908 1196 4947 num.
1235 4891 1393 4959 1659,
1426 4908 1547 4962 erga
1572 4900 1852 4960 utrumque
1878 4906 2006 4945 usus

419 4978 513 5031 est,
546 4979 651 5022 etc.

498 5036 613 5108 (88)
645 5036 811 5102 Editi,
837 5046 1044 5089 terrena
1073 5048 1191 5108 vero
1226 5043 1275 5087 et
1308 5030 1644 5099 temporalia,
1671 5031 1778 5084 sive
1821 5046 2008 5083 carna-

424 5104 522 5160 liu.
560 5104 667 5163 Sed
702 5122 896 5162 omnes
923 5118 1055 5159 mss.
1090 5114 1148 5157 ut
1178 5104 1228 5157 in
1253 5114 1442 5158 nostro
1475 5111 1647 5156 textu.

519 5176 609 5246 89)
647 5179 773 5237 Mss.
808 5176 1013 5246 plures,
1045 5189 1167 5246 qua:
1191 5174 1439 5246 ρτςιιεὸρὶο
1463 5173 1625 5246 vobis.

519 5176 587 5231 89
647 5179 773 5237 Mss.
808 5176 1013 5246 plures,
1045 5189 1163 5244 qua:
1191 5176 1439 5241 pra’cipio
1463 5176 1625 5227 vobis.

516 5176 609 5318 90)
638 5248 800 5302 Editi.
825 5261 1117 5318 commune.
1143 5244 1309 5318 Paulo
1342 5253 1462 5318 post
1486 5258 1595 5318 ms.
1617 5240 1821 5312 Regius
1850 5259 2001 5300 num.

426 5315 596 5379 1639,
630 5318 771 5385 Ergo
798 5332 890 5382 per
912 5315 1215 5385 hujusmodi
1239 5315 1610 5385 ministerium,
1643 5322 1752 5368 etc.

493 5388 606 5456 (9i)
642 5384 804 5449 Editi,
841 5384 1147 5456 nominavit,
1180 5384 1337 5439 male.

495 5454 607 5529 (92)
635 5456 727 5512 Sic
753 5456 1029 5529 Rabanus.
1054 5454 1332 5529 Mss.__ver_o
1362 5463 1416 5529 et
1438 5455 1567 5510 editi
1589 5454 1842 5508 omittunt
1860 5471 1997 5529 cum.

424 5526 595 5583 l‘aulo
628 5537 750 5596 post
778 5528 1060 5591 Rabauus,
1097 5526 1242 5579 nulla
1266 5526 1333 5579 sit
1362 5527 1549 5580 aliena:
1583 5528 1999 5581 conversationis

421 5600 689 5656 admistio.

494 5668 609 5742 (95)
647 5669 737 5723 Sic
764 5681 919 5742 _nlSS.
962 5666 1134 5721 nostri
1185 5675 1389 5742 textum
1430 5665 1675 5734 Apostoli
1712 5667 1992 5723 exhibent.

426 5739 730 5800 Editi’vero
763 5740 909 5793 hunc
958 5739 1329 5806 tantummodo
1375 5747 1779 5806 prosequuntur
1820 5752 1994 5805 usque

421 5815 509 5877 ad,
534 5821 582 5866 et
618 5827 711 5871 per
733 5807 1048 5866 charitatem
1075 5805 1326 5876 Spiritus,
1358 5817 1411 5863 et
1437 5805 1566 5877 ipsis
1595 5807 1837 5876 Vulgata:
1868 5822 1991 5863 ver-

2109 4636 2443 4689 tenebrarum
2464 4680 2485 4705 ,
2511 4636 2763 4692 adversus
2792 4637 3062 4705 spiritalia
3096 4638 3348 4707 nequitia:
3388 4639 3445 4693 in
3473 4639 3683 4693 caelesti-

2669 4729 2714 4763 "
2748 4728 2789 4784 ll
2812 4729 2941 4786 Cor.
2976 4732 3119 4797 ts,‘7.
3176 4728 3576 4798 "Rom.sv,30
3598 4743 3676 4798 sq.

2108 4890 2196 4946 bis
2228 4901 2473 4950 utuntur.
2502 4891 2958 4960 quemadmodum
2984 4900 3040 4945 et
3061 4889 3339 4945 Rabanus.

2185 4962 2296 5033 (9t!)
2333 4963 2495 5030 Editi,
2530 4960 2634 5016 Per
2667 4960 2949 5033 Dominum
2981 4971 3240 5033 nostrum.
3269 4971 3329 5033 et,
3346 4977 3442 5033 per
3469 4962 3685 5033 citari“.

2110 5042 2210 5086 tem
2239 5031 2491 5102 Spiritus,
2524 5043 2577 5086 ut
2612 5032 2871 5102 adjuvetis
2897 5047 2981 5085 me
3007 5032 3065 5086 in
3099 5031 3432 5086 orationibus
3472 5034 3538 5085 ad
3585 5032 3684 5084 Do-

2109 5101 2333 5158 minum.
2374 5101 2479 5158 Sed
2509 5117 2640 5158 mss.
2670 5110 2725 5157 et
2749 5101 3007 5156 Rabanus
3028 5111 3085 5155 ut
3118 5102 3171 5155 in
3192 5109 3375 5165 textu;
3409 5103 3511 5156 nisi
3537 5102 3678 5171 quod

2110 5176 2331 5240 quidam
2358 5174 2633 5239 amittant,
2668 5173 2857 5239 inquit,
2887 5182 2941 5226 et
2969 5173 3213 5242 plerique
3235 5171 3493 5227 amittant
3515 5173 3678 5242 etiam

2109 5249 2493 5371 deprecqgfgs,
2525 5258 2646 5313 qua:
2683 5245 2847 5298 verba
2883 5244 3249 5298 restituuntur
3282 5255 3350 5295 ex
3383 5260 3488 5298 ms.
3511 5241 3681 5313 Regi)

2109 5330 2260 5368 num.
2370 5335 2401 5369 ο
2444 5355 2460 5371 .

2109 5330 2260 5368 num.
2300 5317 2460 5371 1659.

2178 5384 2290 5456 (95)
2325 5387 2452 5440 Mss.
2487 5384 2683 5452 nostri,
2710 5383 2970 5456 Rabanus
2990 5393 3044 5439 et
3065 5385 3454 5441 Genebrardus
3481 5385 3674 5456 habent

2109 5453 2483 5512 tantumnme
2544 5453 3037 5524 συναγωνίσασθαι,
3075 5456 3200 5509 licet
3255 5466 3521 5523 corrupte.
3573 5453 3675 5509 Sed

2105 5526 2269 5580 editio
2314 5526 2518 5581 Veneta
2559 5526 2835 5581 Salodiani
2869 5536 2924 5581 et
2982 5526 3262 5592 Merlinus,
3298 5529 3416 5594 ejus
3450 5542 3673 5594 sequax,

2106 5596 2499 5671 omissohocee
2520 5598 2705 5671 verbo,
2729 5596 2950 5664 habent,
2969 5598 3038 5671 ιτὲνΔ
3053 5600 3172 5671 ταῖς
3190 5599 3515 5671 προσευχαῖς
3540 5596 3676 5664 ὑπὲρ

2112 5667 2510 5743 euo§._lleiude
2533 5668 2665 5724 editi
2699 5676 2755 5724 et
2786 5683 2917 5725 mss.
2948 5668 3169 5743 quidam
3236 5667 3449 5740 quando
3478 5672 3570 5720 lmc
3605 5676 3675 5720 est

2101 5740 2239 5805 quod
2274 5739 2561 5795 indicatur.
