3796 6544
67 434 177 491 1277

997 437 1358 495 COMMENT.
1390 438 1458 494 IN
1493 440 1716 500 EPIST.
1752 441 1844 495 AD
1881 441 2052 500 ROM.
2096 441 2225 498 LIB.
2266 443 2333 500 X.

3150 450 3294 502 1278

67 560 140 611 ἐκ
162 557 222 613 ⁸⁸.
246 556 313 612 Ει
340 567 552 613 certum
586 564 671 614 est
700 556 844 627 quod
894 558 988 613 isti
1025 574 1216 615 omnes
1245 562 1390 615 sicut
1414 562 1607 617 adver—
1635 569 1681 625 Α
1710 572 1769 617 ιιι
1790 561 1936 618 Deus
1971 564 2125 633 pacis
2150 564 2226 617 sit
2256 578 2378 617 cum
2414 561 2518 627 eis,
2558 561 2613 615 id
2651 569 2756 625 est,
2793 569 2850 615 ut
2886 578 2992 630 paa:
3020 561 3138 625 Dei.
3172 579 3291 634 qua:

66 658 224 704 santnr
251 648 377 705 fidei
404 659 461 704 et
486 650 748 705 resistunt
771 651 987 720 pietati,
1020 651 1162 706 sicut
1193 653 1457 707 contrarii
1482 664 1608 708 sunt

60 738 274 807 jnstitiae,
304 747 362 794 et
380 740 625 805 veritati,
649 750 704 795 et
722 741 975 797 omnibus
993 743 1175 806 bonis,
1204 743 1277 799 ita
1296 743 1417 798 sine
1445 740 1608 799 dubio

68 827 299 900 resistunt
329 839 390 884 et
436 831 794 887 adversantur
826 833 1083 887 orationi.
1113 830 1182 886 Et
1214 832 1339 889 ideo
1371 836 1611 890 ostendit

66 919 234 975 Paulus
264 935 389 976 esse
424 938 533 976 non
574 923 856 977 minimum
909 925 1074 979 etiam
1104 923 1218 995 (96)
1256 925 1312 980 in
1360 926 1610 982 oratione

64 1023 336 1080 certamen,
373 1016 421 1071 si
453 1016 672 1084 quidem
708 1017 761 1070 in
801 1017 905 1072 hoc
936 1019 1242 1073 certamine
1268 1019 1433 1074 etiam
1456 1019 1612 1073 auxi-

64 1108 169 1161 lium
191 1123 379 1163 eorum
402 1110 496 1178 qui
521 1108 703 1164 Romae
720 1120 846 1165 sunt
864 1112 1159 1168 crediderit
1185 1113 1610 1183 implorandum.

63 1197 317 1253 Obsistunt
346 1200 493 1254 enim
523 1215 651 1257 vere
682 1203 955 1259 daemones
998 1212 1054 1259 et
1085 1206 1378 1262 contrariae
1423 1217 1610 1277 potes-

63 1298 178 1343 tates
201 1290 252 1343 in
279 1291 536 1347 oratione
563 1293 738 1362 primo
768 1309 865 1364 per
894 1295 1046 1357 illud.
1072 1311 1139 1350 ne
1160 1296 1613 1356 talis‘inveniatur

62 1380 98 1435 is
121 1381 203 1451 qui
253 1381 309 1436 in
348 1385 617 1440 orationis
660 1400 833 1455 agone
872 1386 1141 1454 desudat,
1181 1401 1240 1443 ut
1275 1390 1417 1445 levet
1453 1408 1613 1459 puras

59 1488 218 1525 manus
241 1472 355 1527 sine
382 1474 469 1527 ira
495 1473 566 1528 “.
598 1476 754 1542 Quod
788 1477 893 1532 etsi
928 1479 1030 1534 hoc
1062 1479 1186 1547 quis
1235 1481 1485 1538 obtinere
1517 1499 1614 1552 po-

61 1562 198 1615 tuerit
226 1561 341 1633 (97)
385 1572 447 1617 ut
476 1563 597 1619 sine
632 1564 716 1619 ira
771 1567 862 1631 sit,
888 1567 978 1622 vix
1009 1576 1095 1623 est
1134 1578 1193 1623 ut
1230 1569 1453 1642 eﬂ'ugiat
1493 1588 1615 1628 esse

58 1653 155 1708 sine
200 1654 620 1722 disceptatione,
653 1657 758 1711 hoc
806 1665 892 1713 εει
946 1659 1065 1714 sine
1114 1661 1403 1729 superﬂuis
1431 1676 1487 1719 et
1525 1681 1617 1719 va-

59 1746 128 1799 nis
169 1747 615 1815 cogitationibus.
673 1748 776 1803 Vix
831 1750 976 1805 enim
1041 1753 1287 1809 invenies
1331 1765 1390 1809 ut
1438 1758 1613 1812 oranti

58 1836 277 1906 cuiquam
306 1852 418 1893 non
449 1838 653 1911 aliquid
696 1841 875 1896 inanis
926 1852 984 1899 et
1019 1844 1212 1902 aliena:
1260 1848 1612 1918 cogitationis

1710 662 1990 721 exsuperat
2021 670 2224 708 omnem
2258 664 2501 718 mentem,
2533 652 2796 706 custodiat
2826 655 2987 707 corda
3013 669 3196 710 eorum
3232 657 3290 712 in

1708 745 1913 799 Christo
1934 744 2062 799 Jesu
2091 746 2168 817 (Δ)
2198 746 2288 816 qui
2328 761 2433 814 pax
2467 755 2550 799 est
2581 752 2763 798 nostra
2799 743 2866 799 ⁸⁸.

1783 835 1870 888 17.
1912 833 2228 889 Commendo
2255 846 2429 889 autem
2477 835 2621 889 vobis
2658 833 2881 888 Phwben
2940 852 3174 889 sororem
3197 853 3294 891 no-

1709 937 1894 993 stram,
1910 943 2028 996 qua:
2047 936 2124 981 est
2147 928 2205 981 in
2235 928 2528 982 ministerio
2560 927 2813 982 Ecclesia:
2839 944 2957 998 quae
2974 938 3049 982 est
3070 928 3127 981 in
3154 927 3293 983 Cen-

1709 1008 1870 1085 chris,
1889 1018 1935 1049 “
1954 1025 2010 1070 ut
2035 1034 2149 1070 eam
2171 1018 2469 1084 suscipiatis
2498 1020 2554 1072 in
2596 1017 2824 1071 Domino
2858 1018 3015 1087 digne
3040 1019 3193 1081 satis,
3242 1028 3293 1072 et

1709 1112 1968 1166 assistatis
1997 1112 2042 1166 ei
2067 1112 2123 1165 in
2157 1112 2549 1181 quibuscunque
2595 1113 2885 1181 indiguerit
2922 1111 3103 1165 vestri.
3150 1108 3295 1164 Nam
3372 1102 3377 1109 ’

1710 1203 1828 1271 ipsa
1859 1218 2062 1273 quoque
2107 1202 2278 1256 astitit
2311 1202 2495 1255 multis
2538 1213 2586 1255 et
2637 1203 2767 1256 mihi
2814 1204 2915 1272 ipsi
2946 1201 3045 1273 (5).
3080 1201 3146 1255 Et
3206 1200 3296 1256 hic

1713 1294 1866 1349 locus
1900 1293 2201 1362 apostolica
2231 1292 2552 1347 auctoritate
2583 1295 2743 1347 docet
2778 1293 2943 1347 etiam
2979 1291 3211 1346 feminas
3239 1292 3295 1347 in

1720 1386 2026 1440 ministerio
2058 1385 2316 1440 Ecclesia:
2343 1385 2628 1440 constitui.
2683 1384 2741 1439 lu
2775 1401 2884 1456 quo
2928 1384 3104 1440 otIicio
3143 1385 3294 1456 posi~

1715 1484 1824 1531 tam
1836 1475 2074 1531 thben
2089 1476 2228 1547 apud
2242 1476 2539 1533 Ecclesium
2562 1492 2683 1547 quae
2698 1487 2776 1530 est
2795 1477 2847 1530 in
2866 1475 3150 1539 Cenchris,
3162 1475 3297 1529 Pau-

1715 1567 1799 1623 lus
1815 1582 1936 1623 cum
1960 1567 2118 1622 laude
2137 1583 2329 1638 magna
2349 1579 2406 1623 et
2424 1569 2895 1623 commendatione
2921 1567 3291 1637 prosequitur,

1714 1675 2045 1716 enumerans
2069 1661 2235 1714 etiam
2271 1670 2424 1731 gesta
2457 1660 2627 1730 ipsius
2657 1660 2941 1730 praeclara,
2973 1668 3029 1714 et
3055 1661 3242 1713 dicens
3273 1674 3290 1712 :

1716 1753 1855 1820 Quia
1892 1752 1945 1807 in
1979 1762 2186 1807 tantum
2212 1754 2463 1809 omnibus
2493 1754 2688 1818 astitit,
2716 1755 2820 1807 boc
2858 1762 2957 1813 est,
3009 1752 3061 1805 in
3098 1764 3294 1805 neces.

1717 1845 1971 1900 sitatibus
2003 1856 2199 1915 praesto
2229 1844 2350 1911 fuit,
2388 1855 2447 1899 ut
2471 1847 2634 1900 etiam
2668 1845 2795 1899 mihi
2842 1845 2943 1913 ipsi
2973 1845 3026 1898 in
3055 1844 3294 1898 necessi-

57 1939 297 1992 occurrat,
328 1939 387 1985 et
436 1930 795 1988 intentionem
826 1949 930 2002 qua
969 1935 1026 1989 in
1079 1935 1247 1992 Deum
1275 1953 1429 1995 mens
1468 1941 1605 1995 diri-
1642 1923 1687 1982 Β
1717 1938 1919 1991 tatibus
1949 1935 2085 1991 meis
2110 1937 2530 2007 apostolicisque
2556 1937 2836 1992 laboribus
2863 1945 2971 1991 tota
3004 1935 3296 1990 devotione

59 2021 207 2088 gitur,
256 2022 500 2078 declinet
549 2039 616 2081 ac
668 2025 925 2097 frangat,
982 2040 1148 2100 atque
1223 2046 1343 2086 eam
1398 2047 1494 2101 per
1545 2050 1607 2089 ea

59 2127 155 2179 qua:
197 2127 302 2167 non
350 2117 609 2187 competit
644 2119 822 2187 rapiat
870 2119 1002 2192 (98).
1049 2123 1117 2177 Et
1160 2123 1281 2179 ideo
1319 2139 1458 2194 agon
1497 2141 1607 2179 ma.

60 2205 338 2276 ςιιιιεθθι
365 2216 453 2263 εει
474 2208 758 2273 orationis,
777 2219 834 2263 ut
854 2212 1245 2269 obsistentibus
1265 2215 1522 2281 inimicis,
1555 2226 1609 2272 et

59 2296 285 2352 orationis
315 2313 541 2353 sensum
576 2304 627 2354 in
673 2302 894 2356 diversa
968 2305 1328 2375 rapientibus,
1377 2307 1483 2363 lixa
1540 2311 1608 2365 ad

60 2384 193 2439 Deum
231 2405 455 2460 semper
495 2408 649 2447 mens
703 2395 885 2450 stabili
942 2397 1245 2452 intentione
1293 2405 1607 2469 contendat,

60 2486 103 2527 ιιι
130 2480 314 2533 merito
351 2482 530 2549 possit
552 2482 718 2537 etiam
759 2485 872 2553 ipse
917 2488 1101 2542 dicere
1146 2487 1256 2559 (99)
1286 2505 1302 2543 :
1333 2489 1608 2547 Certamen

59 2569 216 2624 bonum
255 2574 476 2638 certavi,
525 2591 739 2629 cursum
778 2581 1138 2634 consummavi
1169 2580 1235 2635 ‘7.
1281 2581 1437 2638 Nunc
1481 2600 1610 2653 ergo

57 2669 152 2713 orat
176 2664 468 2729 Apostolus
491 2666 734 2736 adjuvari
766 2684 827 2723 se
868 2670 920 2723 in
966 2686 1140 2741 agone
1183 2674 1511 2741 orationum,
1553 2684 1609 2729 ut

58 2752 285 2811 liberetur
306 2759 379 2813 ab
413 2761 708 2817 incredulis
729 2763 820 2831 qui
851 2776 981 2818 sunt
1022 2767 1075 2819 in
1103 2764 1309 2833 Iudaea,
1343 2782 1370 2820 a
1411 2769 1609 2837 quibus

58 2862 140 2901 non
169 2859 271 2902 tam
297 2851 409 2919 pati
447 2851 624 2917 timet,
649 2868 823 2924 neque
852 2856 1096 2924 perferre
1125 2872 1188 2911 ea
1226 2874 1346 2927 qua:
1367 2860 1433 2912 ad
1474 2873 1609 2928 apo-

58 2941 250 2996 stolatus
279 2940 403 3009 ejus
428 2943 656 3012 gloriam
679 2947 973 3016 pertinent,
992 2964 1152 3018 quam
1176 2951 1423 3021 impediri
1452 2967 1610 3007 vere-

59 3041 125 3084 tnr
145 3049 205 3088 ne
233 3036 442 3089 diutius
469 3036 766 3092 obstaculis
795 3054 986 3093 eorum
1014 3051 1281 3107 retentus,
1309 3043 1390 3098 vel
1432 3045 1610 3099 minus

57 3135 236 3190 gratum
262 3127 530 3181 exhibeat
565 3130 768 3183 sanctis
824 3130 1216 3196 ministerium,
1253 3133 1393 3203 quod
1425 3147 1481 3189 et
1524 3135 1608 3206 ip-

56 3230 149 3269 sum
179 3219 527 3274 orationibus
559 3220 766 3291 indiget
798 3232 856 3277 ut
901 3224 1000 3278 fiat
1053 3236 1335 3293 acceptum
1361 3227 1439 3297 (l)
1474 3246 1488 3281 :
1527 3228 1608 3283 vel

1717 2030 1913 2085 mentis
1955 2031 2206 2084 astiterit.
2227 2029 2416 2085 Simile
2455 2040 2634 2085 autem
2660 2046 2795 2101 opus
2816 2029 2933 2099 ejus
2963 2031 3192 2085 dixerim
3212 2029 3292 2099 (6)

1715 2122 2072 2193 bospitalitati
2113 2121 2240 2187 Lot,
2270 2124 2362 2193 qui
2399 2124 2524 2177 dum
2557 2138 2773 2192 semper
2805 2122 3054 2191 hospites
3099 2135 3293 2177 susce-

1714 2213 1813 2283 pit,
1837 2213 2037 2268 meruit
2064 2213 2355 2283 aliquando
2370 2221 2425 2269 et
2442 2213 2659 2283 angelos
2678 2212 2913 2283 hospitio
2928 2212 3203 2280 suscipere
3220 2210 3289 2268 ⁸¹.

1717 2305 1981 2362 Similiter
2008 2319 2061 2363 et
2089 2307 2387 2370 Abraham,
2430 2311 2556 2361 dum
2588 2321 2804 2376 semper
2830 2306 3071 2359 occurrit
3099 2304 3291 2374 bospi-

1718 2401 1881 2462 tibus,
1909 2401 2108 2454 meruit
2144 2411 2203 2455 ut
2225 2411 2279 2455 et
2313 2400 2574 2455 Dominus
2619 2414 2741 2455 cum
2795 2399 3002 2465 angelis
3056 2397 3293 2451 diverte-

1718 2499 1800 2543 ret
1816 2491 1882 2544 ad
1911 2491 2316 2546 tabernaculum
2337 2490 2452 2559 ejus
2471 2492 2535 2543 ⁵³.
2562 2489 2638 2544 lla
2654 2499 2708 2545 et
2729 2491 2842 2545 haec
2863 2488 3112 2558 religiosa
3136 2488 3296 2542 Phre-

1717 2583 1783 2636 be
1810 2583 1936 2634 dum
1962 2591 2099 2636 astat
2131 2583 2389 2637 omnibus
2418 2590 2473 2636 et
2499 2583 2753 2637 omnibus
2781 2583 3123 2652 obsequitur,
3156 2580 3298 2634 assi-

1715 2681 1861 2727 stere
1904 2681 1962 2728 et
1999 2673 2223 2742 obsequi
2266 2674 2432 2727 etiam
2485 2673 2745 2743 Apostolo
2798 2673 3018 2728 meruit.
3063 2672 3127 2726 Et
3169 2671 3294 2727 ideo

1717 2765 1864 2819 locus
1893 2764 1981 2817 hic
2015 2765 2124 2817 duo
2156 2764 2359 2834 pariter
2398 2764 2575 2829 docet,
2602 2774 2656 2818 et
2687 2763 2898 2830 haberi,
2930 2774 2990 2819 ut
3027 2762 3293 2827 diximus.

1718 2855 1945 2911 feminas
2001 2856 2279 2911 ministras
2314 2856 2366 2909 in
2406 2855 2668 2920 Ecclesia,
2698 2865 2752 2909 et
2782 2858 2921 2928 tales
2953 2855 3151 2910 debere
3202 2869 3294 2909 as-

1716 2947 1855 3003 sumi
1890 2949 1943 3002 in
1973 2947 2362 3013 ministerium,
2392 2963 2514 3017 qua:
2560 2948 2835 3003 aStilerint
2876 2946 3081 3013 multis,
3112 2955 3168 3001 et
3197 2961 3293 3014 per

1718 3037 1855 3091 bona
1880 3035 2051 3091 ofﬁcia
2087 3052 2255 3106 usque
2278 3038 2346 3091 ad
2377 3038 2725 3106 apostolicam
2754 3037 2963 3091 laudem
2994 3037 3295 3091 meruerint

1719 3129 2019 3196 pervenire.
2052 3125 2318 3181 Hortatur
2349 3128 2514 3181 etiam
2550 3128 2702 3193 illud,
2744 3136 2802 3180 ut
2830 3127 2923 3196 qui
2956 3126 3112 3181 bonis
3156 3138 3291 3194 ope-

1720 3222 1868 3274 ribus
1902 3222 1952 3273 in
1986 3220 2246 3274 Ecclesiis
2275 3220 2406 3273 dant
2451 3235 2693 3282 operam,
2731 3220 2904 3274 vicem
2954 3218 3220 3289 recipiant
3257 3233 3289 3271 a

56 3322 106 3360 ne
132 3310 465 3366 desiderium
496 3312 615 3382 ejus
637 3313 783 3381 quod
822 3327 952 3384 erga
1002 3284 1281 3374 Romanos
1322 3284 1487 3373 habet
1531 3320 1611 3373 vi-
1637 3284 1679 3342 ο
1713 3311 1971 3365 fratribus
2001 3320 2058 3364 et
2104 3311 2392 3376 honorem,
2430 3321 2488 3365 ut
2529 3312 2583 3364 in
2620 3310 3041 3380 quibuscunque
3102 3323 3291 3362 neces-

56 3402 239 3468 sendos,
268 3404 484 3459 diutius
518 3404 824 3463 diﬁcratur.
860 3409 937 3471 Si.
957 3411 1157 3481 inquit,
1188 3412 1289 3467 hoc
1333 3413 1404 3467 ita
1436 3427 1612 3468 cesse-
1658 3459 1671 3471 .

57 3494 109 3545 rit
137 3506 265 3551 utet
290 3497 661 3552 ministerium
706 3513 884 3553 meum
931 3512 1215 3573 acceptum
1264 3503 1358 3558 fiat
1408 3505 1614 3560 sanctis

58 3585 95 3636 in
124 3584 457 3659 Jerosolyma
503 3587 604 3659 (2),
632 3599 689 3643 et
741 3590 1008 3646 liberatus
1061 3592 1129 3647 ab
1182 3592 1476 3646 incredulis
1521 3593 1612 3661 qui

55 3685 157 3729 sunt
203 3676 255 3729 in
286 3675 501 3741 Judaea,
535 3679 720 3732 venire
770 3680 834 3732 ad
884 3695 978 3735 vos
1024 3696 1129 3735 non
1182 3682 1463 3750 impediar,
1516 3697 1616 3751 pro

54 3763 169 3821 bene
189 3769 359 3836 gestis
390 3769 558 3824 rebus
610 3770 853 3840 gaudens
878 3771 1123 3841 profecto
1153 3774 1219 3826 ad
1250 3789 1347 3827 vos
1399 3774 1611 3828 veniam

53 3868 151 3909 cum
172 3858 463 3914 voluntate
505 3860 620 3924 Dei,
648 3871 703 3914 et
760 3863 1096 3931 requiescam
1132 3863 1437 3921 vobiscum.
1495 3863 1612 3919 Non

53 3953 370 4020 corporalem
402 3952 599 4021 utique
628 3956 867 4022 requiem
906 3957 1101 4025 quierit
1148 3955 1374 4025 Paulus,
1424 3962 1518 4013 sed
1548 3958 1613 4012 il-

54 4039 139 4095 lam
162 4058 280 4112 quae
316 4043 755 4100 consolationem
783 4046 948 4102 habet
991 4063 1058 4103 ex
1082 4048 1213 4112 Deo,
1252 4049 1393 4104 sicut
1415 4058 1470 4104 et
1496 4050 1611 4119 ipse

54 4134 94 4188 in
120 4139 306 4205 primis
356 4137 621 4208 Epistolas
680 4139 840 4207 hujus
894 4140 1141 4211 partibus
1176 4142 1315 4195 dixit
1338 4140 1385 4173 ⁸⁸
1420 4160 1435 4195 :
1472 4140 1606 4196 Con-

52 4227 190 4280 solari
211 4230 265 4282 in
297 4230 380 4299 ('5)
415 4228 558 4282 vobis
589 4244 683 4296 per
703 4245 817 4282 eam
839 4212 964 4300 quae.
985 4230 1207 4284 invicem
1223 4239 1301 4284 est
1331 4230 1488 4298 ﬁdem
1519 4247 1606 4285 ve-

50 4327 187 4373 stram
208 4330 367 4393 atque
392 4336 587 4375 meam.

105 4410 183 4466 16.
238 4411 388 4467 Deus
442 4422 620 4466 autem
677 4415 822 4483 pacis
872 4414 940 4468 sit
983 4430 1103 4468 cum
1150 4415 1389 4469 omnibus
1446 4414 1605 4471 vobis.

1711 3402 1916 3457 sarium
1948 3401 2113 3457 fuerit
2170 3401 2290 3456 sive
2350 3401 2665 3456 carnalibus
2722 3401 2933 3466 olliciis,
2990 3397 3291 3456 honoriﬁco

1712 3492 2038 3554 habeantur.

1784 3586 1873 3641 18.
1916 3585 2158 3640 Salutate
2186 3585 2431 3641 Priscam
2466 3594 2517 3640 et
2546 3585 2819 3656 Aquilam,
2849 3585 3120 3656 adjutores
3150 3602 3290 3642 meos

1713 3676 1768 3730 in
1800 3674 2011 3729 Christo
2035 3675 2169 3729 Iesu
2200 3676 2310 3745 (qui
2329 3692 2426 3745 pro
2448 3678 2628 3729 anima
2656 3692 2773 3730 mea
2798 3693 2923 3730 suas
2956 3677 3180 3731 cervices
3205 3693 3294 3746 po-

1713 3753 1977 3822 suerunt:
2006 3768 2195 3840 quibus
2223 3784 2328 3821 non
2367 3766 2542 3822 solum
2582 3784 2674 3837 ego
2720 3771 2923 3838 gratias
2955 3785 3076 3838 ago,
3103 3773 3194 3822 sed
3242 3779 3290 3822 et

1713 3860 1967 3913 universes
2001 3857 2250 3913 Ecclesite
2281 3862 2535 3928 gentium)
2566 3858 2635 3924 “,
2655 3866 2703 3911 et
2736 3859 3077 3912 domesticam
3106 3875 3291 3912 eorum

1716 3951 2007 4007 Ecclesium
2035 3952 2133 4023 (7).
2171 3950 2436 4007 Videntur
2480 3953 2611 4006 mihi
2657 3952 2755 4021 ipsi
2794 3967 2935 4016 esse,
2986 3952 3051 4005 de
3093 3954 3291 4022 quibus

1714 4044 1765 4098 iu
1793 4044 2015 4098 Actibus
2035 4044 2400 4114 apostolorum
2435 4043 2509 4097 ita
2536 4044 2801 4108 scriptum
2823 4053 2906 4097 est
2939 4060 2953 4096 :
2988 4040 3114 4095 Post
3178 4043 3289 4095 lucc

1712 4146 1886 4189 autem
1907 4136 2174 4190 discedens
2199 4134 2400 4189 Paulus
2422 4136 2486 4189 ab
2507 4136 2744 4201 Athenis,
2773 4136 2910 4190 venit
2944 4133 3289 4199 Corinthum;

1714 4238 1760 4280 ct
1794 4229 2001 4282 invento
2024 4229 2098 4281 ibi
2131 4232 2357 4297 quodam
2382 4225 2573 4282 Iudaeo
2593 4229 2799 4283 nomine
2824 4228 3038 4300 Aquila,
3070 4227 3292 4281 Pontico

1713 4335 1922 4387 genere,
1956 4322 2046 4390 qui
2080 4335 2245 4389 nuper
2272 4328 2478 4374 venerat
2510 4320 2573 4374 de
2606 4318 2771 4373 Italia
2796 4320 2893 4391 (8),
2924 4328 2973 4373 et
3016 4316 3289 4384 Priscilla,

1718 4427 1881 4465 uxore
1911 4411 2047 4480 ejus,
2070 4423 2285 4481 propter
2330 4410 2469 4481 quod
2489 4420 2806 4480 prwceperat
2834 4409 3094 4465 Claudius
3117 4410 3291 4462 disce-

49 4496 190 4558 Atnen
211 4503 278 4559 ⁵³.
304 4504 521 4574 Ingenti
547 4505 923 4560 benedictione
957 4514 1278 4560 muneratur
1305 4504 1604 4570 Romanos,
1638 4503 1683 4558 D
1711 4506 1832 4557 dere
1855 4502 2072 4557 ludam
2100 4518 2276 4555 omnes
2299 4518 2331 4554 a
2358 4500 2542 4567 Roma,
2581 4504 2800 4556 accessit
2827 4503 2895 4556 ad
2928 4518 3055 4567 eos;
3083 4510 3132 4554 et
3163 4501 3291 4570 quia

103 4620 369 4705 :Ephes.
414 4636 491 4705 vi,
523 4621 619 4705 12.
656 4621 781 4705 ..εει
817 4622 958 4677 Tim.
980 4638 1046 4688 ιι,
1159 4622 1251 4705 ﬁ"
1278 4623 1319 4677 ll
1343 4624 1487 4680 Tim.
1519 4639 1605 4705 tv,

1757 4622 1797 4655 ιδ
1820 4621 2043 4705 Rom._t.
2065 4619 2172 4705 '12.”
2231 4617 2277 4650 ’⁵⁸
2303 4617 2466 4674 Rom.
2490 4633 2584 4685 xv,
2608 4619 2699 4673 53.
2771 4621 2818 4652 '°
2854 4618 3055 4688 Philip.
3106 4634 3181 4681 tv,
3235 4618 3297 4681 7.
3362 4694 3373 4705 κ

48 4689 81 4727 ⁸¹
110 4692 255 4746 Rom.
283 4708 404 4756 xvr,
429 4691 482 4756 1,
522 4692 577 4747 ‘2.
655 4692 699 4723 ⁸²
729 4692 864 4748 Gen.
888 4709 1004 4748 xtx.

105 4830 208 4899 (96)
240 4829 458 4884 Etiam.
496 4830 659 4885 Deest
699 4834 752 4886 in
788 4845 949 4887 antea
976 4834 1155 4889 editis.

105 4832 187 4899 (96
240 4832 458 4884 Etiam.
496 4832 659 4885 Deest
699 4834 752 4886 in
788 4845 949 4887 antea
976 4834 1155 4889 editis.

104 4832 211 4973 (97)
262 4902 436 4965 Editi,
470 4899 625 4965 Quod
671 4914 717 4955 et
760 4905 804 4956 si
829 4905 944 4974 quis
982 4905 1213 4959 obtinere
1252 4909 1481 4975 potuerit
1512 4918 1604 4975 ut,

47 4980 134 5025 etc.
306 5014 308 5016 τ

100 5040 206 5111 (98)
233 5040 408 5116 Editi,
443 5056 605 5116 neque
628 5058 741 5116 eam
761 5059 853 5113 per
876 5062 995 5113 quia
1024 5043 1144 5116 (aL,
1171 5062 1264 5116 per
1297 5045 1477 5116 quam)
1506 5065 1611 5102 non

46 5114 267 5188 competit
302 5115 507 5181 rapiat.
551 5111 769 5167 Deinde
790 5111 895 5170 ms.
924 5111 1135 5182 Regius
1168 5111 1319 5188 nutu.
1352 5111 1512 5184 162:9,
1543 5119 1610 5172 Et

46 5180 142 5234 ideo
161 5183 290 5250 quia
319 5180 464 5251 agon
513 5196 735 5254 magnus
769 5194 846 5238 est
886 5180 1166 5250 orationis,
1214 5180 1605 5254 obsistentibus,

46 5259 157 5371 εἶεν
197 5256 406 5371 qmisso
433 5262 513 5305 ut.
544 5252 650 5307 Sed
689 5256 870 5309 caeteri
908 5271 1062 5321 mss.,
1101 5256 1359 5313 Rabauus
1385 5269 1441 5313 et
1471 5252 1606 5314 editi

126 5337 175 5371 In
238 5334 393 5371 CXIII-

47 5332 93 5371 Ill
126 5337 175 5377 lli
215 5332 393 5378 ιεχιιι.

229 5392 330 5448 Ms.
360 5392 563 5462 Regius
591 5409 745 5469 nt_tm_.
766 5394 921 5469 i669,
952 5396 1112 5451 etiam
1136 5398 1254 5469 ipsa
1274 5399 1467 5464 dicere,
1496 5407 1606 5458 etc.

66 5460 289 5540 _(i)lta_
312 5460 848 5540 nissfnostri._Editi
874 5460 1023 5529 vero,
1055 5460 1200 5538 quo'd
1239 5478 1289 5523 et
1320 5460 1611 5540 ipsis'ara-

45 5532 249 5606 tionibus
272 5534 628 5606 indigentium
656 5535 749 5600 fiat
780 5532 1070 5606 acceptum.

102 5601 171 5669 ('2)
322 5602 609 5683 pinittitur
638 5606 692 5658 in
727 5601 920 5675 editis,
950 5608 1041 5677 qui
1073 5620 1259 5678 postea
1306 5610 1510 5667 habent
1532 5613 1605 5683 Lin

43 5662 392 5742 Jeroiolymis.

323 5741 676 5823 Desideratur
716 5744 768 5798 in
794 5747 952 5804 editis
976 5791 991 5816 ,
1025 5755 1083 5823 et
1110 5750 1272 5819 paulo
1295 5759 1417 5821 post
1441 5751 1606 5807 Amen

45 5815 295 5889 omittitur
330 5815 385 5865 in
416 5815 682 5889 omnibus
727 5831 857 5872 mss.
906 5815 1132 5889 nostris,
1179 5825 1273 5877 sed
1295 5815 1499 5879 'exstat
1550 5825 1603 5877 iu

46 5878 184 5937 editis
205 5898 260 5937 ct
288 5884 429 5952 apud
457 5881 767 5943 Habacum.

1082 4693 1128 4724 ⁵³
1154 4693 1293 4750 Gen.
1332 4710 1488 4750 xvnt.
1565 4694 1613 4726 “
1643 4693 1805 4750 Rom.
1834 4707 1949 4756 xw,
1973 4690 2027 4756 5,
2052 4690 2106 4756 4,
2140 4689 2191 4744 5.

1783 4832 1856 4905 (4)
1882 4830 1950 4886 1η
1969 4830 2178 4905 Christo
2202 4831 2354 4886 Jesu.
2391 4830 2515 4885 Haec
2547 4831 3040 4899 praetermittuntur
3063 4831 3116 4885 in
3172 4833 3301 4886 edi-.

1711 4904 1803 4964 tis.
1830 4903 1920 4972 qui
1949 4912 2133 4970 postea
2156 4903 2341 4970 legunt
2367 4918 2473 4970 paa:
2494 4914 2685 4955 vestra.

1782 4970 1861 5045 (5)
1892 4972 1964 5045 Ut
1984 4989 2101 5045 eam
2121 4973 2419 5045 suscipiatis
2460 4972 2517 5023 in
2564 4972 2788 5045 Domino
2833 4970 2990 5045 digne
3029 4972 3197 5045 satis_,_
3240 4986 3291 5027 et

1708 5039 1976 5099 ass'ts'tatis
2018 5044 2067 5096 ei
2111 5044 2166 5097 in
2198 5045 2590 5112 quibuscunque
2618 5041 2899 5112 indiguerit
2927 5045 3115 5112 vestri.
3145 5039 3292 5098 Nam

1707 5115 1823 5184 ipsa
1843 5130 2043 5183 quoque
2063 5108 2271 5165 adstitit
2303 5112 2503 5176 multis,
2533 5120 2581 5164 et
2619 5108 2751 5184 mihi
2780 5110 2900 5178 ipsi.
2927 5108 3056 5167 Haec
3083 5114 3295 5168 deside-

1715 5181 1906 5239 rantur
1947 5181 1998 5237 ιίι
2029 5193 2187 5238 antea
2221 5184 2406 5246 editis,
2432 5192 2487 5236 et
2540 5181 2900 5236 restituuntur
2955 5198 3025 5238 ex
3074 5199 3207 5239 mss.
3235 5196 3295 5239 et

1712 5254 1958 5309 Rabano.

1786 5324 1862 5398 (6)
1887 5326 2016 5378 Mss.
2051 5323 2316 5398 plerique,
2372 5321 2629 5398 Rabantts
2659 5319 2911 5398 et_edi_ti,
2968 5321 3147 5392 dixit;
3188 5329 3304 5383 sed.

1712 5391 1913 5453 rectius
1944 5391 2278 5463 tttsfﬂegius
2309 5410 2455 5446 num.
2484 5391 2646 5463 1659,
2682 5392 2927 5463 dixerint.

1786 5467 1867 5539 (7)
1895 5465 1993 5518 Ms.
2023 5460 2222 5539 Regius
2241 5478 2396 5539 ttulit.
2436 5461 2575 5539 1659
2602 5470 2660 5539 ει
2686 5460 2964 5528 Babauus,
3000 5475 3050 5539 et
3079 5466 3296 5539 dum“-

1715 5532 1818 5592 tica
1843 5532 2023 5591 eorum
2054 5532 2310 5587 Ecclesia.
2341 5534 2447 5587 Sed
2479 5532 2662 5586 εεειετί
2697 5546 2830 5587 mss.
2863 5541 2915 5586 et
2961 5537 3092 5590 editi
3128 5545 3186 5589 ut
3233 5538 3305 5591 in.

1717 5621 1900 5673 textu;
1929 5608 2078 5659 etita
2110 5605 2390 5674 legendum
2443 5617 2564 5657 esse
2612 5603 2951 5659 demonstrat
3007 5606 3305 5662 conclusio.

1715 5679 1875 5734 huius
1909 5677 2148 5729 articuli.

2260 5743 2595 5820 num.i659,
2613 5752 2660 5820 e_t
2682 5743 2882 5820 invenit
2912 5746 2987 5799 ibi
3008 5746 3300 5820 quemdam

1711 5815 1961 5874 Judzi’um
2005 5820 2212 5869 nomine
2243 5819 2571 5887 Aquilam.»
2610 5815 2892 5887 Ponticum
2941 5815 3149 5886 genere,
3196 5818 3297 5887 qui.

1713 5904 1878 5960 nuper
1907 5899 2111 5941 venerat
2148 5887 2209 5939 ab
2233 5885 2431 5955 Italia;
2466 5897 2513 5941 et
2539 5885 2810 5954 Priscilla,
2837 5885 2970 5943 uxor
3009 5888 3153 5957 eius,
3174 5885 3298 5945 etc.
