3812 6548
468 425 603 482 1279

1916 428 2236 486 ORIGENIS
2328 460 2331 464 -

3578 423 3691 478 1236

462 551 609 592 erant
635 537 923 593 consimilis
951 512 1198 608 artiﬁcii,
1224 545 1414 594 mansit
1437 545 1584 612 apud
1614 559 1722 609 eos,
1746 555 1795 598 et
1843 559 2034 612 Opera-
2065 552 2110 607 Α
2139 543 2389 598 laborare
2421 557 2518 614 pro
2541 542 2800 599 Ecclesiis
2828 542 2947 598 Dei.
2996 541 3132 597 Nam
3194 549 3249 597 et
3289 540 3550 596 laborant
3592 555 3694 594 cura

464 632 655 682 bantur
690 628 870 684 simul.
907 628 1070 683 Erant
1087 633 1220 685 enim
1236 633 1466 701 artiﬁces
1489 635 1946 688 tabernaculorum
1967 637 2035 702 ⁸⁸,

463 719 564 772 hoc
592 727 694 784 est,
727 727 960 774 sutores.
996 720 1108 776 Nec
1138 723 1330 775 mirum
1379 723 1423 776 si
1475 722 1711 778 Priscam
1753 726 1951 781 Paulus
1984 727 2036 780 in

465 808 708 876 Epistola
741 810 954 877 scribit,
982 827 1101 880 qua:
1145 812 1195 864 in
1245 813 1470 866 Actibus
1521 813 1768 868 Priscilla
1834 817 2038 884 scripta

466 910 572 967 est,
608 901 825 955 ca'teris
853 903 1328 956 concordantibus.
1379 903 1562 958 Potest
1605 917 1785 959 autent
1827 908 1942 961 ﬁeri
1981 920 2040 962 ut

464 996 593 1062 quia
639 982 725 1064 (9).
747 995 836 1047 illo
869 1002 1132 1061 tempore,
1183 995 1355 1064 pulsis
1405 1012 1468 1050 ex
1517 999 1650 1051 urbe
1692 995 1891 1052 Judzeis
1940 1012 2038 1067 per

465 1096 791 1153 praiceptum
826 1087 1076 1148 Caesaris,
1129 1083 1450 1139 Corinthum
1503 1097 1794 1152 venerant,
1850 1104 2036 1144 rursus

455 1181 626 1233 edicti
654 1188 902 1233 cessante
932 1180 1160 1241 saevitia,
1195 1178 1422 1232 Romam
1469 1182 1700 1248 regressi
1735 1181 1846 1251 (10)
1891 1182 2038 1236 salu-

467 1279 649 1323 tentur
679 1285 708 1321 a
739 1267 923 1322 Paulo.
960 1268 1106 1334 Quos
1143 1277 1325 1322 tamen
1360 1279 1586 1339 apparet
1617 1268 1924 1325 Judaaorum
1959 1275 2038 1327 in-

465 1363 620 1416 sidiis
642 1361 806 1418 Paulo
837 1363 1176 1432 periclitante
1205 1365 1522 1434 semetipsos
1552 1364 1838 1432 obiecisse,
1860 1376 1917 1419 ut
1949 1365 2041 1421 ille

467 1454 604 1508 liber
633 1455 952 1508 abscederet
981 1471 995 1506 :
1028 1453 1128 1508 hoc
1152 1462 1331 1507 autem
1363 1465 1414 1508 et
1438 1454 1600 1509 Jason
1623 1457 1842 1525 quidam
1877 1455 2036 1512 fecis-

463 1559 524 1597 se
560 1545 614 1599 in
654 1543 878 1597 Actibus
901 1545 1266 1612 apostolorum
1298 1543 1527 1599 refertur
1557 1546 1604 1578 ⁸⁸
1635 1561 1650 1600 :
1683 1557 1736 1602 et
1772 1549 1906 1601 hanc
1941 1562 2039 1601 eo-

465 1649 583 1687 rum
621 1633 836 1687 laudem
868 1635 1160 1703 Apostolus
1191 1651 1296 1689 non
1322 1636 1469 1700 silet,
1493 1637 1584 1689 sed
1621 1638 1874 1693 omnibus
1919 1654 2038 1692 eam

468 1726 731 1780 Ecclesiis
763 1726 1136 1780 admirandam
1171 1727 1356 1790 tradit,
1386 1735 1440 1779 et
1465 1727 1584 1780 ideo
1616 1728 1746 1781 dicit
1786 1745 1798 1780 :
1837 1728 2037 1792 Quibus

465 1837 567 1873 non
600 1821 744 1872 solus
767 1835 858 1887 ego
887 1822 1091 1888 gratias
1128 1835 1250 1888 ago,
1274 1820 1363 1873 sed
1415 1830 1461 1872 et
1495 1821 1751 1874 universa:
1788 1820 2038 1876 Ecclesia:

2141 636 2338 689 docent
2373 635 2808 689 adolescentulas
2853 633 3065 690 sobrias
3115 649 3260 699 esse,
3290 633 3524 702 diligere
3551 633 3694 694 viros,

2142 726 2282 780 ﬁlios
2309 725 2572 788 enutrirc,
2625 725 2850 796 pudicas
2891 742 3033 791 esse,
3069 737 3284 787 castas,
3315 727 3538 777 domum
3581 723 3695 777 bene

2139 828 2405 888 regentes,
2449 817 2732 888 benignas,
2762 818 3007 873 subditas
3045 819 3178 873 viris
3227 819 3343 874 suis
3377 817 3449 882 “,
3488 818 3694 886 hospitio

2139 909 2400 978 recipere,
2431 919 2743 963 sanctorum
2775 911 2936 979 pedes
2986 909 3171 964 lavare
3199 909 3264 974 “,
3294 919 3353 962 et
3375 919 3578 962 cetera
3595 923 3695 961 om-

2139 1000 2224 1053 nia
2268 1016 2389 1069 qua:
2422 1001 2488 1060 de
2520 1000 2710 1055 ofﬁciis
2743 1001 3028 1055 mulierum
3055 1002 3260 1072 scripta
3291 1001 3626 1064 referuntur,
3654 1002 3696 1053 in
3769 1007 3771 1016 '

2137 1096 2281 1147 omni
2311 1107 2506 1163 gerere
2530 1095 2779 1148 castitate
2806 1093 2937 1164 (15).

2207 1182 2297 1239 21.
2344 1181 2588 1237 Salutate
2642 1182 3002 1236 Andronicum
3049 1193 3096 1237 et
3154 1181 3400 1247 Iuniam,
3471 1192 3698 1250 cognatos

2136 1286 2279 1324 meos
2313 1281 2360 1324 et
2387 1272 2718 1341 concaptivos
2749 1289 2910 1337 meos,
2940 1273 3032 1342 qui
3052 1283 3172 1327 sunt
3201 1273 3401 1326 nobiles
3426 1277 3485 1326 in
3512 1283 3700 1339 aposts-
3771 1259 3773 1278 ¹

2137 1361 2224 1428 lis,
2247 1350 2346 1433 qui
2370 1373 2417 1417 et
2441 1375 2563 1417 ante
2593 1380 2672 1417 me
2697 1363 2914 1433 fuerunt
2948 1365 3001 1417 in
3029 1363 3240 1417 Christo
3269 1356 3337 1417 “.
3372 1363 3565 1418 Potest
3595 1366 3698 1431 qui-

2138 1455 2256 1508 dem
2287 1454 2491 1508 ﬁeri"ut
2523 1463 2580 1508 et
2614 1456 2912 1508 secundum
2949 1470 3171 1508 carnem
3219 1454 3304 1508 isti
3346 1453 3571 1523 cngnati
3604 1454 3700 1508 fue-
3774 1436 3775 1468 ³

2138 1547 2249 1599 rint
2269 1545 2446 1611 Pauli,
2477 1555 2532 1601 et
2561 1555 2682 1600 ante
2714 1549 2884 1618 ipsum
2917 1547 3266 1614 crediderint,
3288 1556 3345 1602 et
3378 1546 3597 1600 nobiles
3617 1546 3700 1598 ba-

2139 1637 2234 1690 biti
2270 1637 2379 1692 sint
2417 1638 2469 1692 itt
2507 1637 2763 1708 apostolis
2797 1639 3040 1703 Christi;
3085 1638 3152 1693 de
3209 1638 3407 1707 quibus
3465 1638 3701 1706 possibile

2139 1738 2300 1782 estet
2340 1728 2468 1782 illud
2503 1729 2749 1799 intelligi,
2776 1730 2920 1797 quod
2954 1727 3204 1783 fortassis
3238 1745 3302 1782 ex
3346 1728 3456 1782 illis
3509 1738 3702 1795 septua-

2139 1824 2284 1889 ginta
2315 1822 2528 1875 duobus
2555 1823 2647 1889 qui
2696 1830 2751 1874 et
2814 1821 2914 1889 ipsi
2972 1821 3198 1890 apostoli
3249 1821 3519 1873 nominati
3574 1830 3700 1881 sunt,

460 1914 710 1978 gentium.
755 1911 903 1966 Unde
937 1922 1164 1980 apparet
1206 1924 1302 1963 eos
1327 1907 1600 1964 ofﬁciosos
1646 1922 1696 1967 et
1739 1913 2034 1982 hospitales
2066 1894 2108 1948 Β
2140 1914 2364 1978 fuerint,
2385 1922 2438 1967 et
2467 1913 2586 1966 ideo
2617 1911 2821 1967 nobiles
2866 1925 2958 1965 eos
2994 1912 3044 1964 in
3075 1911 3332 1980 apostolis
3362 1911 3538 1972 dicat,
3583 1912 3701 1963 etin

461 2003 735 2056 exstitisse
763 2019 888 2072 erga
924 2019 1114 2058 omnes
1143 2001 1342 2058 fratres
1372 2005 1576 2066 ﬁdeles,
1608 2020 1710 2059 non
1745 2005 1917 2058 solum
1944 2006 2036 2074 qui

461 2110 523 2146 ex
557 2091 775 2159 Iudaeis,
812 2097 905 2149 sed
933 2097 1099 2149 etiam
1132 2097 1222 2165 qui
1255 2111 1323 2149 ex
1365 2098 1613 2165 gentibus
1657 2097 2034 2150 credidissent.

462 2183 652 2255 Magna
687 2187 830 2240 enim
862 2187 1034 2255 gratia
1068 2187 1120 2239 in
1169 2187 1552 2256 hospitalitatis
1595 2187 1776 2243 ofﬁcio
1811 2204 1916 2241 non
1949 2204 2038 2242 so-

463 2277 570 2330 lum
610 2279 748 2346 apud
788 2277 975 2341 Deum,
1007 2278 1102 2330 sed
1151 2286 1208 2332 et
1263 2278 1404 2346 apud
1456 2279 1702 2332 homines
1741 2278 2034 2333 invenitur.

460 2368 594 2433 Quae
630 2379 806 2421 tamen
841 2382 926 2421 res
961 2370 1216 2438 qumiiam
1249 2383 1354 2421 non
1393 2369 1564 2423 solum
1603 2371 1653 2424 in
1688 2369 1961 2425 voluntate
1985 2383 2038 2426 et

466 2461 742 2527 pr0posito
770 2459 935 2529 682
967 2459 1331 2524 dominorum,
1362 2459 1453 2512 sed
1487 2473 1542 2515 et
1575 2471 1730 2531 grato
1785 2478 1850 2517 ac
1893 2463 2035 2519 ﬁdeli

460 2551 705 2606 constitit
727 2551 839 2622 (11)
873 2550 1171 2605 ministerio
1240 2548 1589 2618 famulorum,
1619 2553 1819 2607 idcirco
1848 2569 2038 2609 uiiincs

461 2644 556 2710 qui
588 2643 947 2697 ministerium
980 2643 1121 2697 istud
1155 2658 1279 2698 cum
1334 2645 1464 2713 ipsis
1492 2643 1725 2698 fideliter
1776 2645 2038 2715 adimple-

458 2732 612 2800 bant,
643 2733 984 2786 domesticam
1013 2749 1190 2787 eorum
1219 2735 1516 2788 nominavit
1549 2732 1864 2788 Ecclesium.

534 2824 622 2878 19.
667 2824 911 2878 Salutate
950 2823 1274 2893 Ephenetum
1320 2825 1566 2878 dilectum
1596 2842 1790 2890 meum,
1836 2827 1926 2896 qui
1961 2835 2039 2881 est

457 2914 675 2968 initium
704 2916 846 2968 Asia:
892 2916 949 2968 in
985 2914 1190 2969 Christo
1237 2915 1304 2968 ".
1339 2915 1436 2969 Hic
1467 2915 1773 2986 Ephenetus
1829 2919 2040 2972 videtur

464 3009 596 3062 mihi
628 3009 869 3062 omnium
901 3009 1108 3078 primus
1141 3025 1206 3064 ex
1259 3009 1388 3063 Asia
1419 3010 1752 3075 credidisse;
1804 3012 1946 3065 unde
1985 3021 2040 3066 et

463 3102 676 3157 initium
709 3117 833 3156 eum
865 3102 1118 3158 Ecclesiae
1147 3102 1454 3174 appellavit,
1494 3103 1601 3166 vel,
1649 3114 1709 3157 ut
1755 3105 1806 3158 in
1847 3103 2038 3160 Graco

466 3196 752 3262 habeatur,
801 3197 1067 3265 primitias
1118 3197 1258 3252 Asia:
1308 3215 1327 3250 :
1400 3196 1499 3249 nisi
1558 3196 1760 3266 aliquid
1815 3198 2038 3266 profun-

466 3288 722 3359 dius(12)
761 3303 946 3344 sermo
980 3289 1080 3342 iste
1114 3289 1401 3358 significet,
1433 3299 1492 3343 ut
1531 3289 1894 3360 intelligamus
1941 3307 2038 3343 an.

465 3381 614 3450 gelos
641 3380 756 3446 Dei,
800 3381 888 3450 qui
929 3380 1185 3436 Ecclesiis
1232 3391 1492 3450 praesunt,
1542 3379 1740 3435 offerre
1797 3382 2038 3451 singulos

465 3489 708 3544 quosque
739 3476 1002 3544 primitias
1029 3477 1138 3530 Deo
1175 3492 1240 3530 ex
1270 3477 1353 3530 his
1376 3475 1468 3545 qui
1493 3477 1754 3541 credunt;
1787 3475 2039 3544 primitiae

466 3571 649 3618 autem
681 3563 820 3630 apud
850 3563 1294 3632 illosjudicentur
1321 3579 1424 3619 non
1460 3563 1514 3618 in
1547 3563 1630 3618 his
1671 3565 1762 3634 qui
1796 3574 2040 3632 tempore

464 3653 626 3726 primi
650 3663 797 3720 sunt,
821 3656 912 3709 sed
935 3655 1024 3724 qui
1065 3655 1352 3709 virtutibus
1378 3664 1433 3710 et
1465 3657 1674 3710 meritis
1703 3657 2034 3725 praecellunt.

467 3744 708 3812 Quorum
741 3744 919 3800 sciens
965 3760 1061 3814 per
1091 3744 1350 3817 Spiritum
1388 3742 1589 3800 Paulus
1609 3745 1927 3800 electionem
1954 3761 2040 3801 er-

467 3853 532 3902 ga
559 3834 918 3906 Ephenetum,
947 3838 1166 3906 etquod
1209 3837 1322 3908 (13)
1368 3839 1540 3906 ipsum
1591 3854 1659 3892 ex
1705 3839 1852 3893 omni
1903 3839 2038 3894 ﬁde-

465 3929 594 3982 lium
623 3944 870 3996 numero,
901 3929 994 3998 qui
1036 3940 1192 3984 erant
1243 3930 1296 3984 in
1331 3930 1482 3992 Asia,
1522 3929 1717 3984 electio
1772 3930 2042 3984 invenerit

465 4019 802 4088 angelorum,
829 4020 1116 4089 appellavit
1140 4037 1263 4076 eum
1289 4021 1552 4084 primitias
1576 4021 1736 4074 Asiae.
1769 4020 1873 4074 Sed
1906 4031 1959 4075 et
1985 4021 2038 4076 in

466 4111 570 4166 alia
601 4111 839 4180 Epistola
865 4112 910 4143 ⁵⁸
943 4112 1074 4166 dicit
1103 4112 1170 4168 de
1193 4111 1538 4182 quibusdam,
1563 4111 1704 4178 Quia
1728 4113 1834 4166 sint
1863 4113 2042 4183 primi-

466 4203 559 4258 tiae
581 4203 796 4257 Achaia:
823 4222 842 4270 ,-
869 4209 1114 4258 eamdem
1139 4203 1255 4257 sine
1280 4201 1444 4258 dubio
1490 4203 1822 4258 sacramenti
1873 4205 2041 4258 ratio-

469 4308 590 4346 nem
623 4293 784 4346 etiam
814 4292 866 4346 in
895 4293 1000 4347 illis
1026 4293 1321 4362 aspiciens.

536 4385 628 4440 20.
662 4384 900 4439 Salutate
938 4385 1188 4451 Mariam,
1239 4405 1356 4458 qua:
1396 4388 1615 4440 multum
1671 4386 1928 4440 laboravit
1981 4386 2038 4439 in

2141 2005 2223 2058 bis
2264 2003 2522 2072 apostolis
2570 2002 2662 2071 qui
2725 2012 2852 2056 ante
2887 2016 3006 2055 eum
3039 2000 3282 2054 fuerunt.
3319 1999 3428 2056 Sed
3489 2010 3548 2055 et
3594 2002 3702 2054 illud

2141 2111 2226 2149 me
2256 2106 2437 2149 movet
2468 2095 2609 2164 quod
2639 2096 2748 2160 ait;
2795 2095 3130 2160 concaptivos
3179 2110 3342 2149 meos.
3395 2092 3534 2159 Quae
3576 2095 3702 2148 enim

2139 2197 2256 2242 erat
2279 2185 2429 2240 Pauli
2457 2185 2767 2252 captivitas,
2803 2185 2854 2237 in
2888 2200 2994 2253 qua
3020 2185 3122 2238 sibi
3149 2186 3313 2238 etiam
3348 2185 3702 2238 Andronicum

2139 2291 2189 2333 et
2215 2278 2430 2334 Juniam
2461 2277 2811 2346 concaptivos
2838 2271 2958 2329 esse
2989 2286 3216 2330 testatur
3252 2274 3414 2344 (17)?
3444 2276 3556 2329 nisi
3586 2276 3705 2328 forte

2140 2371 2490 2439 profundiore
2524 2369 2782 2440 mysterio
2807 2369 2876 2422 ad
2919 2366 3068 2422 illam
3105 2368 3464 2436 respiciamus
3493 2367 3704 2438 captivi-

2142 2473 2325 2525 tatem,
2359 2475 2520 2530 quam
2543 2460 2791 2514 Christus
2816 2459 2967 2514 venit
3006 2459 3306 2522 absolvere,
3346 2461 3417 2512 de
3450 2473 3565 2526 qua
3594 2459 3708 2512 scri-

2138 2560 2286 2620 ptum
2309 2559 2390 2603 est
2407 2549 2675 2612 “,venire
2695 2558 2751 2601 et
2776 2549 2904 2603 dare
2926 2564 3048 2603 eum
3071 2550 3298 2620 captivis
3319 2550 3705 2611 remissionem.

2138 2642 2298 2696 caecis
2338 2642 2538 2694 visum.
2567 2639 2621 2693 ln
2654 2656 2760 2710 qua
2795 2641 3108 2710 captivitate
3131 2641 3385 2694 videntur
3425 2657 3540 2694 una
3565 2651 3708 2706 atque

2139 2733 2328 2788 eadem
2357 2733 2566 2787 ratione
2621 2733 2712 2786 isti
2736 2747 2878 2799 esse,
2915 2749 3020 2803 qua
3056 2744 3112 2786 et
3163 2733 3360 2786 Paulus
3389 2743 3537 2786 erat.
3564 2732 3707 2786 Verbi

2137 2826 2278 2878 enim
2301 2825 2476 2894 gratia
2503 2824 2549 2878 si
2576 2824 2860 2880 dicamus:
2890 2823 3024 2880 Cum
3065 2825 3316 2894 captivus
3349 2835 3502 2878 esset
3560 2839 3708 2893 popu-

2141 2918 2222 2972 lus
2243 2917 2406 2972 lsrael
2433 2918 2575 2987 apud
2603 2918 2858 2989 Assyrios
2885 2917 2968 2972 vel
2998 2917 3345 2988 Babylonios,
3369 2931 3575 2971 omnes
3596 2916 3704 2985 qui.

2138 3011 2261 3065 dem
2293 3010 2620 3066 videbantur
2655 3025 2778 3066 esse
2813 3010 3047 3079 captivi;
3079 3011 3173 3063 sed
3206 3009 3307 3062 alia
3354 3008 3500 3063 ratio
3542 3009 3593 3062 in
3615 3024 3705 3062 cz—

2143 3106 2273 3159 teris
2298 3102 2629 3172 captivitatis
2662 3103 2800 3174 (-18),
2832 3102 2936 3157 alia
2971 3103 3022 3156 in
3077 3101 3314 3162 Daniele,
3377 3111 3435 3156 et
3487 3102 3706 3162 Anania,

2143 3207 2302 3266 atque
2327 3197 2522 3251 Azaria
2550 3197 2633 3250 vel
2654 3196 2864 3251 Misael.
2892 3196 2973 3251 llli
3003 3195 3146 3250 enim
3174 3194 3372 3262 captivi
3399 3204 3565 3248 erant
3620 3209 3704 3260 pro

2144 3289 2380 3357 peccatis
2411 3289 2561 3355 suis;
2593 3289 2683 3343 isti
2737 3301 2868 3343 vero
2926 3302 3026 3357 pro
3063 3285 3437 3341 consolatione
3486 3285 3710 3353 captivo-

2146 3396 2262 3436 rum
2301 3389 2458 3433 erant
2497 3379 2664 3434 etiam
2719 3379 2822 3448 ipsi
2853 3377 3094 3448 captivi:
3148 3384 3203 3431 et
3254 3379 3378 3430 ideo
3434 3376 3481 3429 si
3525 3377 3708 3428 diceret

2149 3471 2337 3528 Daniel
2371 3471 2438 3526 de
2468 3471 2648 3539 aliquo
2675 3484 2784 3524 uno
2819 3484 2886 3523 ex
2926 3468 3082 3538 plebe
3109 3464 3506 3535 :Concaptivus
3557 3480 3709 3525 meus,

2147 3581 2256 3620 non
2289 3565 2361 3618 ita
2391 3563 2778 3619 convenienter
2811 3561 2914 3616 dici
2962 3559 3271 3623 videbatur,
3322 3565 3382 3611 ut
3424 3557 3472 3610 si
3521 3557 3710 3610 diceret

2147 3660 2213 3713 de
2237 3657 2470 3720 Anattia,
2503 3663 2560 3709 et
2587 3653 2809 3720 Azaria,
2844 3662 2900 3707 et
2939 3651 3145 3716 Misael,
3171 3651 3478 3718 concaptivi
3510 3649 3635 3702 mei.
3665 3646 3708 3697 ln

2148 3748 2266 3803 istis
2290 3745 2434 3800 enim
2472 3760 2577 3798 una
2611 3744 2944 3814 captivitatis
2989 3755 3070 3797 est
3115 3743 3272 3808 ratio,
3318 3757 3443 3810 quae
3495 3741 3646 3809 longe
3686 3759 3709 3787 ει

2147 3837 2340 3907 reliqui
2366 3834 2549 3906 populi
2587 3834 2797 3888 ratione
2825 3833 3042 3886 diversa
3087 3841 3168 3885 est
3199 3831 3334 3902 (19).
3369 3830 3449 3883 lta
3503 3846 3634 3898 ergo
3668 3839 3713 3880 ct

2149 3929 2347 3984 Paulus
2387 3927 2493 3982 tale
2529 3926 2737 3996 aliquid
2770 3925 2837 3979 de
2881 3939 2941 3979 se
2981 3934 3038 3979 et
3071 3924 3408 3989 Andronico,
3450 3937 3512 3974 ac
3548 3919 3708 3980 Junia,

2147 4022 2442 4077 secundum
2467 4018 2786 4074 occultioris
2815 4017 3145 4071 sacramenti
3180 4017 3401 4070 intuens
3436 4015 3709 4072 rationem,

2147 4115 2477 4182 concaptivos
2503 4127 2597 4168 eos
2632 4111 2733 4166 sibi
2771 4111 2822 4165 in
2856 4115 2960 4166 hoc
3003 4112 3201 4166 mundo
3241 4110 3506 4172 nominat,
3535 4118 3594 4162 et
3630 4124 3710 4158 no«

2147 4205 2272 4258 biles
2300 4205 2354 4258 in
2387 4201 2656 4273 apostolis.

2214 4296 2286 4351 22
2349 4294 2594 4351 Salutate
2615 4293 2945 4364 Ampliatum
2999 4292 3246 4346 dilectum
3269 4307 3440 4344 meum
3465 4290 3518 4342 in
3546 4287 3710 4340 Domi-

2146 4402 2213 4440 no
2243 4385 2310 4440 “.
2345 4384 2483 4439 Huic
2513 4385 2766 4454 quamvis
2795 4383 2924 4438 nihil
2966 4382 3241 4451 egregium
3272 4397 3386 4449 pne
3428 4379 3638 4433 ceteris
3665 4376 3709 4427 in

466 4479 607 4534 vobis
634 4478 679 4509 ⁸⁹
716 4479 849 4548 (lli).
880 4479 1043 4534 Docet
1066 4491 1120 4534 et
1153 4481 1205 4534 in
1240 4480 1343 4536 hoc
1378 4481 1576 4536 debere
1598 4482 1762 4535 etiam
1804 4479 2034 4534 feminas
2068 4469 2112 4525 D
2143 4477 2300 4532 laude
2331 4477 2577 4532 videatur
2605 4473 2900 4539 ascribere,
2946 4484 3125 4528 tamen
3167 4473 3269 4527 hoc
3320 4471 3440 4538 ipso
3477 4468 3618 4538 quod
3643 4466 3712 4519 di-

531 4641 578 4674 ⁸⁸
603 4643 724 4695 Act.
747 4657 904 4714 xviii,
943 4642 1080 4714 1-5.
1111 4645 1183 4714 ί³⁶
1207 4645 1327 4698 Act.
1357 4659 1504 4714 (xvn,
1548 4644 1582 4698 5
1633 4660 1717 4714 sq.

462 4715 607 4777 11,4.
677 4714 763 4766 ⁸⁸1
796 4713 935 4768 Tim.
972 4728 1023 4780 v,
1065 4713 1152 4769 10.
1229 4713 1452 4769 “Rern.
1493 4731 1603 4781 xw,
1635 4713 1690 4769 7.

539 4893 616 4966 (9)
649 4895 928 4962 Rabanus,
958 4906 1014 4950 ut
1035 4897 1146 4966 qui,
1169 4893 1332 4950 male.

542 4964 652 5034 (10)
680 4967 843 5029 Editi,
873 4964 1093 5020 Romam
1127 4965 1366 5036 ingressi,
1401 4964 1560 5036 male.

539 5036 584 5106 (I
606 5033 652 5106 1)
681 5035 775 5089 Ms.
812 5037 1010 5106 Regius
1045 5033 1197 5090 num;
1231 5035 1393 5101 1639,
1416 5035 1675 5091 consistit.
1703 5033 1876 5106 Paulo
1919 5043 2042 5103 post

468 5105 1023 5174 editi,adimpleverit,
1046 5116 1120 5170 et,
1153 5106 1592 5166 adimpleverunt.
1621 5105 1825 5161 Deinde
1861 5121 2042 5159 eorum

473 5179 780 5232 restituitur
810 5192 875 5228 ex
911 5192 1012 5230 ms.
1048 5176 1218 5242 Regio
1249 5192 1400 5230 num.
1449 5175 1606 5231 1639.

547 5247 658 5316 (12)
694 5245 790 5299 Ms.
822 5245 1024 5310 Regius
1062 5262 1211 5300 num.
1248 5245 1413 5309 1639,
1446 5247 1548 5301 nisi
1589 5248 1635 5300 si
1677 5246 1881 5316 aliquid
1922 5261 2038 5314 pro-

477 5317 716 5386 fundius.
741 5316 944 5372 Deinde
973 5332 1165 5371 omnes
1192 5331 1326 5370 mss.
1357 5327 1412 5370 et
1453 5317 1604 5378 editi,
1650 5334 1820 5386 sermo
1845 5317 1941 5370 iste
1970 5316 2044 5369 si-

474 5385 725 5456 gniﬁcat;
752 5386 844 5439 sed
868 5389 1068 5441 rectius
1099 5385 1371 5450 Rabanns,
1400 5386 1676 5456 signiﬁcet.
1725 5385 1891 5440 Paulo
1923 5393 2048 5454 post

471 5455 956 5526 editi,judicentur
987 5459 1111 5526 (ms.
1169 5456 1372 5525 Regius
1421 5455 1568 5510 num.
1604 5455 1762 5522 1659,
1789 5456 2046 5526 judican-

472 5525 582 5592 tur)
608 5543 709 5579 non
733 5527 785 5577 lii
823 5527 914 5593 qui
953 5525 1186 5594 tempore
1213 5528 1366 5593 primi
1389 5535 1535 5580 sunt.

545 5595 655 5718 (115)
684 5595 777 5717 lSic
801 5611 990 5652 omnes
1035 5613 1168 5651 mss.
1202 5607 1258 5649 et
1304 5595 1458 5650 editi.
1507 5594 1766 5651 Rabanus
1804 5610 1953 5658 vero,
1987 5609 2046 5649 eo

545 5686 570 5718 υ
617 5706 629 5718 .
655 5683 684 5718 e
712 5681 762 5718 c.

508 5677 629 5724 uad.
655 5677 762 5720 etc.

469 5683 629 5736 quoa.
655 5683 762 5720 etc.

544 5736 654 5808 (14)
690 5736 831 5808 Editi
867 5746 1052 5808 et_ms.
1083 5734 1283 5804 Regius
1312 5752 1470 5808 num.
1497 5735 1654 5801 1639,
1686 5737 1740 5790 in
1770 5735 1938 5808 nobis.

548 5806 660 5876 (15)
685 5807 762 5860 lta
799 5823 898 5860 ms.
925 5806 1128 5874 Regius
1161 5823 1310 5860 num.
1344 5806 1501 5860 1639.
1531 5809 1635 5860 Sed
1677 5807 1858 5860 caeteri
1893 5821 2044 5868 mss.,

473 5877 732 5933 [tabanus
765 5877 993 5947 etcditi,
1025 5879 1078 5935 iu
1101 5879 1241 5932 omni
1261 5893 1446 5948 genere
1473 5879 1755 5932 castitatis.

1795 4645 1839 4676 ⁵⁷
1869 4643 2022 4694 Rom.
2075 4656 2188 4696 xvi.
2248 4635 2301 4690 5.
2376 4634 2421 4666 ⁸⁸
2451 4634 2466 4687 l
2500 4633 2627 4688 Cor.
2658 4647 2772 4698 xvt,
2803 4630 2891 4685 15.
2968 4629 3015 4661 ⁸¹⁹
3058 4630 3212 4683 Rem.
3248 4642 3358 4693 xvt,
3389 4625 3445 4680 6.

1766 4714 1811 4746 ⁸³
1842 4713 1974 4770 Luc.
2012 4727 2086 4778 tv,
2121 4711 2206 4766 19.

3539 4625 3584 4655 ⁸⁸
3608 4623 3705 4676 Tit.

2284 4706 2331 4736 “
2360 4705 2518 4759 Rom.
2545 4719 2658 4767 ενι,
2679 4702 2734 4756 8.

2221 4889 2334 4962 (16)
2364 4888 2455 4942 Sic
2484 4903 2614 4962 mss.
2649 4884 2850 4962 Regius
2874 4898 3027 4962 nium.
3249 4880 3324 4962 fta
3375 4883 3546 4962 etiam
3593 4882 3710 4962 editi

2149 4951 2422 5030 plerique,
2453 4959 2544 5027 qui
2575 4951 2780 5030 habent
2818 4956 2871 5008 in
2897 4955 3027 5030 line,
3065 4954 3120 5007 in
3158 4951 3376 5030 Christo
3425 4951 3577 5005 Iesu.

2150 5019 2332 5084 caeteri
2377 5019 2532 5095 mss.,
2563 5039 2610 5082 et
2642 5027 2732 5096 qui
2770 5035 2891 5079 ante
2916 5027 3126 5091 fuerunt
3152 5025 3204 5076 in
3229 5019 3448 5096 Christo
3470 5064 3484 5088 ,
3507 5024 3712 5096 omissis

2149 5117 2230 5155 me
2258 5111 2307 5153 et
2338 5099 2491 5162 Iesu,
2518 5091 2828 5167 quae'voces
2857 5096 3185 5149 omittuntur
3218 5094 3388 5148 etiam
3437 5108 3468 5146 a
3503 5091 3714 5147 Rabano

2152 5182 2208 5225 et
2245 5172 2298 5224 in
2329 5169 2568 5224 editione
2601 5167 2827 5222 Veneta.

2224 5240 2337 5311 (17)
2369 5240 2532 5311 Editi,
2551 5249 2812 5311 cognatos
2830 5243 2881 5289 et
2907 5237 3236 5311 concapriuos
3256 5249 3371 5287 esse
3394 5233 3655 5311 testatur?

2220 5305 2330 5379 (18)
2355 5306 2518 5374 Editi,
2551 5305 2708 5361 Verbi
2727 5307 2864 5379 enim
2888 5307 3061 5379 gratia
3086 5309 3159 5360 sic
3173 5307 3424 5379 (dicamus
3451 5305 3588 5379 quod
3609 5319 3713 5379 eam

2154 5372 2393 5446 captiuus
2433 5372 2562 5433 esset
2586 5378 2810 5445 populus
2837 5372 3008 5428 Israel
3043 5375 3458 5446 apudAssyrios
3491 5372 3565 5446 uel
3616 5374 3712 5446 lla-

2154 5443 2416 5520 bylonios,
2443 5443 2848 5520 ontnesquidem
2883 5455 3036 5520 erant
3068 5444 3280 5520 captiui,
3301 5445 3403 5520 sed
3448 5443 3555 5496 alia
3591 5445 3708 5520 ratio

2152 5516 2207 5574 in
2249 5523 2451 5574 cwteris
2485 5519 2729 5586 captivis,
2757 5527 2862 5570 etc.
2890 5516 2994 5570 Sed
3028 5533 3184 5578 mss.,
3215 5516 3497 5577 Rabanns,
3536 5524 3587 5566 et
3610 5516 3714 5564 edi-

2155 5592 2230 5644 tio
2263 5591 2459 5645 Veneta
2485 5589 2624 5642 hunc
2655 5587 2833 5641 locum
2857 5587 3223 5640 restituuntnt
3245 5587 3297 5637 in
3337 5594 3526 5638 nostro
3556 5592 3708 5636 textu.

2154 5660 2254 5715 Ms.
2295 5670 2472 5713 tamen
2505 5658 2702 5727 Regius
2732 5672 2884 5712 num.
2921 5656 3055 5710 1639
3083 5668 3134 5710 et
3165 5655 3422 5727 Rabanns
3447 5655 3639 5708 habent
3663 5658 3713 5703 ut

2156 5733 2210 5786 in
2242 5733 2428 5786 editis.
2454 5732 2542 5782 sed
2569 5725 2680 5781 alia
2714 5731 2851 5780 ratio
2876 5728 2932 5780 in
2962 5727 3164 5781 cwteris
3198 5725 3445 5794 captivis,
3478 5734 3582 5779 etc.

2231 5800 2343 5871 (19)
2379 5800 2546 5864 Editi,
2576 5813 2692 5869 qua:
2729 5798 2881 5868 longe
2924 5815 2955 5852 a
3007 5796 3221 5866 reliquis
3275 5795 3478 5849 ratione
3521 5795 3711 5847 diserta

2155 5881 2252 5927 est.

1805 6526 2120 6536 -ἠιν-----
2139 6530 2151 6531 κ
