3812 6532
18 451 170 508 ιῖὃι

15 566 210 622 lectus
232 573 317 622 est
344 563 519 633 Pauli,
551 557 837 620 laudabilis
861 568 917 614 et
936 554 1266 617 salutatione
1291 558 1489 635 dignus
1531 555 1612 613 el-
1638 554 1688 611 Α
1782 554 1873 603 29.
1909 554 2152 635 Salutate
2176 554 2441 635 Persraan

1120 656 1125 661 -
1352 625 1377 629 ’
1442 631 1446 635 ’
1605 661 1608 665 ~
1720 637 1979 693 laboravit
2003 636 2060 689 in
2094 633 2320 688 Domino
2354 625 2437 684 ’³.
2460 629 2691 685 Videtur
2731 628 2850 683 htec
2881 625 3055 697 magis
3084 625 3297 680 laudari

17 657 244 714 ﬁcitur.

96 753 200 810 25.
243 752 488 810 Salutate
525 749 798 807 Urbanum
843 748 1142 819 adjutorem
1193 758 1366 799 meum
1408 739 1523 813 (20)
1562 741 1618 794 in

20 840 276 905 Christo,
296 851 345 896 et
372 837 607 911 Stachyn
658 839 906 892 dilectum
938 852 1109 892 meum
1139 836 1207 890 ⁸⁸.
1262 834 1503 905 Stachyn
1560 831 1615 886 in

20 933 364 987 salutatione
407 931 706 1002 coniungit,
766 930 860 985 sed
911 929 1191 986 Urbanum
1250 926 1305 981 in
1368 923 1619 979 laudibus

25 1017 483 1095 pmtulit.'lllum
512 1024 655 1080 enim
681 1023 983 1092 adiutorem
1006 1021 1059 1075 in
1091 1018 1348 1083 Christo;
1378 1016 1617 1087 Slachyn

21 1133 169 1173 vero
192 1118 448 1173 dilectum
502 1117 881 1172 tantummodo
941 1114 1068 1176 sibi,
1114 1113 1256 1167 sicut
1286 1111 1616 1180 Ampliatum

24 1211 366 1266 nominavit.
396 1209 631 1279 Adjutor
659 1217 841 1264 autem
864 1204 1105 1277 Apostoli
1147 1204 1201 1258 in
1232 1203 1474 1266 Christo,
1511 1216 1617 1254 non

24 1301 187 1355 aliud
217 1300 536 1370 intelligitur
580 1315 741 1370 quam
786 1297 1065 1369 apostolici
1112 1296 1292 1366 operis
1321 1294 1616 1364 particeps.

98 1393 200 1449 25.
243 1392 480 1449 Salutate
529 1391 757 1461 Apellem
833 1390 1054 1462 probum
1078 1389 1133 1443 in
1164 1386 1374 1443 Christo
1409 1385 1455 1418 “
1480 1385 1614 1457 (21).

24 1484 181 1542 Puto
206 1491 354 1541 hunc
379 1484 625 1555 Apellem
650 1499 749 1555 per
785 1484 983 1539 multas
1030 1480 1412 1537 tribulationes
1435 1489 1617 1534 trans—

28 1578 149 1633 isse
211 1578 483 1648 patienter
507 1585 562 1632 et
590 1575 806 1631 fortiter
847 1584 1203 1637 sustentatas.
1243 1581 1300 1627 et
1332 1573 1450 1626 ideo
1488 1586 1618 1643 pro.

29 1671 283 1725 nuntiari
320 1670 388 1725 ab
430 1667 694 1739 Apostolo
742 1668 998 1738 probum,
1039 1667 1337 1722 secundum
1376 1680 1441 1719 ea
1499 1679 1620 1733 quae

30 1762 157 1831 ipse
184 1763 240 1817 in
268 1762 387 1817 aliis
411 1762 566 1829 dixit,
615 1761 739 1830 quia
775 1759 1052 1814 tribulatio
1091 1758 1403 1828 patientiam
1432 1772 1621 1827 opera-

32 1868 147 1924 tur,
215 1856 476 1926 patientia
548 1869 669 1909 vero
730 1854 1117 1918 probationem,
1185 1851 1428 1921 probatio
1500 1865 1618 1903 vero

992 438 1350 501 COMMENT.
1387 434 1457 493 ΙΝ
1492 431 1717 491 EPIST.
1757 431 1846 487 AD
1886 429 2057 487 ROM.
2089 426 2221 483 LIB.
2266 422 2336 480 Χ.

3154 418 3295 477 1282

1782 547 1873 603 29.
1909 543 2152 600 Salutate
2176 538 2458 596 Persidam
2482 536 2876 604 charissimam,
2914 546 3033 607 qua:
3065 534 3293 589 multum

1718 745 1882 800 quam
1907 726 2212 796 Tryphaena
2243 732 2299 779 et
2342 721 2648 793 Trypbosa,
2686 718 2946 790 quoniam
2977 718 3193 788 quidem
3232 717 3297 771 il-

1719 821 1799 876 las
1828 820 2102 875 laborasse
2121 816 2253 871 dicit
2284 816 2335 868 in
2367 814 2619 879 Domino,
2646 813 2785 868 hanc
2810 819 2989 866 autem
3010 810 3302 865 laborasse

1720 911 1944 967 multum
1976 910 2029 962 in
2066 907 2315 970 Domino,
2335 905 2421 961 cui
2452 902 2663 958 addidit
2695 910 2750 957 et
2773 903 3165 956 charissimam.

1789 999 1881 1056 50.
1909 996 2148 1053 Salutate
2181 994 2374 1063 Rufum
2398 994 2614 1050 electum
2640 992 2697 1047 in
2722 993 2967 1053 Domino.
2998 1002 3044 1045 et
3070 998 3294 1044 matrem

1718 1092 1835 1161 ejus
1864 1098 1912 1145 et
1950 1104 2122 1144 meam
2157 1088 2225 1143 ⁷⁵.
2277 1087 2391 1141 Non
2434 1095 2566 1155 puto
2613 1084 2666 1138 in
2719 1084 2837 1138 istis
2875 1081 3297 1137 salutationibus

1721 1182 1959 1237 inaniter
1989 1179 2105 1237 fieri
2144 1193 2242 1249 per
2269 1177 2510 1248 singulos
2533 1189 2782 1246 quosque
2800 1174 2978 1228 laudis
3004 1182 3058 1226 et
3085 1170 3299 1225 saluta-

1722 1273 1886 1329 tionis
1914 1270 2295 1328 dill'erentiam.
2331 1270 2430 1337 Qui
2473 1269 2616 1323 enim
2647 1269 2752 1324 scit
2786 1270 2913 1337 quia
2943 1266 3195 1321 Christus
3221 1264 3302 1319 lo-

1720 1368 1906 1439 quitur
1934 1367 1987 1419 in
2010 1363 2176 1418 Paulo
2201 1363 2270 1429 ",
2305 1372 2486 1417 certus
2508 1370 2593 1416 est
2626 1360 2769 1432 quod
2799 1374 2899 1429 pro
2933 1359 3127 1414 merito
3157 1358 3303 1414 alius

1721 1457 1939 1527 quidem
1973 1455 2172 1525 probus
2217 1454 2418 1509 dicitur
2465 1452 2534 1508 ab
2574 1467 2675 1517 eo,
2731 1451 2872 1507 alius
2918 1452 3300 1517 charissimus,

1720 1549 1859 1604 alius
1884 1548 2137 1603 laborans
2166 1548 2218 1601 in
2258 1546 2507 1612 Domino,
2533 1545 2673 1600 alius
2706 1544 2933 1599 multum
2964 1544 3217 1598 laborans
3242 1544 3300 1597 in

1723 1639 1954 1696 Domino
1984 1638 2121 1710 (23),
2169 1637 2308 1692 alius
2348 1636 2571 1702 electus,
2622 1636 2768 1691 sicut
2790 1645 2845 1690 et
2877 1636 2963 1690 hic
2995 1634 3192 1699 Rufus,
3226 1634 3299 1690 de

1721 1746 1829 1802 quo
1857 1746 2001 1787 nunc
2025 1730 2181 1786 nobis
2213 1744 2395 1785 sermo
2444 1729 2795 1793 est,‘electus
2822 1728 2875 1782 in
2905 1728 3135 1782 Domino
3162 1726 3323 1781 salu--

1727 1834 1891 1879 tatur.
1934 1824 2110 1879 Credo
2139 1822 2281 1893 quod
2314 1822 2480 1877 sciret
2512 1821 2716 1877 Paulus
2760 1833 2881 1876 esse
2910 1834 3032 1872 eum
3078 1820 3145 1872 de
3194 1832 3300 1871 nu-

31 1911 185 2017 ,ρεξη
210 1911 278 2001 ἆτ’
320 1946 616 2002 Videndum
637 1911 769 2000 sane
798 1952 883 1999 est
904 1959 972 1999 ne
1001 1911 1138 1998 [Grpe
1162 1911 1275 2011 ibse
1304 1941 1375 1996 si,
1409 1940 1499 1995 hic
1527 1940 1619 2010 qui
1653 1911 1696 1966 Β
1727 1931 1875 1971 mero
1898 1929 2006 1969 non
2039 1914 2329 1969 multorum
2358 1914 2448 1984 qui
2478 1912 2657 1967 vocati
2690 1919 2838 1975 sunt,
2874 1911 2968 1966 sed
3003 1922 3301 1979 paucorum

36 2042 89 2092 in
118 2040 350 2093 Actibus
370 2038 734 2107 apostolorum
751 2036 796 2069 “
817 2035 1005 2105 Apollo
1026 2034 1361 2097 nominatur,
1386 2030 1623 2087 Alexan-

34 2133 259 2195 drinus,
289 2131 341 2183 in
375 2128 676 2199 Scripturis
701 2130 964 2182 eruditus.

109 2201 206 2255 25.
246 2193 486 2255 Salutate
501 2193 602 2254 ’θοι
637 2200 727 2267 qui
756 2208 878 2253 sunt
913 2213 979 2252 ea:
1025 2194 1318 2250 A‘ristobuli
1363 2196 1521 2250 domo
1551 2193 1619 2248 ".

37 2291 313 2360 Quoniam
354 2290 492 2346 nihil
520 2290 692 2345 Otiose
729 2290 782 2343 in
828 2288 1026 2344 litteris
1059 2279 1303 2357 Apostoli
1354 2286 1438 2340 vel
1472 2285 1641 2339 addi--

40 2397 129 2441 tur
166 2386 255 2440 vel
281 2384 563 2449 minuitur,
602 2382 737 2438 istos
759 2381 847 2451 qui
886 2380 1055 2453 683
1085 2380 1316 2437 sunt‘vel
1340 2380 1405 2433 de
1426 2380 1620 2443 domo,

36 2478 123 2533 vel
148 2477 220 2532 de
237 2475 439 2531 familia
455 2471 784 2536 Aristobuli,
813 2487 918 2527 non
943 2473 1145 2527 frustra
1177 2486 1352 2540 neque
1375 2471 1620 2534 dilectos,

37 2582 221 2639 neque
245 2568 442 2639 probos
462 2606 478 2633 ,
509 2581 682 2636 neque
706 2565 986 2636 adjutores
1014 2565 1067 2619 in
1096 2562 1316 2619 Christo
1339 2563 1580 2618 nominat
1604 2580 1619 2616 :

38 2665 133 2717 sed
173 2662 318 2717 forte
350 2660 474 2729 quia
516 2658 650 2713 nihil
679 2658 784 2715 tale
810 2656 1086 2712 habebant
1114 2656 1167 2711 in
1198 2655 1427 2720 meritis,
1461 2655 1624 2711 idcir-

38 2768 103 2809 co
129 2767 235 2808 eos
263 2750 378 2805 solo
405 2749 564 2804 titulo
591 2747 938 2803 salutationis
960 2746 1271 2802 honoravit.

106 2843 206 2899 26.
251 2841 489 2898 Salutate
524 2839 877 2897 Herodionem
910 2847 1193 2908 cognatum
1241 2853 1415 2891 meum
1442 2837 1512 2892 ".
1555 2836 1625 2893 Et

39 2936 151 3002 hic,
200 2934 457 2989 similiter
504 2940 563 2985 ιιι
608 2930 956 2986 Andronicus
988 2939 1045 2984 et
1089 2927 1301 2990 Juuias.
1351 2939 1622 3000 cognatus

42 3025 197 3081 Pauli
246 3024 485 3079 dit-itur:
523 3021 619 3078 sed
655 3036 831 3089 neque
861 3020 1217 3088 concaptivns
1256 3029 1316 3075 ut
1366 3021 1464 3085 illi,
1519 3037 1613 3077 ne-

42 3132 149 3188 que
195 3114 391 3171 nobilis
426 3114 480 3167 in
531 3111 809 3182 apostolis.
855 3110 909 3164 in
952 3110 1036 3165 his
1082 3108 1176 3180 qui
1216 3118 1344 3165 ante
1392 3110 1622 3165 Paulum

45 3211 270 3266 fuerunt
299 3211 353 3265 in
379 3208 617 3273 Christo,
658 3206 993 3262 nominatur.
1035 3204 1186 3260 Unde
1215 3205 1620 3274 intelligendum

44 3314 127 3360 est
156 3306 325 3359 etiam
356 3302 408 3356 in
431 3301 516 3355 bis
558 3300 701 3371 quod
741 3306 1001 3368 cognatos
1028 3311 1157 3352 suos
1211 3296 1406 3351 Paulus
1438 3298 1649 3368 appel--

46 3397 137 3459 lat.
166 3409 296 3451 esse
330 3392 552 3447 multam
596 3390 951 3448 differentiam
971 3430 987 3454 ,
1038 3389 1337 3446 secundum
1367 3392 1535 3457 illam.
1565 3404 1626 3449 ut

45 3505 144 3560 ego
178 3487 441 3554 arbitror,
480 3485 766 3549 rationem,
801 3499 967 3556 quam
996 3485 1251 3556 superius
1275 3486 1489 3556 aperire
1519 3496 1629 3542 ten-

48 3586 311 3638 tavimus.

113 3678 209 3731 2‘7.
245 3675 485 3732 Salutate
511 3689 598 3729 eos
637 3673 726 3742 qui
757 3682 878 3727 sunt
918 3688 983 3727 ex
1019 3672 1266 3727 Narcissi
1304 3672 1484 3735 domo,
1531 3662 1623 3745 qui

47 3778 170 3824 sunt
208 3768 266 3822 in
306 3767 525 3821 Domino
556 3765 625 3819 τί.
653 3764 923 3820 Videntur
962 3765 1181 3834 quidem
1235 3764 1418 3834 plures
1457 3765 1627 3820 fuisse

50 3875 113 3914 ex
162 3860 326 3914 domo
366 3859 449 3913 vel
491 3858 693 3913 familia
733 3856 992 3923 Narcissi,
1044 3857 1138 3913 sed
1182 3872 1288 3912 non
1331 3874 1523 3913 omnes
1570 3857 1626 3911 in

54 3954 286 4007 Domino
316 3952 483 4006 fuisse
514 3967 527 4002 :
577 3959 633 4005 et
656 3950 777 4005 ideo
807 3949 1016 4005 addidit
1042 3964 1137 4006 eos
1166 3949 1477 4004 salutandos
1505 3963 1626 4005 esse

52 4046 136 4112 qui
163 4053 289 4097 sunt
314 4044 368 4096 in
394 4041 638 4096 Domino.

120 4137 217 4192 28.
246 4135 487 4191 Salutate
512 4133 867 4201 Tripha'nam,
909 4140 957 4186 et
995 4129 1340 4200 Tryphosam.
1379 4144 1500 4198 quia
1543 4127 1628 4181 la-

54 4234 243 4285 borant
290 4228 350 4282 in
399 4218 623 4281 Domino
648 4226 716 4280 τ’.
748 4224 957 4280 Bonum
1005 4223 1071 4276 de
1113 4221 1209 4275 liis
1245 4220 1339 4274 dat
1383 4219 1630 4273 testimo-

55 4321 229 4382 nium,
254 4332 485 4391 quarum
530 4315 766 4371 laborem
799 4327 904 4368 non
947 4310 1108 4379 hujus
1141 4311 1324 4365 mundi
1357 4309 1503 4381 (‘22),
1530 4325 1631 4364 ne-

57 4427 159 4482 que
188 4409 494 4466 communis
524 4411 672 4471 vitm,
711 4406 804 4463 sed
849 4405 902 4459 in
943 4404 1171 4458 Domino
1204 4417 1326 4458 esse
1369 4410 1629 4457 testatur.

58 4503 209 4558 llulti
261 4502 404 4557 enim
454 4500 739 4564 laborant,
788 4499 883 4553 sed
934 4512 1041 4552 non
1097 4494 1337 4550 omnium
1390 4493 1628 4549 laborem

59 4602 278 4651 constat
307 4607 426 4648 esse
454 4592 507 4646 in
537 4590 784 4646 Domino.

1722 2006 1817 2077 qui
1848 2007 2008 2062 electi
2054 2015 2182 2061 sunt
2206 2006 2254 2037 "
2296 2021 2311 2058 :
2357 2005 2513 2075 cujus
2560 2014 2617 2061 et
2655 2013 2829 2058 mater
2867 2011 3076 2057 tantum
3122 2000 3302 2054 meriti

1723 2099 1936 2163 habuit,
1976 2106 2037 2152 ut.
2079 2112 2199 2153 eam
2234 2095 2432 2151 Paulus
2458 2094 2613 2151 suam
2653 2094 3016 2149 nominaverit
3049 2100 3303 2155 matrem,

1724 2211 1847 2251 cum
1894 2208 2002 2265 quo
2040 2192 2204 2250 etiam
2256 2195 2395 2264 ipse,
2441 2194 2585 2249 sicut
2632 2192 2791 2248 Jesus
2830 2207 2953 2248 cum
2997 2190 3205 2246 Joanne
3232 2189 3303 2252 ".

1722 2302 1887 2345 unum
1924 2288 2157 2358 partitur
2183 2289 2371 2342 matris
2400 2285 2650 2341 allectum
2681 2282 2816 2355 (24).

1792 2383 1882 2437 5i.
1914 2380 2161 2437 Salutate
2195 2383 2566 2450 Asyncretum,
2608 2374 2985 2448 Phlego'ntam,
3030 2373 3305 2438 Hermem,

1724 2473 2039 2534 Patrobam,
2072 2469 2348 2535 Hermam,
2375 2478 2426 2524 et
2448 2471 2495 2524 si
2519 2471 2609 2540 qui
2633 2472 2756 2524 sunt
2784 2482 2903 2522 cum
2922 2467 2996 2521 eis
3020 2466 3212 2536 fratres
3231 2462 3302 2517 ⁷⁸.

1725 2564 1801 2621 De
1832 2565 1950 2619 istis
1975 2564 2204 2634 simplex
2230 2572 2320 2618 est
2349 2562 2631 2628 salutatio,
2682 2575 2784 2616 nec
2817 2558 3020 2629 aliquid
3052 2558 3134 2612 eis
3171 2554 3307 2609 iusi-

1724 2672 1828 2729 gne
1876 2656 2052 2711 laudis
2097 2656 2437 2726 adjungitur.
2478 2654 2617 2708 Puto
2663 2662 2842 2707 tamen
2885 2651 3030 2723 quod
3075 2649 3309 2704 Hermas

1726 2749 1830 2804 iste
1854 2753 1928 2804 sit
1953 2750 2193 2818 scriptor
2242 2748 2407 2802 libelli
2446 2747 2587 2801 illius
2616 2745 2708 2816 qui
2741 2743 2938 2798 Pastor
2978 2740 3306 2813 appellatur,

1725 2856 1845 2911 qua!
1868 2841 2137 2910 scriptura
2173 2838 2331 2893 valde
2364 2837 2494 2891 tuihi
2534 2835 2684 2889 utilis
2712 2837 2961 2899 videtur,
3010 2843 3064 2888 et
3094 2842 3152 2887 ut
3178 2845 3310 2902 puto

1725 2933 1985 2987 divinitus
2031 2932 2315 3002 inspirata.
2361 2929 2516 2996 Quod
2557 2941 2688 2982 vero
2723 2925 2855 2981 nihil
2885 2926 2932 2980 ei
2983 2924 3157 2980 laudis
3190 2924 3309 2995 (25)

1726 3025 2005 3093 ascripsit,
2038 3023 2150 3090 illa;
2177 3022 2395 3093 opinor.
2419 3028 2503 3075 est
2531 3033 2720 3082 causa,
2752 3018 2877 3088 quia
2909 3017 3140 3080 videtur,
3167 3016 3311 3070 sicut

1726 3117 1996 3185 scriptura
2038 3115 2128 3169 illa
2161 3112 2419 3175 declarat,
2458 3119 2580 3180 post
2611 3110 2779 3164 multa
2813 3117 3035 3180 peccata
3074 3108 3141 3162 ad
3186 3120 3308 3178 pa:-

1727 3205 2009 3261 nitentiam
2043 3205 2215 3260 fuisse
2246 3216 2593 3259 conversus:
2621 3208 2677 3256 et
2724 3200 2845 3255 ideo
2889 3212 3064 3268 neque
3109 3212 3310 3267 oppro-

1728 3298 1903 3352 brium
1943 3297 1992 3353 ei
2038 3297 2259 3366 aliquod
2289 3296 2506 3365 scripsit
2538 3310 2551 3347 :
2590 3293 2862 3348 didicerat
2910 3290 3055 3346 enim
3090 3304 3119 3342 a
3162 3288 3312 3343 Scri-

1727 3397 1884 3456 ptura
1940 3403 2046 3443 non
2092 3388 2469 3456 improperare
2531 3381 2736 3438 homini
2784 3376 3120 3435 convertenti
3169 3390 3229 3431 se
3279 3393 3309 3429 ει

1728 3486 1953 3548 peccato
1977 3476 2025 3508 "
2051 3494 2066 3531 :
2100 3491 2278 3546 neque
2302 3476 2480 3530 laudis
2510 3473 2715 3543 aliquid
2741 3471 2949 3534 tribuit,
2979 3470 3105 3539 quia
3132 3468 3311 3522 adhuc

1729 3569 1938 3640 positus
1981 3577 2105 3623 erat
2160 3570 2262 3623 sub
2310 3566 2508 3636 angelo
2539 3549 2890 3634 paenitentia:
2935 3561 3073 3634 (26),
3126 3575 3154 3612 a
3202 3574 3315 3629 quo

1732 3671 1971 3730 tempore
2000 3672 2309 3730 opportuno
2338 3658 2558 3716 Christo
2594 3672 2818 3719 rursum,
2847 3653 3068 3709 deberet
3096 3649 3304 3706 offerri.

1729 3752 2053 3823 lntelligitur
2075 3763 2256 3806 autem
2293 3750 2435 3821 quod
2476 3748 2640 3804 simul
2685 3746 3054 3803 habitaverint
3084 3745 3138 3798 hi
3171 3759 3311 3813 quo-

1728 3860 1847 3900 rum
1882 3844 2137 3900 salutatio
2167 3844 2371 3898 sociata
2397 3851 2501 3898 est.

1798 3937 1892 3993 32.
1924 3935 2168 3991 Salutate
2198 3932 2541 4005 Pliilologum
2576 3934 2637 3986 et
2684 3929 2891 3986 Iuliam
2912 3968 2928 3993 ,
2976 3927 3211 3982 Nereum
3254 3934 3312 3983 et

1728 4046 1960 4084 sororem
1991 4028 2126 4097 ejus,
2162 4038 2211 4080 et
2245 4011 2633 4095 Olympiadem,
2672 4032 2722 4077 et
2768 4036 2945 4075 omnes
2981 4030 3192 4075 sanctos
3215 4020 3312 4088 qui

1730 4140 1848 4178 cum
1878 4123 1954 4176 eis
1987 4131 2108 4175 sunt
2140 4119 2207 4176 ‘°.
2239 4117 2427 4174 Potest
2474 4117 2591 4173 fieri
2628 4125 2687 4171 ut
2730 4114 3047 4183 Philologus
3075 4124 3130 4167 et
3158 4112 3303 4169 Julia

1730 4211 1989 4282 coniuges
2017 4211 2248 4275 fuerint;
2282 4209 2463 4264 caeteri
2504 4207 2786 4263 domestici
2826 4220 3036 4268 eorum,
3076 4206 3145 4259 ad
3170 4220 3313 4276 quos

1731 4306 1958 4374 simplex
1986 4303 2246 4357 salutatio
2284 4301 2561 4370 dirigitur.

1801 4398 1891 4452 55.
1939 4394 2183 4450 Salutate
2216 4393 2433 4447 invicem
2471 4394 2528 4446 in
2559 4388 2738 4445 osculo
2781 4398 2965 4444 sancto
2994 4388 3062 4437 ⁸⁸.
3098 4389 3172 4442 Ex
3207 4388 3315 4443 hoc

1734 4501 2007 4563 sermone,
2043 4487 2273 4555 aliisque
2314 4484 2589 4539 nonnullis
2641 4482 2931 4545 similibus,
2979 4497 3096 4536 mos
3128 4480 3349 4535 Eccle-'

1662 4601 1708 4660 ι)
1734 4581 1835 4637 riis
1863 4579 2099 4633 traditus
2124 4586 2209 4632 est
2233 4585 2292 4629 ut
2323 4585 2446 4647 post
2475 4574 2753 4631 orationes
2787 4574 2973 4629 osculo
2994 4588 3053 4628 se
3080 4574 3312 4628 invicem

126 4712 174 4744 ⁸⁸
208 4711 491 4767 Rom.xv1.
514 4707 568 4764 9.
612 4704 817 4777 “ibid.
841 4704 947 4777 lo.
969 4704 1014 4736 "
1035 4700 1407 4777 Rom._v,§,«_i.
1479 4701 1524 4734 ⁸⁸
1547 4704 1622 4758 Ac

1741 4697 1971 4777 vu_t_,_‘if.4.
2000 4697 2058 4777 _"
2087 4693 2244 4749 Rom.
2279 4709 2390 4777 κη,
2415 4693 2511 4777 ll_._
2544 4693 2626 4777 "’
2662 4692 2791 4746 ibid.
2819 4690 2979 4777 xvi.)
2998 4690 3091 4777 l.n
3117 4688 3310 4777 "nibid.

60 4756 971 4837 ﬂibiiif'iéf'ia'ibidf’"inim.
1029 4756 1115 4830 ιδ.
1188 4756 1468 4829 "'n'Cor.
1509 4756 1625 4838 xm;

1799 4756 2053 4824 "Matth.
2090 4781 2223 4828 χιιι,
2303 4756 2392 4820 Η.
2466 4762 2692 4819 "Joan.
2733 4778 2843 4826 tux,
2880 4760 2972 4817 26.
3045 4759 3093 4792 ⁷³
3150 4756 3315 4813 Rom-

59 4867 166 4917 xvr,
204 4852 292 4906 14.
365 4850 411 4882 ⁷⁸
440 4849 736 4912 Eccli.vm,
768 4846 822 4902 6.
897 4844 943 4885 ³⁸
967 4843 1276 4907 Βοηι.ἰνι,
1312 4842 1402 4897 15.
1479 4842 1524 4875 ⁸⁸
1552 4845 1623 4899 ibi

1753 4842 1807 4896 6.

125 4948 245 5018 (20)
268 4946 431 5018 Editi.
462 4945 756 5018 adjutorem
782 4950 1050 5018 nostrum.
1073 4939 1273 5018 Deinde
1304 4953 1435 5018 mss.
1466 4938 1629 5007 pleri-

61 5009 184 5087 que,
223 5009 480 5071 Rabanus
504 5009 743 5087 e'tgediti,
773 5012 841 5067 Et
867 5014 1004 5087 istos
1032 5012 1088 5064 in
1134 5009 1456 5087 salutatione
1505 5026 1632 5087 con-

1739 4940 1863 4992 dam
1894 4937 2088 4992 vitiose
2115 4936 2351 4990 habeant
2375 4932 2578 5002 patitur
2601 4944 2701 4999 pro
2736 4925 2999 5002 pqr-titur;
3027 4924 3224 5002 deinde
3257 4922 3315 4975 in

1736 5010 1853 5063 haec
1886 5008 2045 5059 verba
2070 5048 2085 5071 ,
2122 5004 2361 5060 Salutate
2375 4992 2749 5072 'Asyncre't'um,
2775 4996 3141 5072 Phlegontam,
3176 4992 3316 5047 Her-

54 5066 809 5158 jiiﬁétt‘Q’iéii’ie'éiquiiis.
865 5082 1065 5153 Regius
1095 5094 1243 5134 num.
1276 5077 1415 5133 1639
1474 5088 1535 5133 ut
1575 5080 1629 5133 in
1667 5150 1672 5157 .
1732 5092 1888 5142 mem,
1915 5066 2546 5158 Patrdba'm,_Hermain,
2570 5084 2692 5158 (Inoo
2725 5066 3316 5158 qqtthrdﬁlubin‘terlse

66 5171 253 5213 nostro
284 5164 453 5212 textu.

1734 5134 1888 5202 mss.’
1915 5146 2110 5212 nostri,
2146 5134 2406 5199 Rabanus
2445 5134 2676 5212 signia.
2726 5138 2829 5191 Alii
2881 5136 3081 5212 habent
3115 5134 3316 5203 Assyri-

270 5202 573 5289 b'lvst‘iinus,
600 5227 655 5301 in
686 5223 936 5301 Domino.
968 5219 1134 5301 Paulo
1160 5225 1280 5287 post
1306 5216 1463 5301 editi,
1508 5233 1631 5270 sus—
1730 5224 1968 5301 eretum;
1995 5202 3310 5301 aliiPnlegoniam,.Pltleqonazt,Aet-“Pilleq‘oﬂa-r

64 5286 323 5352 tentatum
358 5311 379 5352 :
428 5286 568 5350 mss.
601 5294 866 5366 plerique,
911 5286 1281 5366 sustentans;
1344 5286 1627 5366 Ru_banus.

65 5368 391 5422 sustinuisse.
440 5362 644 5421 Deinde
690 5364 852 5418 iidem
910 5362 1132 5424 habent,
1182 5362 1631 5426 pronuntiatum;

63 5440 150 5493 sed
183 5439 386 5492 rectius
412 5451 515 5490 ms.
556 5435 752 5504 Regius
780 5431 1098 5504 num._l6'59
1129 5438 1186 5483 ιιι
1212 5429 1264 5481 in
1303 5436 1473 5504 textu.

130 5506 247 5572 (22)
280 5504 489 5559 Mundi.
523 5497 801 5561 Otni'ttitur
826 5503 878 5556 in
911 5500 1062 5555 libris
1089 5510 1245 5554 antea
1270 5497 1448 5572 editis.

277 5575 351 5647 In,
378 5574 626 5647 Domino.
651 5571 1085 5647 Praetermittitur
1117 5571 1172 5647 i_n
1206 5568 1389 5647 editis.
1410 5564 1632 5647 .l'lein‘de

66 5635 241 5701 iidcnt'
270 5644 426 5707 editi,
465 5644 723 5698 Rabanus
763 5649 817 5697 et
848 5657 980 5695 mss.
1014 5639 1278 5706 plerique,
1306 5636 1373 5689 Et
1402 5636 1486 5707 hic
1523 5635 1634 5707 Ru-

65 5718 169 5780 fus,
218 5705 599 5841 eﬁvgomisso
621 5715 776 5779 sicut,
827 5711 970 5780 quod
1011 5705 1259 5764 restituit
1295 5721 1396 5761 ms.
1433 5705 1633 5775 Regius

69 5801 213 5840 1111111.
323 5803 352 5837 ι)
393 5825 410 5841 ο

42 5808 53 5817 ‘
69 5801 213 5840 1111111.
249 5801 271 5839 1
284 5801 410 5841 UOH.

1733 5286 1825 5342 alii
1862 5274 2113 5351 Hermen,
2138 5274 2455 5346 Patiobum,
2486 5274 2742 5351 "erranti.
2786 5274 2895 5331 Sed
2925 5275 3095 5329 secuti
3124 5289 3317 5328 Sllllltts

1737 5373 1840 5413 ms.
1872 5347 2108 5426 Regium
2133 5370 2284 5426 num.
2321 5351 2460 5407 1639
2497 5347 2885 5426 e_t_l{_ab_anum.

1808 5411 1923 5495 (‘25)
1955 5411 2119 5488 Editi,
2153 5425 2307 5495 Quod
2341 5438 2459 5495 vero
2492 5419 2623 5473 nihil
2650 5420 2723 5472 eis
2752 5415 2952 5495 laudis,
2976 5422 3088 5469 etc.
3117 5411 3317 5495 Deinde

1737 5481 1874 5552 mss.
1907 5481 2506 5566 pleriquenllaopinor
2528 5504 2591 5543 ex
2614 5503 2795 5541 causa.
2827 5485 2930 5566 his.
2961 5499 3120 5566 unus,
3144 5481 3243 5566 illa.
3262 5488 3317 5566 ut

1739 5555 1927 5633 opinor
1967 5555 2171 5621 causa.
2204 5563 2311 5620 Sed
2351 5555 2620 5615 'Rabanus
2666 5568 2721 5611 et
2773 5556 2906 5612 editi
2938 5564 2999 5609 ut
3045 5555 3098 5607 iu
3130 5561 3319 5605 nostro

1742 5645 1926 5785 uiiii)
1958 5703 2048 5759 Sic
2075 5718 2179 5785 ιηε-
2210 5702 2411 5785 ﬂexi"?
2440 5715 2591 5785 num.-
2620 5695 2835 5785 iﬁﬁttst
2856 5693 3315 5785 εῖειίιίεηιξέἓξυξιξο

1740 5770 1960 5840 vitiose,
1984 5779 2154 5845 posita
2177 5770 2402 5828 erat’sub
2428 5770 2616 5845 angelo
2628 5770 2967 5845 plenitentia.
2999 5770 3193 5845 ρωιοιι
3221 5772 3315 5815 ve-

133 5832 448 5924 ὲὶιῖῐι,
490 5853 690 5924 Pliriter
724 5850 936 5924 haberet
974 5849 1160 5903 matris
1202 5846 1470 5924 afﬂatum;
1516 5841 1627 5924 se."
1730 5862 1793 5901 ¹’⁰
1830 5832 2208 5915 υιεῧίίρωίηιδ
2230 5852 2343 5899 ‘7‘"
2366 5841 2459 5896 ωδ
2487 5832 2673 5910 ἄηθθίθ
2698 5838 2751 5891 in
2770 5832 3100 5911 “nummi”.

71 5916 256 5981 ouiucs
288 5916 508 5979 mss.'ct
536 5920 786 5978 Rabanus
813 5930 870 5975 ιιι
901 5921 953 5975 in
986 5927 1159 5980 textu,
1193 5916 1292 5972 nisi
1328 5916 1470 5980 quod
1507 5916 1628 5979 qui-
