3796 6538
475 419 614 475 £285

1950 404 2273 461 ORIGENIS

3589 411 3698 465 1286

473 535 774 606 suscipiant
799 533 1014 587 fratres.
1049 527 1164 584 Hoc
1195 536 1376 582 autem
1407 527 1650 582 osculum
1675 535 1922 581 sanctum
1951 542 2046 593 ap-
2075 531 2120 586 Α
2151 525 2338 579 nebras
2371 524 2573 590 lucem;
2607 526 2758 580 dulce
2794 543 3057 593 amarum,
3093 536 3146 580 et
3200 543 3444 581 amarum
3471 528 3610 582 dulce
3633 529 3701 592 ⁶⁸;

471 628 640 699 pellat
666 624 977 694 Apostolus.
1007 622 1127 688 Quo
1166 623 1390 674 nomine
1424 620 1556 673 illud
1596 621 1751 673 docet
1796 619 1908 689 (27)
1938 620 2050 688 pri-

474 735 583 780 mo,
625 726 685 772 ut
721 726 874 770 casta
922 713 1030 768 siut
1060 710 1247 766 oscula
1277 725 1396 778 quze
1440 712 1494 762 in
1540 709 1786 798 ecclesiis
1817 710 2046 773 dantur;

471 819 586 879 tum
613 807 808 861 deinde
839 814 894 857 ut
921 802 1173 858 simulata
1207 817 1315 855 non
1348 801 1478 864 sint,
1527 797 1667 854 sicut
1700 799 1921 853 luerunt
1951 797 2049 852 Ju-

471 901 574 963 dte,
610 897 699 966 qui
730 894 976 950 osculum
1010 891 1170 946 labiis
1196 891 1376 953 dabat,
1407 900 1460 946 et
1496 890 1856 958 proditionem
1883 890 2050 944 corde

472 989 765 1046 tractabat.
798 985 1056 1040 Osculum
1086 997 1214 1036 vero
1250 981 1423 1036 ﬁdelis
1448 981 1558 1050 (‘18)
1591 982 1788 1050 primo,
1819 989 1878 1034 ut
1906 980 2048 1034 dixi-

471 1097 612 1141 mus,
647 1090 854 1133 castum
888 1076 986 1139 sit;
1035 1082 1146 1127 tum
1176 1072 1373 1126 deinde
1405 1087 1593 1141 pacem
1624 1072 1676 1125 itt
1709 1086 1768 1124 se
1795 1070 2052 1140 simplici-

469 1183 748 1240 tatemque
779 1170 975 1224 habeat
1004 1167 1058 1220 in
1089 1166 1366 1220 charitate
1400 1180 1505 1218 non
1533 1165 1680 1218 ﬁcta.

541 1266 630 1319 54.
673 1264 919 1318 Salutant
959 1278 1045 1314 vos
1068 1275 1248 1313 omnes
1274 1256 1528 1311 Ecclesiae
1552 1255 1752 1310 Christi
1783 1257 1850 1310 ⁸⁸.
1895 1255 2048 1310 Nun-

467 1359 597 1429 quid
632 1373 737 1410 non
772 1357 824 1410 in
855 1371 960 1409 una
996 1352 1242 1408 Ecclesia
1284 1351 1494 1422 positus
1541 1349 1739 1405 Paulus
1771 1351 1887 1405 bzec
1919 1351 2052 1404 scri-

468 1451 546 1505 bit
575 1449 726 1520 (29)?
755 1448 820 1502 Et
847 1446 1119 1518 quomodo
1145 1460 1328 1500 verum
1355 1455 1440 1498 est
1466 1444 1607 1512 quod
1625 1446 1866 1500 omnium
1889 1444 2047 1498 simul

467 1539 829 1594 Ecclesiarum
858 1537 1062 1591 salutes
1095 1535 1357 1590 Romana:
1385 1535 1567 1589 mittat
1609 1532 1899 1589 Ecclesiae?
1940 1532 2046 1587 Sed

466 1652 566 1706 pro
596 1651 660 1689 eo
706 1634 1009 1705 intelligere
1039 1633 1298 1687 debemus
1329 1631 1410 1686 vel
1455 1630 1600 1700 quod
1648 1645 1789 1684 unus
1824 1629 2047 1698 spiritus

467 1739 588 1783 erat
619 1729 668 1780 in
701 1726 872 1781 Paulo
907 1737 1073 1793 atque
1099 1724 1354 1778 omnibus
1391 1723 1656 1778 Ecclesiis
1705 1722 1931 1786 Christi,
1966 1719 2047 1775 vel

465 1821 703 1876 salutare
730 1821 875 1872 dicat
913 1834 1008 1886 per
1043 1817 1224 1879 ﬁdem,
1253 1825 1306 1870 et
1335 1832 1431 1885 per
1456 1815 1707 1884 spiritum
1734 1813 1907 1882 jungi.

2153 630 2209 672 et
2239 621 2289 672 in
2316 619 2402 674 his
2449 620 2704 673 seducunt
2729 621 2894 674 corda
2926 623 3314 676 innocentium.
3362 622 3429 674 Et
3454 621 3563 675 ideo
3599 622 3700 675 dili-

2151 722 2340 780 genter
2364 722 2579 782 oportet
2609 713 2896 768 intendere
2940 729 3048 783 quo
3082 727 3380 783 prospectu
3427 715 3605 767 doceat
3631 714 3702 770 ille

2151 805 2242 872 qui
2275 805 2468 869 docet;
2517 814 2696 858 utrum
2727 805 2953 874 gratiam
2996 815 3050 858 et
3074 805 3344 858 honorem
3381 805 3448 858 ab
3469 806 3701 859 auditori-

2152 893 2256 948 bus
2287 912 2556 965 quazrens,
2607 913 2675 950 au
2711 899 3011 954 mercedem
3049 915 3079 952 a
3114 897 3351 952 Domino
3384 915 3479 966 pro
3526 900 3702 952 instru-

2151 984 2334 1040 ctione
2377 996 2433 1041 et
2481 987 2725 1058 profectu
2771 989 3096 1044 discentium
3142 1003 3397 1056 sperans.
3446 989 3702 1043 Subtiliter

2150 1091 2282 1131 sane
2329 1077 2529 1132 Paulus
2585 1081 2934 1134 iudiscrctam
2979 1089 3033 1134 et
3071 1079 3290 1135 facilem
3360 1079 3699 1135 Romanorum

2150 1170 2516 1223 obedientiam
2549 1181 2724 1233 notat,
2759 1186 2988 1239 eamque
3020 1173 3223 1225 asserit
3252 1173 3456 1240 ubique
3489 1187 3584 1226 non
3610 1171 3702 1224 lau-

2151 1261 2354 1325 datam,
2407 1264 2502 1316 sed
2560 1262 2956 1333 pervulgatam.
3011 1264 3119 1317 Sed
3166 1279 3233 1318 ne
3271 1280 3365 1318 eos
3413 1280 3633 1330 rursum,
3658 1267 3694 1318 si

2150 1369 2250 1422 pro
2278 1354 2379 1409 hoc
2413 1355 2652 1422 apertius
2703 1355 3015 1425 castigaret,
3063 1356 3444 1410 inobedientes
3473 1355 3699 1418 elliceret,

2151 1445 2298 1498 addit
2335 1462 2347 1497 :
2382 1442 2449 1498 In
2476 1445 2615 1498 vobis
2645 1461 2766 1514 ergo
2808 1445 3030 1515 gaudeo.
3075 1444 3189 1500 Sed
3224 1446 3374 1500 dices
3409 1462 3422 1496 :
3454 1444 3704 1511 Quomodo

2150 1538 2430 1606 vulgarem
2479 1537 2532 1590 in
2563 1538 2645 1590 eis
2691 1546 2841 1590 notat
2888 1537 3279 1601 obedientiam,
3318 1553 3443 1591 cum
3489 1539 3622 1592 dicat
3655 1553 3702 1592 se

2150 1630 2387 1700 gaudere
2415 1629 2464 1682 in
2500 1629 2620 1682 eis?
2655 1629 2837 1683 Primo
2877 1630 3093 1699 quidem
3135 1631 3284 1684 aliud
3324 1641 3411 1685 est
3440 1641 3615 1683 notare
3636 1630 3704 1682 vi»

2152 1727 2320 1790 tium;
2353 1725 2496 1779 aliud
2534 1726 2800 1782 homines.
2848 1724 3031 1780 Potest
3070 1727 3220 1780 enim
3263 1725 3382 1779 ﬁeri
3415 1737 3473 1778 ut
3503 1724 3706 1795 gaudeat

2150 1819 2205 1873 in
2243 1818 2328 1871 his
2359 1817 2410 1870 iu
2452 1817 2647 1884 quibus
2699 1815 2862 1870 multa
2912 1817 3016 1868 alia
3070 1815 3214 1869 bona
3265 1818 3702 1886 deprehenderat;

535 1911 703 1983 684
727 1911 819 1966 55.
865 1879 1010 1977 llbgo
1053 1921 1228 1962 autem
1274 1879 1381 1970 vos,
1422 1879 1638 1976 fratres,
1677 1879 1749 1960 ut-
1766 1879 2046 1960 observetis
2080 1879 2125 1941 Β
2151 1910 2342 1962 vitium
2373 1879 2556 1962 autem
2588 1908 2732 1978 quod
2761 1909 2811 1964 ei
2840 1909 3189 1977 displicuerat
3220 1879 3396 1972 notet,
3424 1926 3492 1964 ne
3517 1879 3708 1978 putetur

466 2023 552 2061 eos
586 2008 675 2075 qui
703 2005 1054 2057 dissensiones
1080 2015 1125 2056 et
1154 2001 1476 2070 o/Tendicula
1513 2009 1708 2070 prceter
1743 1999 2044 2053 doctrinam

465 2115 622 2168 quam
642 2113 731 2151 vos
759 2096 1022 2148 didicistis
1048 2095 1275 2162 faciunt,
1305 2104 1352 2147 et
1385 2093 1646 2146 declinate
1677 2095 1740 2144 ab
1773 2091 1900 2144 illis.
1938 2089 2049 2142 Hu-

458 2190 695 2261 jnsmodt
723 2189 860 2242 enim
893 2187 1100 2240 Christo
1151 2185 1374 2239 Domino
1410 2195 1588 2238 nostro
1632 2183 1744 2254 (50)
1789 2200 1893 2236 non
1938 2199 2049 2235 ser-

465 2281 634 2344 viunt,
667 2279 758 2333 sed
789 2295 885 2332 suo
921 2277 1131 2333 ventri:
1160 2287 1208 2330 et
1235 2293 1328 2344 per
1371 2276 1550 2329 dulces
1576 2291 1840 2328 sermones
1870 2282 1921 2326 et
1963 2275 2048 2327 be-

467 2373 787 2426 nedictiones
811 2373 1061 2424 seducunt
1091 2371 1253 2422 corda
1283 2369 1664 2424 innocentium.
1703 2365 1884 2419 Vestra
1909 2368 2048 2419 enim

467 2464 762 2518 obedientia
791 2465 978 2532 ubique
1006 2461 1312 2530 pervulgata
1347 2470 1443 2513 est.
1493 2457 1558 2512 In
1588 2459 1727 2511 vobis
1760 2474 1884 2527 ergo
1917 2473 2050 2526 gau-

469 2558 567 2610 deo
598 2556 783 2625 “t3l).
817 2554 941 2608 llaec
969 2565 1024 2609 et
1057 2553 1123 2607 ad
1161 2567 1255 2607 eos
1279 2554 1368 2622 qui
1404 2551 1666 2605 Ecclesiis
1707 2559 1966 2620 pnesunt,
1995 2558 2050 2604 et

470 2650 537 2703 ad
582 2665 773 2703 omnes
807 2647 1096 2702 credentes
1150 2661 1249 2714 per
1303 2644 1566 2712 Spiritum
1607 2653 1855 2697 sanctum
1907 2641 2049 2695 scri-

467 2742 598 2798 bere
623 2740 930 2796 éredendus
975 2748 1059 2792 est
1092 2737 1312 2802 Paulus,
1354 2746 1413 2790 ut
1445 2735 1759 2806 diligentius
1801 2734 2050 2789 conside-

469 2843 611 2896 rent,
640 2843 695 2888 et
719 2831 1050 2902 perspiciunt
1081 2830 1173 2896 qui
1206 2829 1319 2882 siut
1344 2827 1434 2895 qui
1465 2827 1840 2881 dissensiones
1869 2837 1927 2879 et
1959 2825 2048 2903 of-

468 2925 738 2980 fendicula
772 2925 823 2978 in
877 2923 1140 2978 Ecclesiis
1192 2929 1475 2991 generem,
1532 2929 1587 2972 et
1621 2917 1783 2971 alieni
1832 2917 1939 2969 sint
1981 2915 2050 2970 ab

468 3017 558 3070 illa
591 3016 933 3071 beatitudine
961 3029 1122 3082 quam
1163 3013 1426 3067 Dominus
1463 3012 1778 3080 repromisit
1808 3012 1996 3066 dicens
2030 3027 2043 3062 :

471 3107 620 3161 Beati
643 3107 872 3174 paciﬁci,
895 3105 1143 3174 quoniam
1168 3105 1267 3171 ipsi
1289 3103 1386 3170 ﬁlii
1407 3102 1502 3154 Dei
1525 3101 1850 3154 vocabuntur
1864 3097 2046 3170 “(32).

2149 2000 2198 2055 ei
2220 2001 2384 2055 etiam
2416 2001 2589 2069 ipsum
2615 2017 2736 2054 cum
2767 2002 2983 2056 ueteris
3013 2001 3308 2068 placuisse.
3339 2000 3524 2056 Potest
3554 2014 3703 2056 autem

2148 2105 2204 2150 et
2232 2110 2327 2164 pro
2352 2109 2417 2149 eo
2445 2095 2646 2150 dixisse
2672 2095 2960 2164 Apostolus
2995 2098 3238 2166 gaudere
3269 2112 3330 2152 se
3362 2099 3417 2150 in
3450 2098 3550 2160 eis.
3581 2099 3701 2166 quod

2149 2188 2240 2257 qui
2271 2187 2588 2242 inobediens
2613 2196 2719 2251 est,
2749 2204 2925 2258 neque
2952 2189 3018 2241 ad
3052 2189 3279 2253 malum,
3322 2205 3504 2258 neque
3531 2191 3590 2243 ad
3620 2191 3702 2242 bo-

2151 2290 2279 2326 num
2317 2274 2453 2328 trahi
2494 2284 2671 2344 potest
2699 2295 2714 2330 :
2747 2277 2840 2345 qui
2886 2292 3015 2330 vero
3066 2279 3335 2333 obedieus
3376 2288 3484 2342 est,
3523 2279 3568 2332 si
3602 2280 3704 2347 qui-

2151 2365 2272 2418 dem
2307 2366 2374 2418 ad
2405 2366 2613 2420 inutilia
2639 2369 2907 2432 trahatur,
2945 2369 3235 2437 imperitia:
3265 2370 3431 2440 culpa
3463 2372 3550 2425 sit.
3574 2369 3704 2441 Igno-

2151 2467 2236 2510 rat
2277 2459 2423 2512 enim
2454 2459 2668 2514 inutilia
2715 2476 2838 2516 esse
2867 2477 2929 2515 ea
2978 2463 3180 2530 quibus
3221 2464 3593 2518 obedientiam
3634 2464 3704 2518 sui

2150 2553 2356 2621 prtebet
2383 2567 2398 2606 :
2431 2568 2553 2606 cum
2577 2568 2707 2608 vero
2737 2553 3132 2624 didiceritqua:
3162 2565 3293 2608 sunt
3327 2555 3502 2618 utilia,
3528 2555 3706 2610 habens

2151 2656 2397 2713 paratum
2425 2648 2746 2704 obedientite
2775 2652 3000 2713 bonum,
3036 2652 3304 2705 continuo
3358 2651 3468 2705 iter
3489 2667 3578 2719 per
3603 2666 3705 2704 eam

2151 2735 2368 2791 virtutis
2425 2740 2688 2793 ascendit.
2747 2739 2954 2796 Gaudet
2989 2755 3120 2811 ergo
3155 2741 3360 2796 Paulus
3410 2757 3569 2811 super
3598 2742 3710 2794 obe-

2151 2827 2386 2891 dientes,
2420 2839 2605 2884 certus
2635 2832 2778 2900 quod
2810 2848 2930 2886 cum
2963 2832 3214 2887 docuerit
3240 2848 3338 2888 eos
3365 2849 3475 2887 non
3522 2834 3706 2904 vulgari

2150 2920 2482 2984 obedientia,
2537 2936 2700 2990 quam
2759 2923 2981 2978 incaute
3023 2925 3282 2979 omnibus
3326 2929 3588 2995 praebent,
3642 2928 3708 2979 uti

2151 3011 2374 3079 debere,
2403 3013 2495 3067 sed
2527 3013 2612 3067 illa
2645 3014 2756 3068 sola
2784 3031 2889 3085 qua
2913 3017 3123 3071 obedire
3159 3030 3367 3086 oportet
3421 3019 3530 3073 Deo
3563 3023 3706 3088 magis

2149 3119 2310 3174 quam
2332 3104 2632 3160 hominibus
2661 3108 2730 3172 ⁸⁸,
2766 3108 2972 3163 relictis
3024 3113 3242 3164 caeteris
3298 3111 3390 3164 illa
3425 3111 3536 3165 sola
3575 3121 3708 3163 uten-

471 3197 582 3252 lloc
627 3198 796 3263 enim,
844 3194 1043 3262 inquit,
1086 3204 1146 3247 ut
1191 3192 1399 3261 paciﬁci
1431 3192 1572 3253 sitis,
1617 3206 1646 3243 a
1687 3189 1917 3244 Domino
1951 3205 2048 3260 per
2073 3226 2116 3285 ο
2153 3206 2242 3249 tur
2267 3196 2404 3267 (53).
2431 3197 2565 3251 Nam
2593 3208 2650 3254 et
2672 3214 2860 3255 revera
2894 3215 2999 3254 non
3038 3212 3124 3255 est
3153 3217 3340 3270 parva:
3367 3203 3705 3260 discretionis.

472 3285 819 3355 Evangelium
851 3282 1155 3346 didicistis;
1204 3280 1580 3335 dissensiones
1625 3294 1757 3334 vero
1803 3294 2044 3333 commo-

467 3394 596 3433 vere
627 3378 709 3430 vel
734 3376 1011 3440 scandala,
1059 3383 1260 3442 praeter
1294 3373 1603 3426 doctrinam
1642 3382 1725 3425 est
1752 3386 1915 3440 quam
1952 3386 2048 3424 vos

469 3471 772 3534 didicistis;
826 3477 882 3522 et
928 3468 1048 3521 ideo
1074 3467 1288 3520 alienus
1330 3482 1358 3519 a
1390 3465 1543 3518 vobis
1569 3465 1661 3529 sit,
1698 3479 1798 3518 nec
1825 3464 2048 3518 omnino

470 3562 772 3632 recipiatur
816 3561 958 3613 inter
1003 3573 1098 3613 vos
1127 3558 1216 3625 qui
1250 3559 1548 3612 certamina
1584 3566 1910 3620 commovet,
1955 3556 2048 3624 qui

469 3651 824 3722 seritjurgia,
860 3651 950 3719 qui
982 3650 1103 3704 lites
1128 3649 1366 3711 excitat,
1395 3659 1448 3703 et
1476 3649 1653 3703 studia
1685 3647 2048 3701 contentionis

467 3755 712 3800 exercet.
750 3743 850 3810 Qui
888 3744 1032 3797 enim
1082 3743 1216 3796 tales
1257 3750 1404 3807 sunt,
1455 3740 1662 3794 Christo
1693 3739 1917 3793 Domino
1955 3755 2049 3792 no-

469 3851 601 3904 stra,
629 3839 719 3908 qui
753 3845 838 3891 est
866 3851 968 3904 pax
996 3845 1205 3898 nostra,
1234 3852 1339 3888 non
1378 3835 1635 3897 serviunt,
1671 3834 1760 3886 sed
1801 3848 1896 3884 suo
1923 3848 2048 3884 ven-

469 3935 563 3989 tri.
595 3931 700 3985 Sed
746 3938 802 3983 et
844 3927 972 3997 quid
1003 3941 1183 3980 causae
1213 3926 1286 3980 sit
1331 3940 1436 3994 qua
1484 3924 1665 3992 jurgia
1711 3922 1762 3974 in
1794 3921 2050 3976 Ecclesiis

468 4029 826 4089 suscitantur,
853 4033 909 4079 et
937 4025 1082 4089 lites,
1111 4021 1276 4077 divini
1303 4021 1542 4090 Spiritus
1570 4020 1830 4072 instinctu
1854 4018 2048 4086 aperit.

475 4119 708 4183 Ventris,
743 4117 938 4186 inquit,
967 4115 1138 4184 gratia
1163 4129 1178 4177 ;
1203 4113 1308 4167 hoc
1343 4121 1448 4176 est,
1477 4120 1718 4180 quaestus
1751 4118 1806 4162 et
1836 4107 2043 4174 cupidi-

470 4215 620 4267 tatis.
661 4212 790 4266 lude
816 4220 899 4264 est
933 4209 1074 4262 unde
1106 4204 1348 4260 nonnulli
1377 4206 1721 4258 circumeunt
1749 4203 1939 4256 domos
1964 4201 2048 4254 ιο-

470 4313 698 4374 quentes
726 4302 792 4355 ad
825 4301 1059 4372 gratiam
1106 4314 1230 4352 cum
1271 4297 1419 4350 omni
1460 4294 1774 4348 adulatione
1802 4303 1856 4346 et
1886 4294 2049 4348 dece-

471 4395 674 4460 ptione,
713 4407 818 4447 non
874 4400 933 4445 ut
963 4390 1015 4444 in
1052 4391 1217 4443 verbo
1263 4387 1358 4441 Dei
1405 4387 1673 4440 mdiﬁceut
1715 4384 1926 4438 animas
1983 4382 2048 4435 ad

470 4485 750 4547 virtutem,
793 4481 886 4537 sed
921 4490 981 4534 ut
1013 4479 1333 4533 adulatoriis
1376 4476 1736 4545 dulcibusque
1780 4474 2049 4530 sermoni-

2151 3289 2242 3341 sed
2286 3289 2585 3358 probabilis
2631 3299 2687 3345 et
2731 3292 3176 3347 exercitatissimi
3216 3293 3440 3364 judicii,
3477 3298 3611 3351 scire
3634 3295 3706 3349 cui

2151 3382 2341 3444 verbo,
2367 3383 2524 3436 cuive
2552 3383 2700 3451 operi
2741 3383 3106 3439 obediendum
3160 3387 3250 3452 sit,
3287 3397 3344 3442 et
3375 3389 3466 3443 cui
3495 3390 3708 3444 reniten-

2149 3473 2300 3525 dum.
2331 3473 2572 3543 Denique
2599 3476 2713 3544 ipse
2764 3475 3020 3531 Dominus
3051 3478 3105 3531 in
3152 3479 3456 3550 Evangelio
3481 3483 3606 3536 dicit
3631 3481 3670 3513 “'
3696 3500 3707 3534 :

2149 3565 2418 3617 Attendite
2460 3565 2602 3618 vobis
2647 3565 2710 3618 ab
2743 3565 2824 3619 his
2866 3569 2955 3636 qui
2997 3569 3210 3620 veniunt
3256 3571 3328 3622 ad
3363 3587 3461 3625 vos.
3500 3573 3553 3625 in
3576 3572 3711 3625 vesti-

2149 3655 2336 3709 mentis
2383 3656 2578 3720 ovium,
2621 3657 2766 3710 intus
2791 3666 2966 3710 autem
3015 3669 3142 3711 sunt
3195 3659 3309 3728 lupi
3360 3678 3594 3726 rapaces.
3657 3663 3711 3714 Et

2152 3741 2274 3796 ideo
2300 3742 2530 3812 vigilans
2555 3758 2748 3798 sensus
2772 3754 2826 3799 et
2851 3746 3052 3800 intenta
3086 3763 3239 3802 mens
3268 3751 3585 3820 requiritur,
3609 3766 3710 3815 qua.-

2150 3835 2387 3904 probare
2420 3835 2635 3890 noverit
2659 3835 2743 3890 vel
2773 3836 2893 3892 ovis
2917 3834 3281 3907 in'propatulo
3303 3841 3711 3911 simplicitatem.

2151 3927 2234 3981 vel
2279 3926 2389 3996 lupi
2445 3926 2700 3986 latentem
2752 3931 3131 3998 rapacitatem.
3198 3932 3354 3989 Unde
3403 3937 3527 3991 vide
3569 3953 3709 4004 quam

2151 4019 2383 4089 proximi
2413 4020 2653 4088 periculo
2682 4022 2792 4091 (54)
2832 4023 2964 4075 liaut
2999 4023 3051 4076 bi
3093 4023 3186 4093 qui
3228 4029 3481 4082 exerceri
3516 4027 3568 4081 in
3595 4027 3714 4081 divi-

2151 4111 2236 4165 nis
2286 4111 2484 4165 litteris
2534 4113 2833 4182 negligant,
2881 4127 2948 4166 ex
2992 4116 3192 4183 quibus
3238 4116 3371 4172 solis
3423 4117 3712 4188 hujusmodi

2151 4203 2570 4258 examinationis
2618 4205 2958 4275 agnoscenda
2994 4206 3258 4262 discretio
3298 4220 3407 4264 est.
3463 4211 3713 4266 Continuo

2151 4307 2280 4363 ergo
2308 4294 2361 4347 in
2399 4293 2551 4347 brevi
2581 4295 2814 4358 speciem
2847 4295 3135 4364 proposita:
3157 4297 3531 4354 distinctionis
3551 4309 3715 4353 osten-

2152 4386 2253 4446 dit,
2289 4393 2343 4438 et
2373 4384 2507 4438 dicit
2535 4398 2550 4436 :
2579 4383 2848 4450 Quoniam
2880 4386 3101 4453 quidem
3135 4384 3314 4442 facilis
3341 4401 3399 4443 et
3433 4391 3711 4446 indiscreta

2152 4484 2238 4529 est
2263 4487 2443 4530 vestra
2487 4476 2816 4541 obedientia,
2865 4477 3099 4546 accipite
3147 4480 3278 4549 quid
3319 4496 3565 4548 servare,
3602 4482 3716 4550 quid

466 4577 575 4633 bus
620 4587 958 4644 permanere,
999 4571 1082 4624 vel
1112 4570 1280 4624 etiam
1333 4569 1601 4638 prolicere
1631 4581 1728 4620 eas
1757 4566 2048 4618 hortentur
2081 4579 2124 4633 ι)
2149 4579 2345 4619 cavere
2378 4565 2640 4620 debeatis.

468 4667 525 4722 in
556 4668 724 4729 vitiis,
773 4665 1056 4719 laudantes
1086 4671 1140 4715 et
1175 4662 1311 4715 bona
1361 4659 1608 4712 dicentes
1657 4673 1721 4712 ea
1769 4671 1889 4725 quae
1921 4663 2042 4709 eor-

471 4764 714 4834 reptione
741 4760 900 4830 digna
925 4765 1086 4820 sunt;
1120 4763 1368 4823 ponentes
1393 4752 1560 4806 lucem
1595 4751 1854 4815 tenebras,
1890 4760 1937 4803 et
1967 4762 2046 4803 te-

539 4883 585 4914 "
633 4881 791 4934 Rom.
823 4874 1049 4938 “1,16.
1101 4873 1147 4904 ⁸³
1179 4872 1336 4926 Rom.
1366 4887 1477 4932 xvt,
1515 4871 1704 4925 17-19.
1781 4868 1825 4901 ⁸⁵
1860 4869 2030 4924 Matth

2173 4868 2228 4924 9.
2305 4869 2353 4901 ⁸⁸
2379 4869 2481 4924 lsa.
2511 4883 2563 4935 v,
2586 4868 2678 4924 20.
2755 4869 2802 4901 “
2830 4870 2952 4926 Act.
2980 4886 3033 4937 v,
3057 4871 3150 4927 29.

469 4951 516 4985 ⁸⁸
553 4955 712 5008 Rom.
746 4964 855 5013 xw,
899 4945 985 5002 19.

542 5095 655 5182 (ΤΞ)
688 5092 968 5176 Rabanus,
992 5085 1252 5182 dicitﬂls
1272 5084 1487 5182 JRegius
1519 5099 1670 5137 num.
1705 5081 1864 5145 1639,
1894 5084 2051 5137 doce-

473 5156 580 5220 tur‘.
612 5156 803 5219 (fateri
833 5177 962 5215 mss.
1002 5170 1058 5213 et
1083 5157 1238 5222 editi,
1269 5156 1440 5208 docet.

546 5235 656 5305 (28)
689 5235 782 5305 Sic
819 5247 951 5288 mss.
999 5228 1142 5286 Etliti
1184 5242 1318 5280 vero
1361 5235 1416 5277 et
1457 5223 1750 5288 Rabauus,
1797 5222 2052 5276 Osculum

475 5304 590 5361 vero
621 5304 794 5372 ﬁdele,
813 5312 918 5356 etc.

543 5361 655 5444 (ξύ)
685 5361 898 5428 ιιειίηε.
927 5367 1137 5444 Regius
1157 5383 1306 5444 nt_t_m.
1353 5364 1490 5444 lﬁ5_9
1526 5375 1580 5418 et
1608 5365 1903 5444 Rabanuss
1931 5361 2050 5417 Cre-

477 5433 575 5499 ter:i
609 5433 737 5498 vero
763 5457 893 5495 mss.
929 5453 982 5494 et
1010 5433 1164 5501 Editi,
1192 5437 1448 5504 Nunquid
1475 5451 1575 5487 non
1601 5439 1657 5489 in
1685 5452 1789 5488 una
1822 5433 1933 5504 cede
1961 5449 2048 5504 po:

474 5517 606 5567 situs
630 5521 741 5566 erat
787 5511 958 5581 (editi,
989 5519 1094 5562 stat
1118 5509 1343 5581 positus)
1390 5504 1738 5581 Paulus__ltaec
1769 5503 2049 5581 scribens?

461 5582 677 5636 .Deiude
708 5575 838 5635 mss.
870 5581 1091 5650 quidam
1118 5575 1176 5650 et
1206 5579 1359 5639 editi,
1393 5577 1550 5650 mittit
1584 5575 1866 5650 Ecclesia!)

546 5655 655 5723 (50)
681 5644 933 5723 Rabanus
957 5649 1180 5716 omittit,
1205 5656 1404 5700 nostro.
1433 5645 1632 5701 Deinde
1654 5645 1805 5704 editi,
1829 5645 1882 5696 in
1903 5644 2048 5697 omni

476 5721 590 5776 loco
618 5721 888 5788 divulgata
912 5730 1010 5774 est.

549 5793 633 5861 (3t
648 5809 662 5860 )
693 5783 929 5844 ιιι”υοὸξε
959 5804 1080 5857 ergo
1109 5787 1334 5856 gaudeo.
1379 5784 1504 5841 11ωο
1536 5787 1730 5841 desunt
1780 5785 1832 5840 in
1862 5783 2046 5850 editis,

475 5873 530 5916 et
557 5863 913 5918 restituuntur
946 5874 1011 5916 ex
1041 5874 1172 5913 mss.

2224 4656 2315 4710 56.
2369 4654 2524 4723 Volo,
2563 4658 2761 4726 inquit,
2797 4675 2883 4712 vos
2921 4659 3180 4727 sapientes
3223 4678 3340 4716 esse
3389 4665 3447 4719 in
3494 4666 3644 4728 bono,
3678 4674 3718 4717 et

2155 4749 2416 4817 simplices
2462 4748 2520 4802 in
2556 4749 2697 4803 malo
2732 4749 2798 4803 ⁸⁸.
2845 4750 3033 4806 Simile
3061 4762 3148 4807 est
3177 4753 3282 4808 hoc
3320 4754 3396 4808 illi
3424 4757 3568 4810 dicto
3593 4756 3718 4826 quod

3226 4873 3272 4905 δ”
3310 4873 3506 4930 Matth.
3535 4874 3717 4938 vrt,15.

2223 5085 2338 5156 (59.)
2364 5083 2458 5140 Sic
2483 5099 2584 5156 ms.
2610 5083 2810 5155 Regius
2835 5101 2986 5156 num.
3016 5086 3177 5142 1639.
3202 5088 3398 5144 Caeteri
3427 5104 3558 5145 vero
3584 5104 3722 5153 mss.,

2151 5157 2414 5231 Rabattus
2445 5165 2498 5231 et
2521 5155 2675 5231 ed_iti,
2699 5173 2862 5231 guant
2885 5155 3040 5231 _D_eus
3092 5161 3392 5225 repromisit
3431 5161 3721 5231 (Rabanus,

2151 5227 2529 5295 promiserat):
2559 5225 2712 5279 Beati
2745 5227 2974 5295 paciﬁci.
3021 5231 3277 5295 quoniam
3311 5231 3414 5297 ﬁlii
3438 5225 3539 5285 Dei
3578 5244 3720 5284 aocc-

2153 5299 2367 5356 buntur.
2399 5297 2624 5351 omissis
2651 5298 2870 5370 vocibus
2895 5297 3171 5370 dicensLet
3195 5300 3336 5366 ipsi;
3368 5317 3532 5370 quam
3557 5310 3722 5354 tamen

2151 5377 2481 5437 postremam
2512 5379 2696 5437 vocem
2730 5368 2877 5420 addit
2899 5370 3061 5422 etiam
3082 5367 3378 5424 'Rabanus.

2223 5435 2334 5506 (55)
2376 5435 2470 5490 Sic
2501 5451 2601 5490 ms.
2642 5435 2840 5505 Regius
2874 5453 3022 5492 num.
3058 5439 3217 5496 1659.
3253 5442 3327 5494 Ita
3353 5443 3520 5496 etiam
3553 5441 3724 5495 Raba-

2152 5522 2254 5561 nus
2301 5507 2402 5560 nisi
2461 5508 2603 5575 quod
2662 5509 2714 5560 in
2767 5508 2871 5561 ﬁne
2918 5509 3137 5572 habeat,
3188 5512 3304 5574 ipsa
3351 5516 3720 5566 solautamur.

2149 5576 2294 5651 Editi
2319 5591 2452 5630 vero
2474 5585 2532 5651 et
2558 5593 2686 5651 mss.
2729 5577 2991 5651 plerique,
3044 5581 3119 5651 uti
3155 5596 3241 5634 eos
3277 5584 3467 5636 debere
3498 5597 3609 5651 prae
3640 5578 3724 5631 illa

2151 5646 2331 5700 sola...
2359 5657 2414 5700 ut
2441 5646 2635 5700 relictis
2666 5646 2870 5701 caeteris
2898 5651 3008 5716 ipsa
3034 5649 3301 5706 laudetur.

2224 5717 2336 5789 (54)
2365 5717 2857 5792 Alias,__periculis;
2892 5720 3046 5785 alias,
3077 5721 3339 5792 periculi;
3372 5724 3464 5780 sed
3495 5737 3590 5779 ms.
3634 5720 3726 5774 Re

2153 5788 2273 5860 gius
2301 5787 2448 5843 nutu.
2486 5787 2626 5842 1639
2671 5789 2928 5854 periculo.
