3796 6538
78 445 191 502 i285

996 445 1353 503 COMMENT.
1395 446 1464 501 IN
1497 446 1720 504 EPIST.
1757 444 1851 501 AD
1885 446 2054 506 ROM.
2089 447 2218 509 LIB.
2254 447 2324 504 Χ.

3164 463 3308 523 1286

74 563 125 617 sd
144 561 440 617 Corinthios
471 560 665 651 scribit
691 561 921 651 dicens:
952 561 1165 617 Malitia
1205 564 1411 632 paruuli
1436 572 1695 635 estote,,A
1727 576 1894 631 nent,
1939 580 2062 622 esse
2111 568 2476 635 insipientem.
2522 568 2809 626 Sciendum
2861 590 2992 632 sane
3032 589 3118 634 est
3158 583 3305 651 quod

71 662 117 708 st
137 651 360 706 sensibus
388 650 610 720 perfecti
631 652 748 706 sitis
769 651 840 706 ⁸⁹.
883 650 992 707 Sed
1023 663 1077 706 et
1122 653 1250 707 illud
1274 655 1414 724 quod
1447 655 1623 709 Domi-

72 760 155 799 nus
180 744 285 797 ait:
322 743 466 809 Quia
502 744 606 813 ﬁlii
633 742 816 799 δίκαιιὶ
865 743 1026 814 hujus
1073 746 1441 814 prudentiores
1498 755 1621 801 sunt

70 854 200 908 quasi
219 835 315 901 ﬁlii
345 835 483 889 lucis
510 837 565 890 in
586 838 924 907 generatione
967 854 1062 892 sua
1096 837 1164 902 ’°,
1211 837 1336 892 huic
1368 838 1622 893 convenit

72 929 208 984 dicto.
236 927 355 981 Filii
388 928 537 982 enim
584 928 767 984 seaculi
799 928 961 998 hujus
1013 929 1388 997 prudentiores
1412 938 1538 984 sunt
1566 930 1620 983 in

71 1019 267 1083 malitia,
303 1035 403 1089 pro
426 1035 502 1074 eo
534 1021 679 1090 quod
728 1035 945 1090 semper
986 1020 1190 1088 aliquid
1220 1021 1542 1091 profundius
1566 1032 1623 1077 et

70 1111 287 1166 subtilius
309 1112 593 1167 inveniant
623 1113 675 1167 in
710 1128 772 1167 ea
811 1114 958 1169 unde
995 1112 1115 1183 plus
1145 1125 1396 1182 noceant,
1446 1124 1500 1169 et
1531 1130 1622 1169 ve-

70 1202 343 1258 hementius
374 1203 596 1262 laedant.
643 1204 697 1258 In
731 1204 876 1260 bono
912 1216 1093 1262 autem
1139 1205 1290 1261 stulti
1337 1216 1461 1263 sunt
1488 1224 1502 1260 :
1529 1210 1620 1262 vix

68 1294 188 1348 enim
225 1294 513 1352 inveniunt
550 1297 681 1366 quid
732 1296 940 1353 faciant
964 1297 1093 1353 boni
1124 1297 1257 1369 (55).
1297 1288 1622 1354 Econtrario

67 1402 174 1442 vero
191 1386 387 1443 Paulus
412 1388 529 1444 vult
553 1404 654 1445 nos
675 1390 951 1460 sapientes
977 1403 1101 1444 esse
1132 1390 1183 1443 in
1204 1388 1368 1454 bono,
1395 1389 1498 1443 hoc
1536 1397 1623 1444 est

66 1496 253 1552 semper
277 1483 482 1551 aliquid
505 1484 626 1554 plus
646 1483 916 1549 invenire,
947 1483 1070 1553 plus
1089 1485 1396 1554 exquirere,
1417 1495 1470 1538 et
1493 1498 1621 1554 pro—

64 1572 255 1628 funditts
286 1576 534 1646 cogitare
552 1574 680 1644 quid
709 1574 979 1632 faciamus
1014 1577 1141 1631 boni
1169 1592 1183 1628 :
1214 1578 1288 1631 ita
1323 1584 1382 1630 ut
1403 1576 1618 1631 etiamsi

64 1666 392 1733 impediamur
443 1683 544 1740 per
571 1667 804 1737 alicujus
854 1668 1121 1724 malitiam
1160 1670 1229 1726 ab
1256 1685 1422 1741 opere
1452 1671 1617 1731 bono.

62 1756 199 1828 685
249 1774 379 1824 nos,
422 1760 470 1815 si
518 1762 790 1830 sapientes
834 1775 1054 1827 sumus,
1083 1763 1450 1832 excogitemus
1483 1761 1613 1831 (55)

62 1851 302 1918 quomodo
345 1853 392 1907 si
439 1868 577 1923 opus
607 1852 807 1907 bonum
857 1868 964 1908 non
1014 1869 1328 1922 possumus,
1367 1856 1448 1909 vel
1500 1871 1617 1910 ser-

62 1959 246 1998 monem
279 1945 483 2000 bonum
532 1945 876 2016 proferamus
906 1964 921 2000 :
952 1949 1096 2017 quod
1128 1947 1171 2003 si
1207 1963 1306 2003 nec
1338 1948 1439 2003 hnc
1472 1949 1615 2014 licet,

63 2042 217 2087 votum
268 2035 462 2090 saltem
517 2036 720 2092 bonum
770 2048 824 2093 et
871 2038 1113 2092 animum
1163 2038 1616 2095 demonstremus.

64 2124 136 2179 Sic
156 2142 277 2197 ergo
311 2129 593 2199 sapientes
621 2147 741 2189 esse
775 2132 1036 2189 debemus
1061 2134 1113 2188 in
1146 2134 1309 2201 bono,
1345 2135 1618 2206 simplices

63 2232 167 2273 vero
195 2218 246 2273 in
291 2222 476 2285 malo,
521 2235 581 2278 ut
631 2224 675 2279 si
724 2225 1004 2293 pulsamur
1049 2225 1289 2289 malitia,
1340 2226 1620 2296 pulsamur

64 2307 250 2373 injuria,
280 2326 391 2365 non
436 2312 607 2367 simus
648 2314 830 2369 callidi
862 2324 911 2369 et
947 2315 1153 2369 versuti
1202 2312 1336 2386 (36),
1370 2326 1516 2369 artes
1565 2324 1621 2370 et

64 2412 351 2467 argumenta
399 2415 726 2472 quaerentes,
771 2405 970 2476 quibus
1002 2407 1231 2462 reddere
1275 2407 1474 2461 malum
1523 2425 1619 2479 pro

61 2491 196 2556 malo,
226 2503 280 2548 et
321 2496 624 2565 nequitiam
669 2513 769 2569 pro
802 2498 1040 2568 nequitia
1082 2497 1395 2553 debeamus.
1427 2499 1531 2554 Sed
1564 2499 1618 2554 in

59 2584 133 2638 tali
161 2584 272 2639 loco
307 2588 628 2642 meminisse
674 2590 937 2646 debemus
983 2591 1126 2645 illius
1166 2592 1451 2647 sententia:
1494 2607 1619 2660 qua:

61 2673 200 2729 dicit:
231 2675 291 2729 Si
324 2676 450 2746 quis
482 2680 588 2732 vult
619 2682 825 2748 sapiens
863 2698 975 2737 esse
1015 2684 1158 2749 apud
1188 2683 1388 2748 Deum,
1423 2683 1618 2738 stultus

58 2765 131 2833 fiat
158 2769 207 2823 in
253 2771 350 2825 hoc
387 2775 587 2827 mundo
606 2774 675 2831 ⁹¹.
711 2774 893 2831 Simus
941 2792 1072 2847 ergo
1102 2777 1250 2832 stulti
1290 2780 1617 2848 accipientes

58 2857 280 2927 injuriam
307 2874 365 2918 et
406 2880 515 2918 non
544 2867 849 2933 reddentes,
876 2878 936 2923 ut
967 2871 1239 2940 sapientes
1274 2871 1445 2925 simus
1474 2871 1615 2940 apud

58 2956 197 3014 Deum
239 2961 328 3032 qui
378 2959 520 3015 dixit
558 2978 572 3014 :
613 2961 742 3016 Mihi
789 2964 1097 3028 vindictam,
1144 2979 1238 3033 ego
1282 2964 1614 3030 retribuam,

59 3051 159 3106 dicit
194 3053 448 3109 Dominus
475 3056 522 3087 "
555 3053 688 3125 (57).
738 3053 872 3109 Nam
916 3056 983 3110 de
1031 3056 1213 3124 impiis
1261 3064 1315 3109 et
1357 3053 1618 3110 Jeremias

60 3143 202 3200 dicit:
233 3143 512 3214 Sapientes
556 3158 676 3199 sunt
722 3148 791 3200 ad
827 3147 1302 3215 malefaciendum;
1347 3148 1472 3201 bene
1514 3164 1615 3202 au-

1725 657 1798 712 ibi
1828 659 1905 713 ait
1928 675 1945 713 :
1970 657 2300 728 Hujusmodi
2330 661 2469 716 enim
2494 659 2708 718 Christo
2730 664 2956 722 Domino
2985 681 3162 725 nostro
3189 672 3305 743 (59)

1726 766 1832 804 non
1857 752 2125 817 serviunt;
2156 768 2263 807 non
2296 748 2441 823 quod
2472 754 2574 823 ipsi
2611 770 2669 810 se
2698 757 3058 816 proﬁteantur
3082 764 3307 820 Christo

1724 841 1954 898 Domino
1981 859 2089 900 non
2140 846 2386 906 servire.
2414 846 2509 901 sed
2549 849 2693 917 quod
2728 849 3100 921 discrepantes
3128 871 3156 909 a
3188 872 3307 911 ser-

1725 935 1912 992 vitulis
1941 936 2061 1005 ejus
2089 938 2298 1007 regula,
2327 937 2488 994 rebus
2514 940 2647 1010 ipsis
2684 944 2977 999 ostendant
3005 961 3064 1001 se
3085 947 3307 1006 Christo

1724 1028 1953 1084 Domino
1991 1046 2099 1086 non
2131 1032 2358 1087 servire.
2396 1030 2513 1087 Non
2557 1035 2702 1089 enim
2749 1037 2961 1093 videtur
2991 1037 3151 1094 simul
3183 1040 3308 1110 quis

1721 1126 1778 1174 et
1823 1121 2042 1178 Christo
2090 1124 2300 1179 servire
2349 1140 2511 1194 posse
2558 1136 2613 1181 et
2655 1129 2865 1196 ventri;
2903 1145 2968 1185 ac
3012 1130 3307 1200 voluptatis

1722 1213 1931 1278 pariter
1963 1226 2176 1269 amator
2216 1230 2369 1283 esse,
2409 1226 2466 1271 et
2517 1217 2655 1285 Dei;
2698 1220 2843 1275 sicut
2892 1221 3007 1292 (40)
3048 1238 3149 1278 nec
3190 1221 3309 1278 Deo

1722 1305 1846 1374 quis
1884 1305 2048 1360 simul
2076 1308 2285 1363 servire
2315 1318 2495 1379 potest
2523 1319 2575 1365 et
2606 1326 2928 1368 mammonae
2947 1311 3012 1366 ”.

1795 1397 1885 1452 '57.
1923 1397 2065 1453 Deus
2097 1410 2274 1454 autem
2302 1403 2449 1470 pacis
2475 1413 2705 1457 conteret
2733 1402 2991 1459 Satanam
3017 1406 3111 1459 sub
3146 1407 3306 1474 pedes

1721 1500 1916 1547 vestros
1970 1493 2219 1548 velociter
2253 1495 2319 1553 “.
2369 1496 2645 1563 Quaeritur
2688 1499 2742 1553 in
2795 1499 2901 1555 hoc
2957 1499 3078 1553 loco
3139 1515 3305 1569 quem

1720 1583 1924 1639 dixerit
1951 1584 2207 1640 Satanam
2238 1589 2340 1642 sub
2377 1590 2540 1659 pedes
2569 1604 2757 1644 eorum
2787 1591 2984 1659 quibus
3027 1592 3241 1659 scribit,
3269 1606 3303 1645 a

1719 1674 1830 1732 Deo
1865 1678 2253 1732 conterendum
2287 1679 2564 1736 velociter.
2600 1681 2658 1737 Si
2686 1682 2832 1737 enim
2869 1684 2938 1737 ad
2969 1699 3136 1738 unam
3176 1698 3300 1752 per-

1719 1783 1906 1824 sonam
1938 1768 2223 1831 referatur.
2250 1769 2392 1825 illam
2420 1771 2630 1827 scilicet
2663 1772 2730 1827 de
2758 1790 2861 1843 qua
2891 1778 2943 1829 in
2990 1774 3291 1846 Evangelio

1721 1859 1923 1914 dicitur
1955 1878 1969 1914 :
2008 1859 2146 1915 Ecce
2191 1863 2338 1917 video
2379 1862 2640 1920 Satanam
2678 1867 2814 1921 sicut
2865 1866 3046 1936 fulgur
3079 1867 3193 1939 (41)
3237 1868 3304 1924 de

1723 1950 1850 2007 caelo
1894 1954 2168 2009 cadentem
2191 1954 2269 2021 ",
2308 1957 2511 2026 quique
2556 1957 2786 2012 Satanas
2831 1958 3049 2013 humani
3087 1959 3305 2026 generis

1720 2043 1998 2097 indicatur
2029 2044 2373 2101 adversarius
2400 2046 2539 2118 (42),
2562 2047 2834 2101 videbitur
2859 2048 3067 2117 utique,
3091 2051 3136 2102 si
3172 2065 3299 2106 vere

1719 2136 1851 2190 dicit
1903 2135 2101 2192 Paulus
2148 2152 2267 2206 qua:
2318 2138 2488 2204 dicit,
2536 2140 2680 2209 quod
2733 2141 2835 2196 sub
2888 2140 3054 2210 pedes
3110 2156 3298 2198 eerum

1718 2228 1918 2297 quibus
1965 2238 2095 2283 tunc
2144 2231 2421 2286 scribebat
2475 2233 2737 2288 velociter
2785 2244 3124 2301 conteratur,
3160 2237 3301 2292 ultra

1714 2318 1826 2387 jam
1868 2336 1975 2375 non
2004 2335 2128 2376 esse
2174 2322 2407 2378 Satanas
2438 2324 2531 2392 qui
2571 2337 2772 2392 agones
2803 2332 2859 2380 et
2900 2325 3202 2380 certamina
3246 2334 3305 2380 et

1719 2412 2123 2479 persecutiones
2148 2414 2494 2469 credentibus
2518 2414 2721 2470 excitet
2746 2432 2761 2470 :
2794 2414 2939 2483 quod
2970 2415 3157 2485 utique
3188 2430 3294 2469 non

1720 2506 1958 2561 admittit
1995 2506 2129 2563 iich
2158 2522 2361 2562 rerum.
2402 2508 2508 2563 Sed
2535 2507 2751 2561 videtur
2780 2507 2912 2562 mihi
2946 2508 2996 2561 in
3038 2509 3141 2562 hoc
3180 2506 3303 2562 loco

1721 2595 1981 2651 Satanam
2023 2599 2226 2654 dixisse
2266 2614 2481 2654 omnem
2522 2598 2772 2668 spiritum
2816 2597 2910 2667 qui
2955 2598 3300 2653 credentibus

1720 2690 2053 2746 adversatur.
2101 2689 2334 2746 Satanas
2364 2692 2511 2745 enim
2556 2693 2609 2745 in
2646 2691 2828 2761 lingua
2878 2699 3063 2743 nostra
3110 2689 3301 2755 adver-

1718 2781 1893 2834 sarius
1928 2782 2338 2849 interpretatur.
2365 2781 2640 2851 Quidquid
2673 2795 2803 2852 ergo
2835 2781 3030 2834 animae
3059 2779 3295 2834 tendenti

1718 2872 1786 2926 ad
1829 2872 1994 2928 Deum
2035 2874 2236 2928 resistit
2283 2883 2339 2929 et
2383 2874 2730 2938 adversatur,
2774 2882 2830 2929 et
2872 2871 3129 2942 quidquid
3174 2871 3295 2939 paci

1717 2961 1836 3031 ejus
1863 2962 2196 3016 contrarium
2243 2971 2348 3026 est,
2378 2963 2480 3016 hoc
2508 2964 2557 3017 ei
2605 2972 2831 3019 satanas
2872 2978 2995 3018 esse
3040 2962 3295 3016 nomina-

3322 1290 3367 1327 ε,

1721 3065 1807 3110 tur
1836 3055 1971 3126 (45).
2006 3056 2128 3110 Ideo
2159 3041 2391 3130 denique
2423 3060 2709 3128 praemisit,
2744 3060 2969 3114 dicens:
3010 3056 3153 3111 Deus
3198 3072 3297 3127 pa-
3334 3056 3346 3065 ’

1718 3148 1795 3202 cis
1816 3189 1833 3215 ,
1869 3148 1969 3202 hoc
1992 3158 2095 3213 est,
2120 3147 2263 3202 Deus
2290 3148 2375 3203 cui
2409 3164 2512 3218 pax
2545 3150 2745 3220 placet,
2772 3158 3020 3205 conteret
3046 3168 3171 3207 eum
3198 3153 3294 3221 qui

58 3241 138 3287 test
188 3235 361 3301 facere
436 3239 675 3292 nesciunt
721 3237 788 3318 γ’.
839 3239 920 3293 Ad
959 3239 1063 3295 hoc
1115 3240 1335 3310 respicit
1381 3250 1438 3296 et
1486 3239 1613 3296 illud
1642 3256 1685 3313 (ς
1719 3238 2024 3291 contrarius
2073 3246 2156 3291 est
2202 3238 2321 3306 paci
2365 3247 2422 3293 et
2465 3240 2835 3294 dissensiones
2876 3253 3155 3308 operatur.
3204 3241 3298 3296 Sic

58 3327 172 3391 quod
214 3328 480 3383 Dominus
529 3331 704 3394 dixit,
752 3331 1029 3401 simplices
1087 3332 1285 3389 debere
1340 3349 1441 3391 nos
1495 3349 1618 3390 esse

56 3421 173 3471 sicut
217 3422 540 3486 columbas,
590 3432 645 3476 et
694 3425 989 3492 prudentes
1033 3427 1176 3482 sicut
1224 3436 1513 3497 serpentes
1543 3427 1612 3483 “.

56 3509 183 3575 Quod
214 3514 258 3569 si
294 3514 500 3585 aliquis
533 3516 692 3571 nobis
731 3530 796 3571 ex
836 3516 1146 3571 inﬁdelibus
1191 3528 1382 3587 argute
1423 3532 1619 3572 occur-

56 3615 141 3672 rat,
162 3617 211 3662 et
239 3609 387 3664 dicat
415 3625 431 3664 :
464 3609 745 3676 Quomodo
778 3620 956 3681 potest
996 3611 1135 3666 idem
1172 3611 1289 3681 ipse
1314 3619 1371 3666 et
1400 3612 1616 3682 sapiens

54 3713 151 3755 esse
175 3712 227 3758 et
266 3703 469 3758 stultus
503 3703 656 3773 (38)?
698 3704 940 3759 dicemus
983 3706 1051 3758 ad
1082 3718 1205 3758 eum
1237 3722 1249 3756 :
1284 3702 1515 3773 Respice
1548 3702 1615 3757 ad

55 3800 174 3847 artes
225 3795 364 3851 istas
410 3810 535 3863 quae
583 3796 637 3849 in
689 3810 789 3850 usu
838 3795 1114 3852 hominum
1153 3796 1440 3858 habentur,
1485 3809 1619 3863 quo-

56 3886 322 3942 modoille
384 3886 514 3957 qui,
560 3888 710 3941 verbi
773 3903 975 3952 causa,
1031 3887 1467 3955 sapientissimus
1526 3896 1613 3942 est

54 3980 439 4046 grammaticus,
478 3980 533 4034 in
565 3990 680 4035 arte
715 3979 888 4034 fabrili
938 3980 1419 4051 insipientissimus
1458 3978 1611 4033 inve-

56 4068 209 4135 nitur;
241 4072 324 4126 vel
362 4087 584 4125 rursum
615 4072 1057 4139 sapientissimus
1088 4074 1442 4141 gubernator,
1476 4085 1610 4140 quo—

55 4162 188 4219 modo
231 4165 284 4219 in
341 4174 462 4218 arte
508 4164 790 4219 medicina:
852 4164 1130 4219 invenitur
1179 4164 1463 4232 insipiens.
1519 4162 1610 4218 Sic

54 4268 157 4326 ergo
184 4258 445 4326 possibile
473 4265 558 4311 est
602 4257 655 4311 in
698 4257 780 4311 his
825 4271 945 4327 quae
986 4254 1050 4310 ad
1090 4253 1258 4309 Deum
1303 4254 1611 4322 pertinent,

52 4362 150 4403 esse
179 4350 518 4419 sapientem;
561 4356 616 4402 et
649 4348 703 4401 in
754 4347 841 4401 his
882 4362 1002 4417 qua:
1041 4346 1108 4400 ad
1154 4344 1410 4399 sacculum
1444 4342 1613 4413 perti-

1719 3330 1952 3399 deniqne
1995 3338 2051 3382 et
2088 3329 2140 3382 in
2177 3329 2489 3399 Regnorum
2537 3331 2691 3385 libris
2728 3331 2842 3402 (44)
2876 3332 3128 3400 legimus,
3169 3334 3297 3402 quia

1717 3419 1987 3474 suscitauit
2058 3417 2202 3473 Deus
2281 3416 2559 3474 Salomoni
2628 3419 2887 3477 Satanam
2948 3424 3091 3477 Ader
3159 3422 3299 3479 ldu-

1717 3512 2025 3567 mwum”:
2074 3513 2180 3567 hoc
2234 3520 2319 3567 est
2381 3512 2656 3571 Salomoni
2704 3516 2796 3584 qui
2836 3526 2959 3571 erat
3004 3514 3295 3587 paciﬁcus,

1718 3606 2004 3660 suscitavit
2052 3603 2315 3659 Satanam
2368 3605 2460 3673 qui
2506 3617 2591 3662 est
2637 3609 2948 3664 contrarius
3000 3609 3144 3678 paci.
3189 3608 3298 3662 Sed

1717 3699 1856 3753 sicut
1892 3698 1974 3752 his
2019 3713 2156 3765 quos
2187 3697 2479 3767 Apostolus
2510 3698 2690 3760 docet,
2732 3701 2778 3753 si
2827 3701 2908 3755 sic
2937 3710 3108 3771 agant
3156 3701 3297 3770 (45),

1718 3801 1775 3845 et
1805 3790 1936 3844 tales
1969 3804 2029 3844 se
2057 3790 2381 3850 exhibeant,
2407 3792 2598 3858 quales
2626 3792 2744 3857 ejus
2774 3806 2959 3846 sermo
2989 3793 3296 3860 descripsit,

1722 3894 1820 3950 pro
1857 3878 2242 3934 emendatione
2274 3880 2396 3932 vitae
2425 3880 2696 3947 promittit
2723 3882 2823 3934 sub
2854 3881 3081 3949 pedibus
3108 3894 3298 3933 eorum

1719 3986 1749 4025 a
1795 3970 1903 4024 Deo
1951 3970 2101 4039 pacis
2135 3969 2392 4024 Satanam
2440 3971 2703 4025 velociter
2743 3975 3139 4025 conterendum
3169 3989 3183 4024 :
3216 3971 3292 4025 ita

1718 4062 2069 4117 nihilominus
2101 4061 2244 4117 Deus
2291 4062 2441 4131 pacis
2470 4064 2520 4117 ei
2567 4063 2658 4133 qui
2700 4078 2884 4133 pacem
2917 4063 3052 4133 ejus.
3084 4079 3193 4117 non
3240 4062 3300 4117 in

1720 4158 1885 4214 corde
1919 4173 2056 4228 puro
2083 4168 2141 4213 et
2191 4157 2521 4213 conscientia
2567 4157 2762 4211 munda
2801 4156 3130 4221 servaverit,
3177 4171 3302 4213 sur-

1719 4250 1852 4304 citat
1899 4247 2196 4312 Satanam,
2243 4250 2348 4303 hoc
2389 4257 2473 4302 est
2518 4248 2924 4324 adversarium;
2958 4258 3020 4300 ut
3063 4247 3155 4317 qui
3206 4247 3300 4301 bn-

1719 4358 1850 4398 nnm
1886 4341 2038 4410 pacis
2064 4341 2383 4412 neglexerit,
2413 4339 2883 4410 impugnationum
2906 4339 3297 4396 amaritudine‘.l

107 4488 191 4542 "l
224 4490 353 4546 Cur.
388 4503 504 4551 xiv,
528 4488 621 4544 20.
695 4487 742 4519 ’θ
769 4485 901 4539 an.
935 4501 1049 4547 xvt,
1082 4484 1137 4538 8.
1197 4484 1242 4516 9‘
1282 4484 1301 4537 l
1338 4483 1463 4537 Cor.
1494 4498 1577 4545 Ill,
1607 4480 1694 4536 18.
1769 4485 1815 4515 "
1857 4481 2013 4535 Deut.
2041 4497 2224 4545 xxxii,
2271 4450 2360 4535 55;
2429 4478 2498 4551 _”
2536 4478 2818 4541 Jeremnv,
2847 4476 2939 4532 ἓξ.
3017 4476 3064 4510 ’δ
3101 4476 3294 4532 Matth.

52 4560 202 4620 x,16.
277 4560 325 4593 ’⁵
367 4549 566 4615 Matth.
595 4574 667 4626 vt,
702 4558 792 4612 24.
869 4556 916 4588 ⁹⁸
956 4554 1119 4611 Rom.
1150 4569 1260 4617 xw,
1290 4554 1383 4608 20.
1425 4553 1469 4585 ⁰⁷
1509 4552 1614 4607 Luc

1776 4551 1846 4607 [6.
1923 4551 1971 4583 ⁸⁸
2011 4551 2244 4641 Ill-Reg.
2273 4568 2349 4616 χι,
2383 4549 2472 4604 14.

108 4676 208 4747 (35)
237 4675 330 4731 Sic
361 4688 557 4729 omnes
587 4688 727 4747 mss.
758 4681 813 4747 et
832 4671 992 4747 editi.
1032 4671 1289 4747 Rabanns
1322 4681 1475 4747 vero.
1523 4667 1609 4747 tria}
1640 4671 1685 4725 D

51 4736 163 4798 enim
189 4736 461 4800 inueniunt
491 4743 628 4797 unde
653 4743 934 4812 proﬁciant
967 4744 1021 4795 in
1056 4741 1210 4794 bona.
1250 4739 1453 4793 Deinde
1477 4736 1609 4791 editi

51 4817 286 4869 omittunt
318 4831 445 4870 vero
474 4822 596 4881 post
617 4814 935 4866 econtrario.

107 4887 241 4956 (35")
284 4878 564 4945 Editifsic
606 4882 725 4953 (ab,
754 4884 882 4955 sed)
913 4896 1007 4935 nos
1042 4880 1300 4950 sapientes
1337 4878 1530 4941 simus,
1562 4883 1612 4930 et

50 4960 310 5019 exagitem
320 4974 405 5018 us,
433 4964 544 5009 etc.

108 5014 210 5100 (ὃὸ)
230 5014 527 5100 Sicomnes
540 5038 668 5078 mss.
688 5026 885 5100 nostri.
903 5023 977 5077 lta
991 5024 1153 5100 etiam
1167 5019 1331 5084 editi,
1353 5016 1452 5100 nisi
1473 5014 1614 5100 quod

51 5094 286 5166 habeant,
320 5113 430 5151 non
461 5095 625 5150 simus
649 5094 872 5166 _callidi,
904 5110 1015 5166 non
1055 5095 1219 5146 simus
1253 5094 1468 5149 versuti,
1502 5097 1610 5166 etc.

51 5160 283 5222 Rabanus
315 5180 470 5231 vero,
502 5180 607 5218 non
639 5160 802 5217 s‘imus
831 5163 1035 5231 callidi,
1064 5173 1112 5217 et
1137 5168 1455 5231 peruersum:
1483 5160 1614 5210 artis

52 5245 820 5309 ‘79“,m94’a,q“‘§“”_mi“9:
954 5304 968 5309 -
1163 5303 1176 5309 _
1501 5306 1510 5309 ,
1552 5294 1563 5307 .

108 5298 210 5377 (57)
256 5298 400 5361 υἱεὶὶ
448 5298 723 5377 Dominus.
766 5304 893 5359 Haec
936 5303 1219 5377 desuntin
1263 5298 1426 5377 editis
1463 5306 1518 5349 et
1552 5298 1605 5348 in

51 5372 138 5433 ms.
164 5372 329 5449 Regip
366 5391 520 5431 num.
548 5372 708 5442 £639;
751 5377 846 5429 sed
887 5384 1107 5430 exstant
1136 5374 1191 5428 in
1231 5372 1446 5427 caeteris
1474 5380 1609 5421 mss.

50 5458 94 5500 et
118 5446 263 5515 apud
287 5446 598 5501 Rabanum.

34 5559 43 5597 ἱ
252 5517 430 5597 Εᾲῥιῇ,
457 5515 595 5568 idem
624 5530 734 5596 esse
764 5515 973 5597 sapiens
1009 5526 1066 5597 et.
1086 5513 1301 5597 stultus.

128 5579 212 5653 59)
251 5579 425 5650 Editi,
448 5600 562 5639 esse
600 5579 884 5651 sapientem
907 5603 926 5640 :
957 5586 1012 5639 in
1047 5585 1128 5639 his
1171 5599 1289 5653 qua:
1330 5579 1398 5635 ad
1435 5595 1611 5653 stecuf

50 5650 140 5710 lum
178 5650 466 5728 pertinent.
497 5650 853 5728 insipientem.
883 5650 1333 5728 Sciendum—sane
1363 5661 1437 5728 est
1471 5650 1611 5728 quod

51 5728 124 5781 ubi
153 5720 221 5781 ait
248 5742 267 5779 :
300 5720 630 5796 Hujusmodi
670 5726 805 5778 enim
838 5742 943 5779 non
982 5729 1214 5779 seruiunt
1258 5721 1468 5796 Christo
1498 5720 1609 5773 Do-

53 5792 408 5850 mino'nostro:
440 5795 545 5849 Sed
576 5810 765 5849 omnes
797 5810 926 5849 mss.
956 5796 1149 5861 nostri,
1177 5804 1230 5848 et
1272 5792 1526 5847 Rabanus
1558 5798 1616 5843 ut

54 5868 96 5918 in
126 5877 294 5932 textu,
324 5867 429 5920 nisi
463 5867 607 5933 quod
634 5865 850 5932 quidam
884 5864 1123 5921 habeant
1153 5865 1360 5930 itidem,
1388 5862 1474 5915 ubi
1506 5863 1609 5925 ait,

53 5945 97 5988 et
123 5939 377 5993 omittaut
405 5945 584 5992 nostro
613 5945 732 6001 post
765 5935 1013 5989 Domino.

1786 4663 1896 4738 (40)
1931 4663 2118 4738 'Sicut1
2129 4663 2425 4738 ,Qmittitur
2450 4663 2506 4717 in
2538 4659 2793 4718 omnibus
2822 4660 3002 4715 editis.
3033 4657 3163 4714 Mss.
3191 4656 3299 4715 Re-

1720 4735 1844 4806 gius
1874 4750 2026 4806 num.
2054 4735 2216 4806 1659,
2244 4736 2311 4789 si.

1794 4805 1906 4876 (41)
1949 4803 2102 4860 Sicut
2137 4804 2339 4875 fulgur.
2362 4803 2488 4859 Haec
2507 4802 2615 4876 duo
2641 4802 2805 4876 verba
2828 4801 3026 4854 desunt
3053 4797 3108 4852 in
3131 4797 3300 4855 editis

1720 4887 1775 4930 et
1802 4870 2173 4930 restituuntur
2203 4870 2274 4929 ex
2308 4890 2438 4929 mss.
2464 4884 2521 4929 et
2550 4870 2801 4928 Rabano.

1819 4947 1911 5016 42)
1952 4944 2044 5001 Sic
2094 4960 2226 5001 mss.
2282 4945 2525 5016 plerique
2571 4943 2671 4997 Ms.
2713 4956 2842 4995 vero
2888 4938 3094 5016 Regius
3125 4953 3294 5016 _num.

1724 5006 2153 5086 1639,'.ltumano
2197 5006 2372 5086 generi
2404 5006 2677 5086 indicatur
2714 5006 3005 5086 aduersari.
3043 5006 3301 5063 Rabanus

1722 5096 1780 5142 et
1807 5085 1963 5151 editi,
1992 5082 2224 5140 humano
2249 5087 2429 5155 generi
2463 5085 2733 5138 indicatur
2758 5082 3030 5135 adversus.

1796 5158 1910 5227 (45)
1945 5155 2113 5227 Ιξάίῑὶ,
2139 5165 2598 5227 commemoratur.

1799 5219 1914 5301 (44)
1954 5219 2131 5301 Editi,
2164 5227 2220 5279 in
2242 5224 2554 5301 [iegnorum
2584 5223 2738 5301 libro.
2773 5219 2977 5276 Deinde
3010 5233 3145 5301 mss.
3182 5219 3301 5289 ple-

1719 5288 1969 5370 riq‘ue'et
2000 5288 2169 5359 editi,
2234 5288 2492 5349 Satanam
2538 5295 2790 5347 adversus
2839 5306 2980 5345 eum.
3020 5288 3300 5350 Rabanns,

1720 5370 1981 5425 Satanam
2014 5367 2084 5419 ad
2135 5365 2480 5419 deridendum
2519 5380 2657 5417 eum.
2693 5362 2800 5416 Sed
2843 5370 2992 5415 recte
3042 5377 3145 5415 ms.
3191 5359 3300 5414 Re-

1766 5385 1981 5424 atanam
2014 5385 2083 5419 aa
2135 5385 2480 5419 aertaenaum
2519 5385 2657 5417 eum.
2693 5385 2800 5416 aeu
2843 5385 2992 5415 recte
3042 5385 3145 5415 sua.
3191 5385 3302 5414 su:-

1717 5436 2197 5511 gius_nttm._165§
2225 5445 2283 5511 ut
2318 5438 2372 5511 in
2417 5443 2590 5511 textu.

1790 5508 1904 5582 (45)
1943 5507 2113 5570 Editi,
2150 5505 2256 5582 Sed
2283 5505 2432 5582 sicut
2464 5503 2545 5557 Itis
2576 5500 3101 5582 quoqule‘Apols‘lolus.
3128 5500 3305 5582 docet,

1716 5583 1763 5635 si
1795 5568 1979 5649 hgdnt,
2009 5568 2115 5631 etc.
2159 5574 2253 5649 his.
2283 5573 2484 5645 Regius
2520 5568 2871 5649 ﬂu-tl|.;1659_,
2913 5570 3024 5626 Sed
3056 5574 3189 5624 sicut
3222 5568 3309 5649 his

1719 5640 2026 5720 Apo'stolus,
2069 5647 2236 5720 sigita
2278 5640 2467 5713 aga'nt,
2501 5655 2623 5720 etc.
2665 5640 2862 5720 Caneri
2909 5657 3043 5697 vero
3066 5654 3217 5720 _tnss.
3236 5647 3310 5720 ει

1722 5712 1987 5775 R'abanus
2021 5717 2179 5787 utgin
2223 5712 2411 5787 textu,
2454 5714 2566 5787 nisi
2608 5715 2752 5787 quod
2785 5728 2925 5767 unus
2970 5712 3193 5785 omittat
3230 5712 3308 5787 ita

1721 5792 1812 5846 vel
1851 5791 1959 5855 sic;
1990 5798 2047 5845 et
2090 5785 2349 5843 Rabauus
2382 5785 2609 5851 habeat,
2649 5784 2696 5840 si
2728 5792 2974 5855 satagant
3019 5798 3117 5854 pro
3153 5794 3198 5833 ss
3231 5784 3310 5830 sic

1723 5875 1907 5934 agant.
