3812 6546
455 389 594 445 1287

1886 389 2046 446 01111»
2055 391 2208 444 EMS

3587 390 3727 444 liii-ii

454 507 717 581 perferat,
744 515 796 564 et
827 508 899 563 ita
942 508 1155 563 demum
1189 507 1340 578 pacis
1366 521 1527 578 quam
1575 508 1882 572 temeravit,
1911 510 2027 564 dul-
2055 519 2103 576 Α
2133 509 2408 563 motbeum
2454 505 2757 576 adiutorem
2808 523 2965 563 suum
3013 507 3182 574 dicit,
3220 519 3276 563 et
3321 523 3521 563 omnes
3566 511 3727 563 simul

456 603 698 657 cedinem
751 601 806 654 in
851 601 1250 671 oppugnatione
1301 599 1510 669 positus
1561 600 1901 655 recordetur.
1949 601 2027 655 Ex

452 703 684 762 utroque
725 693 888 762 igitur
933 693 1262 746 ardilicemur
1302 691 1602 762 Scripturae
1636 692 1832 748 divinae
1882 693 2024 759 loco,

450 801 558 856 quo
602 787 686 842 vel
739 787 1007 842 suscitare
1050 785 1163 856 (46)
1205 788 1344 842 Deus
1387 786 1649 840 Satanam
1681 787 1882 841 dicitur
1929 802 2024 840 ne-

451 879 801 948 gligentibus,
834 879 916 933 vel
958 887 1243 933 conterere
1274 893 1336 933 ac
1369 879 1598 934 subdere
1647 879 1934 946 studiosis,
1969 890 2028 934 ut

451 969 573 1024 illos
608 970 673 1022 ad
711 985 910 1040 agones
955 970 1211 1034 concitet,
1249 975 1368 1024 istis
1413 972 1478 1026 de
1512 981 1791 1040 prostrato
1838 973 2028 1024 adver-

452 1061 598 1115 sario
644 1060 878 1128 palmam
915 1059 1156 1114 victoria:
1195 1060 1430 1125 tribuat,
1466 1069 1521 1114 et
1556 1061 1771 1115 virtutis
1807 1063 2027 1129 prtemia

451 1149 737 1219 largiatur.
786 1151 1085 1206 Possumus
1142 1158 1320 1205 autem
1374 1150 1486 1221 (47)
1529 1162 1584 1204 et
1631 1167 1726 1220 per
1785 1151 2028 1221 singulos

449 1257 692 1310 quosque
731 1258 955 1312 agones,
996 1243 1040 1296 si
1079 1242 1316 1313 legitime
1346 1253 1642 1307 certemus,
1677 1244 1858 1299 dicere
1898 1245 2026 1314 quia

451 1335 592 1388 Deus
630 1345 876 1389 conteret
922 1336 1183 1390 Satanam
1235 1339 1334 1391 sub
1376 1338 1536 1405 pedes
1575 1347 1795 1390 nostros
1827 1337 2028 1390 veloci-

450 1433 554 1480 ter.
585 1425 744 1482 Verbi
775 1442 963 1488 causa,
1006 1428 1049 1480 si
1083 1427 1203 1496 quis
1249 1443 1474 1495 agonem
1517 1428 1819 1496 susceperit
1862 1429 2028 1482 casti-

450 1521 598 1583 tatis;
644 1520 689 1574 si
732 1534 902 1588 usque
955 1520 1024 1573 ad
1065 1520 1225 1574 linem
1281 1521 1627 1576 immaculata
1677 1522 1845 1593 686
1893 1537 2026 1576 con-

448 1612 676 1666 scientia
706 1611 1034 1680 perdurarit,
1063 1611 1170 1665 dici
1201 1611 1265 1664 de
1288 1627 1353 1667 eo
1382 1620 1559 1681 potest
1585 1612 1712 1681 quia
1748 1613 1886 1666 Deus
1912 1611 2044 1686 (48),

447 1705 703 1758 contrivit
741 1703 998 1756 Satanam
1043 1703 1144 1757 sub
1182 1703 1344 1772 pedes
1383 1703 1523 1772 ejus,
1561 1703 1610 1756 id
1657 1714 1740 1758 est
1774 1705 2026 1773 spiritum

447 1797 540 1866 qui
571 1805 689 1850 erat
724 1795 1036 1849 contrarius
1065 1798 1338 1851 castitati.
1369 1794 1632 1851 Similiter
1670 1806 1725 1852 et
1763 1799 1855 1868 qui
1901 1813 2029 1868 ago-

2135 605 2389 668 cognatos
2422 612 2569 654 suos.
2602 600 2670 654 Et
2711 601 2929 670 quidem
2967 601 3034 656 de
3072 599 3368 655 Timotheo
3410 601 3728 670 plenissime

2135 691 2369 745 refertur
2437 691 2489 747 in
2557 693 2786 748 Actibus
2865 693 3292 764 apostolorumll
3344 696 3496 763 quod
3562 696 3728 749 fuerit

2135 782 2387 837 Derbzcus
2439 783 2606 848 civis,
2660 785 2804 839 ﬁlius
2873 786 3112 840 mulieris
3169 785 3350 840 vidua:
3398 785 3614 850 ﬁdelis,
3662 801 3722 841 ex

2135 882 2284 942 patre
2333 874 2561 944 gentili:
2595 875 2660 929 de
2718 891 2825 945 quo
2873 886 2926 930 et
2968 878 3083 946 ipse
3126 877 3327 932 Paulus
3379 877 3548 938 dicit,
3605 880 3723 944 quia

2137 977 2420 1034 propterea
2480 969 2752 1036 rogaverit
2801 967 2913 1040 (51)
2952 984 3076 1023 eum
3114 983 3442 1038 permanere
3494 969 3726 1038 Ephesi.

2135 1067 2194 1112 ut
2236 1059 2516 1114 denuntiet
2563 1061 2885 1130 quibusdam
2945 1077 3013 1116 ne
3050 1063 3208 1117 aliter
3251 1065 3522 1129 doceant,
3558 1078 3726 1133 neque

2137 1149 2419 1204 attendant
2467 1149 2661 1204 fabulis
2703 1161 2757 1206 et
2813 1153 3146 1222 genealogiis
3189 1151 3421 1206 inﬁnitis
3451 1153 3496 1206 ‘.
3532 1151 3642 1206 Sed
3680 1163 3731 1205 et

2134 1239 2357 1296 Lucium
2398 1243 2615 1310 quidam
2671 1242 2846 1312 ipsum
2906 1243 3020 1314 (52)
3082 1245 3373 1313 perhibent
3432 1259 3562 1298 esse
3629 1240 3729 1295 Ln-

2135 1347 2254 1388 cam
2319 1335 2410 1403 qui
2468 1335 2815 1404 Evangelium
2886 1337 3143 1404 scripsit,
3203 1351 3302 1405 pro
3343 1351 3410 1392 eo
3437 1336 3588 1404 quod
3640 1351 3727 1388 so-

2136 1423 2281 1478 leant
2325 1425 2544 1480 nomina
2600 1427 2870 1480 interdum
2925 1429 3222 1481 secundum
3258 1429 3502 1496 patriam
3563 1428 3728 1480 decli-

2135 1516 2445 1583 nationem,
2504 1517 2772 1572 interdum
2841 1518 3006 1572 etiam
3071 1519 3368 1573 secundum
3434 1519 3724 1582 (it-meam,

2133 1608 2546 1680 Romanamque
2586 1611 2840 1680 proferri.
2881 1611 3049 1668 Iason
3084 1628 3213 1666 vero
3251 1613 3340 1666 ille
3373 1622 3460 1665 est
3511 1613 3581 1665 de
3625 1628 3724 1679 quo

2133 1705 2298 1759 etiam
2356 1703 2409 1758 in
2478 1703 2704 1758 Actibus
2759 1706 3130 1772 apostolorum
3171 1705 3192 1735 "
3254 1705 3536 1760 scribitur
3585 1706 3725 1772 Quod

2134 1793 2575 1848 Thessalonicam
2612 1809 2711 1863 pro
2750 1786 2919 1847 Paulo
2949 1805 3004 1848 et
3045 1795 3156 1848 Sila
3201 1796 3536 1849 seditionem
3579 1810 3723 1848 com-

448 1905 572 1943 nem
607 1888 727 1942 ﬁdei
761 1889 1010 1956 suscipit,
1053 1889 1095 1942 si
1135 1897 1287 1944 stans
1316 1901 1443 1944 ante
1490 1907 1647 1960 reges
1677 1901 1729 1946 et
1771 1893 2028 1962 praesides
2061 1891 2102 1946 Β
2133 1886 2468 1940 moventibus
2497 1886 2688 1950 turbis,
2715 1887 3066 1953 semetipsum
3109 1887 3341 1951 dederit,
3369 1896 3429 1940 ut
3465 1886 3724 1954 apostolis

447 1996 567 2034 cum
599 1981 791 2034 liducia
821 1979 1142 2034 conﬁteatur
1179 1981 1465 2036 Dominum
1498 1981 1680 2037 Jesum
1725 1982 2026 2048 Christum,

445 2081 501 2126 et
535 2087 705 2140 usque
748 2073 813 2125 ad
847 2071 1008 2124 ﬁnem
1042 2071 1094 2124 in
1129 2072 1474 2127 confessione
1506 2084 1851 2143 permaneat,
1889 2076 2029 2130 Deus

447 2162 708 2217 contrivit
751 2161 1006 2215 Satanam
1043 2162 1142 2216 sub
1174 2165 1338 2230 pedes
1371 2163 1508 2233 ejus.
1561 2180 1682 2218 cum
1735 2180 1831 2233 per
1867 2165 2027 2218 ﬁdem

445 2264 785 2310 constantem
815 2254 928 2327 (49)
980 2254 1317 2310 inﬁdelitatis
1363 2257 1613 2323 spiritum
1665 2257 1812 2311 vicit.
1851 2257 1943 2312 Sic
1975 2267 2027 2313 et

447 2348 537 2416 qui
595 2347 942 2402 concordiam
996 2356 1415 2416 perseveranter
1464 2348 1624 2413 colit,
1673 2349 2028 2404 dissensionis

448 2440 746 2494 daemonem
795 2440 895 2494 sub
929 2439 1154 2506 pedibus
1196 2441 1470 2495 conterit:
1509 2441 1598 2512 qui
1657 2445 2028 2498 mansuetudi-

450 2547 571 2585 nem
607 2540 806 2594 servat,
843 2531 1139 2586 iracundia:
1177 2529 1437 2586 Satanam
1485 2532 1760 2600 patientia:
1789 2535 2030 2604 vestigiis

447 2625 642 2680 calcat.
693 2624 802 2679 iloc
847 2634 929 2680 est
964 2624 1220 2679 nimirum
1270 2626 1412 2695 quod
1456 2626 1717 2681 Dominus
1759 2627 1814 2681 in
1853 2627 2030 2683 Evan-

448 2716 588 2787 gelio
628 2717 757 2771 dicit
780 2716 860 2769 ”:
903 2716 1041 2772 Ecce
1084 2719 1205 2792 dedi
1253 2718 1400 2772 vobis
1434 2727 1744 2787 potestatem
1781 2720 2030 2774 calcandi

448 2825 604 2877 super
641 2819 902 2876 serpentes
927 2819 974 2863 et
1008 2813 1329 2879 scorpiones,
1359 2820 1406 2864 et
1438 2827 1596 2879 super
1625 2827 1828 2866 οηιηεηι
1867 2814 2031 2867 virtu-

448 2913 548 2955 tem
583 2901 805 2956 inimici.

519 2991 608 3046 58.
651 2989 836 3045 Gratia
870 2992 1082 3047 Domini
1113 2994 1281 3048 nostri
1303 2993 1430 3049 Iesu
1456 2993 1652 3049 Christi
1688 2994 1950 3049 vobiscum
1985 2994 2026 3048 ¹.

447 3083 634 3140 Gratia
691 3084 824 3148 Dei,
870 3095 924 3140 et
961 3086 1134 3156 gratia
1182 3085 1395 3143 Domini
1448 3087 1616 3140 nostri
1665 3085 1791 3141 Jesu
1825 3087 2028 3142 Christi

448 3190 551 3229 una
587 3185 746 3244 atque
778 3176 966 3229 eadem
1000 3176 1172 3245 gratia
1209 3177 1526 3246 accipienda
1561 3186 1665 3233 est.
1705 3177 1857 3234 Sicut
1889 3181 2028 3234 enim

454 3265 612 3320 Pater
648 3282 783 3335 quos
813 3267 924 3319 vult
967 3267 1217 3335 viviﬁcat,
1244 3277 1293 3321 et
1327 3266 1502 3323 Filius
1531 3287 1664 3340 quos
1705 3270 1812 3324 vult
1858 3271 2027 3338 viviﬁ-

449 3367 570 3420 cat;
599 3371 646 3410 et
692 3359 825 3410 sicut
872 3355 1037 3411 Pater
1066 3356 1217 3411 habet
1254 3375 1308 3412 m
1339 3376 1393 3412 se
1425 3361 1607 3426 vitam,
1632 3371 1682 3415 et
1732 3361 1876 3414 Filio
1914 3361 2024 3433 (50)

446 3447 592 3498 dedit
643 3447 834 3498 habere
879 3448 934 3498 in
975 3447 1248 3514 semetipso
1300 3449 1529 3512 vitum',
1582 3447 1654 3500 ita
1696 3458 1750 3501 et
1794 3450 2024 3517 gratiam

447 3552 612 3605 quam
639 3537 730 3590 dat
763 3537 941 3600 Pater,
975 3540 1114 3591 hanc
1146 3546 1200 3590 et
1227 3536 1394 3591 Filius
1431 3540 1542 3592 dat.
1572 3537 1862 3593 Sciendum
1897 3553 2028 3594 sane

448 3640 550 3690 est,
574 3630 717 3696 quod
745 3644 907 3682 omne
946 3630 1087 3697 quod
1131 3628 1331 3682 habent
1363 3630 1604 3682 homines
1634 3646 1661 3682 a
1697 3630 1826 3695 Deo,
1853 3630 2028 3700 gratia

449 3729 528 3774 est
554 3719 596 3777 ³.
627 3720 767 3774 t‘iihil
800 3721 944 3772 enim
971 3735 1038 3773 ex
1069 3719 1248 3772 debito
1281 3719 1500 3776 habent.
1538 3719 1670 3786 Quis
1703 3723 1842 3775 enim
1885 3725 2032 3792 prior

449 3808 592 3861 dedit
643 3809 747 3873 illi,
787 3819 836 3860 et
886 3809 1206 3862 retribuetur
1237 3811 1326 3864 ei?
1357 3810 1542 3865 Gratia
1577 3827 1709 3880 ergo
1753 3823 1835 3866 est
1875 3816 2026 3883 quid-

448 3901 577 3970 quid
616 3902 777 3955 habet
811 3903 855 3955 is
882 3902 972 3970 qui
1020 3917 1127 3955 non
1165 3902 1284 3968 fuit,
1313 3912 1368 3957 et
1408 3913 1512 3969 est,
1544 3905 1821 3975 accipiens
1865 3909 1932 3961 ab
1967 3924 2032 3964 eo

450 3991 540 4061 qui
574 4006 792 4060 semper
818 3991 938 4045 fuit.
963 4002 1017 4045 et
1047 4002 1151 4055 est,
1178 4001 1231 4046 et
1263 3993 1370 4046 erit
1399 4002 1452 4050 in
1485 4007 1774 4051 aeternum.

521 4081 610 4136 59.
650 4082 860 4136 Saiutat
905 4099 992 4137 vos
1040 4082 1342 4140 Timotheus
1387 4086 1604 4156 adjulor
1637 4104 1803 4156 meus,
1835 4099 1882 4142 et
1930 4089 2034 4142 Lu-

451 4175 589 4236 cius,
629 4183 677 4228 et
708 4173 898 4237 lason,
944 4185 992 4229 et
1038 4174 1315 4246 Sosipater
1357 4180 1569 4248 cognati
1601 4181 1701 4233 mei
1725 4181 1767 4235 ⁸.
1806 4181 2036 4236 Videtur

451 4268 582 4320 mihi
633 4268 698 4322 de
744 4268 864 4322 istis
911 4283 1048 4337 quos
1081 4272 1443 4338 sequestravit
1485 4272 1554 4326 ab
1597 4275 1742 4328 omni
1788 4275 2034 4344 catalogo

452 4358 825 4423 salutantium,
855 4358 977 4428 plus
1011 4359 1216 4429 aliquid
1263 4363 1520 4418 sensisse.
1567 4362 1814 4437 Denique
1853 4378 1907 4422 et
1937 4369 2033 4422 Ti-

521 4490 567 4522 ”
605 4489 738 4546 Luc.
765 4506 830 4556 ι,
863 4491 950 4546 19.
1030 4492 1047 4523 ¹
1090 4491 1248 4546 Rom.
1294 4510 1416 4559 xvr,
1445 4495 1537 4550 20.

528 4561 549 4591 ⁸
590 4563 603 4614 l
637 4561 775 4614 'I‘im.
802 4577 838 4626 ι,
869 4562 925 4626 5,
955 4562 1008 4616 4.
1085 4565 1104 4595 ⁷
1148 4566 1270 4620 Act.
1301 4581 1442 4633 xvn,
1475 4566 1614 4637 Ssq.
1689 4568 1712 4599 ⁸
1751 4561 2059 4635 Λοιζκχνί.

547 4679 637 4748 46)
678 4678 839 4743 Edili,
865 4680 1004 4748 quod
1032 4683 1306 4736 suscitare.

547 4751 638 4818 Η)
679 4751 887 4803 Autem.
935 4753 1216 4826 omittitur
1255 4753 1525 4826 inieditis,
1571 4757 1665 4824 qui
1701 4766 1889 4826 postea
1936 4759 2038 4813 ha-

452 4821 543 4891 bet
573 4837 694 4874 cum
737 4836 870 4876 mss.
901 4821 1223 4891 quibusdam
1245 4824 1416 4877 videre
1438 4841 1537 4891 pro
1565 4821 1756 4882 dicere.
1792 4830 1898 4883 Sed
1928 4845 2031 4883 ms.

459 4890 658 4959 Regius
683 4906 831 4943 num.
858 4889 996 4945 1659
1018 4901 1073 4945 et
1125 4889 1383 4946 Rabanus
1417 4889 1618 4950 rectius
1667 4907 1725 4950 ut
1764 4899 1816 4953 in
1857 4910 2057 4954 textu.”

486 4997 493 5004 -
526 4961 637 5032 (48)
684 4960 1179 5036 Deus._0niittitur
1219 4963 1274 5036 in
1315 4964 1591 5036 plerisque
1627 4983 1758 5020 mss.
1798 4977 1852 5022 et
1893 4971 2032 5036 apud

452 5032 758 5156 ξίἓέιϐιιυω,
787 5034 880 5086 sed
907 5043 1088 5086 exstat
1113 5033 1166 5086 in
1193 5034 1357 5088 editis
1385 5044 1440 5088 et
1475 5032 1527 5090 in
1557 5053 1658 5091 nis.
1684 5032 2032 5109 Regio'num.

526 5173 638 5246 (49)
677 5176 752 5229 lta
779 5173 930 5228 editi.
955 5172 1213 5228 Rabanus
1239 5189 1369 5229 vero
1395 5183 1450 5229 et
1483 5192 1616 5230 mss.
1642 5179 1812 5234 nostri
1840 5193 2033 5234 omnes

454 5249 714 5299 omittunt
743 5261 835 5310 per
863 5247 1020 5312 ﬁdem
1054 5256 1397 5299 constantem.
1433 5247 1634 5303 Deinde
1671 5264 1802 5302 mss.
1837 5251 1950 5302 duo
1978 5259 2034 5302 et

454 5315 604 5394 editi.
649 5317 753 5369 Sed
794 5325 842 5369 et
876 5317 986 5388 qui,
1023 5325 1129 5369 etc.
1160 5317 1353 5370 Caeteri
1395 5333 1526 5372 mss.
1571 5327 1628 5372 et
1662 5321 1816 5385 editi,
1851 5318 1938 5373 Sic
1982 5330 2032 5374 et

492 5400 568 5443 ευ.
593 5396 699 5439 etc.

454 5400 810 5524 quibgichlss.
841 5456 946 5528 duo
981 5455 1158 5528 Regii,
1199 5457 1278 5510 sic
1304 5468 1352 5512 et
1388 5455 1632 5528 Filius...
1665 5469 1715 5514 et
1746 5462 1880 5516 sicut
1921 5458 2033 5513 Pa-

457 5532 664 5600 ητα...
679 5530 752 5579 ita
781 5536 826 5600 et
859 5525 1024 5591 Filio,
1052 5525 1157 5581 e'tc.
1191 5529 1296 5583 Sed
1327 5544 1429 5582 rus.
1461 5527 1664 5600 Regius
1712 5547 1862 5586 num.
1894 5531 2032 5588 1659

459 5603 512 5648 et
536 5597 666 5648 editi
700 5598 897 5650 rectius
929 5608 986 5648 ut
1020 5602 1070 5650 in
1110 5610 1294 5653 nostro
1327 5609 1499 5652 textu.

532 5663 641 5735 (51)
685 5669 774 5720 Sic
815 5682 913 5720 ins.
939 5667 1140 5734 Regius
1173 5686 1323 5724 num.
1353 5669 1490 5724 1659
1527 5680 1582 5726 et
1610 5669 1890 5728 Rabantts.
1916 5672 2033 5728 Ca)-

461 5738 719 5807 ter_i__vero
749 5752 877 5790 mss.
904 5747 957 5789 et
987 5740 1137 5805 editi,
1173 5751 1465 5807 rogaverat.

531 5805 644 5878 (5:!)
687 5806 889 5873 Ipsum.
937 5805 1285 5861 Desideratur
1338 5812 1390 5863 in
1439 5811 1620 5866 editis.
1671 5812 1874 5867 Deinde
1925 5829 2026 5866 ms.

458 5872 664 5948 Regius
693 5893 842 5932 num.
868 5878 1028 5944 1659,
1048 5894 1144 5946 pro
1169 5895 1228 5934 eo
1255 5882 1393 5947 quod
1417 5881 1583 5936 soleat
1613 5886 1896 5949 nominari,
1923 5899 2028 5941 etc.

1613 4498 1634 4528 ²
1671 4495 1828 4552 Joan.
1851 4516 1902 4564 v,
1939 4492 2034 4562 21,
2073 4499 2164 4555 26.

2130 1977 2438 2031 discedendi
2471 1975 2583 2047 (55)
2627 1977 2834 2030 faceret
2881 1975 3211 2031 libertatem.
3265 1977 3563 2045 Sosipater
3593 1991 3727 2044 quo-

2129 2085 2234 2140 que
2271 2069 2360 2139 qui
2394 2070 2477 2124 bis
2501 2067 2770 2138 jungitur,
2809 2068 3058 2138 suspicor
3090 2069 3232 2139 quod
3267 2069 3382 2136 ipse
3418 2069 3498 2123 sit
3544 2071 3638 2135 qui
3673 2068 3723 2122 in

2128 2161 2355 2217 Actibus
2415 2161 2783 2232 apostolorum
2828 2161 2850 2192 ⁸
2887 2160 3140 2216 scribitur
3196 2160 3478 2226 Sosipater
3532 2159 3726 2229 Pyrrhi

2130 2252 2427 2308 Beroensis.
2455 2252 2559 2308 Sed
2587 2253 2680 2322 qui
2715 2253 2869 2308 Pauli
2900 2252 3137 2306 Litteras
3159 2253 3428 2306 curiosius
3461 2260 3719 2321 tanquam

2131 2347 2348 2401 Christo
2385 2347 2436 2400 in
2473 2361 2540 2400 eo
2589 2346 2842 2416 loquente
2885 2347 3215 2409 considerat,
3249 2345 3572 2400 movebitur
3612 2346 3724 2399 siue

2131 2436 2294 2490 dubio
2323 2437 2596 2506 quomodo
2628 2436 2826 2490 Paulus
2871 2437 2961 2506 qui
3011 2451 3070 2490 se
3119 2435 3333 2491 Tliarso
3373 2435 3594 2490 Cilicia:
3627 2452 3720 2488 na-

2132 2536 2242 2581 tum
2278 2528 2552 2597 professus
2581 2539 2667 2583 est
2691 2529 2712 2560 ’
2742 2526 3026 2583 Hebraeum
3057 2545 3123 2583 ex
3159 2528 3428 2595 llebrzeis,
3462 2544 3617 2582 nunc
3646 2530 3721 2581 ττι

2132 2618 2399 2674 Tinmthei
2437 2617 2727 2675 Derbensis
2759 2622 2894 2676 civis
2930 2637 2996 2676 ex
3035 2631 3187 2690 patre
3223 2622 3413 2690 gentili
3454 2631 3722 2690 cognatus

2132 2714 2210 2765 vel
2245 2711 2682 2782 consanguineus
2727 2727 2847 2766 esse
2885 2713 3120 2775 dicatur,
3163 2713 3242 2764 vel
3277 2709 3500 2766 Jasouis
3556 2713 3721 2766 Thes-

2131 2802 2503 2866 salonicensis,
2533 2803 2617 2858 vel
2655 2803 2951 2872 Sosipatris
2985 2804 3178 2876 Pyrrhi
3215 2805 3533 2859 Beroensis.
3571 2805 3716 2870 Quod

2131 2896 2177 2949 si
2209 2911 2306 2966 pro
2332 2910 2399 2950 eo
2440 2895 2638 2964 aliquis
2666 2896 2814 2951 dicat
2843 2898 2970 2967 quia
3017 2898 3180 2951 etiam
3216 2897 3320 2964 ipsi
3364 2897 3619 2965 qualibet
3661 2910 3720 2947 ex

2133 2999 2288 3056 parte
2315 3003 2382 3041 ex
2417 2990 2841 3043 circumcisione
2886 2989 3178 3043 veniebant
3207 3006 3220 3043 :
3256 3003 3364 3042 non
3397 3004 3538 3058 ergo
3569 3004 3721 3057 opor-

2135 3081 2233 3134 tuit
2263 3081 2329 3135 de
2364 3082 2446 3136 bis
2476 3081 2786 3150 specialiter
2813 3083 3018 3145 dicere,
3045 3082 3138 3136 sed
3170 3091 3225 3136 et
3254 3083 3319 3135 de
3343 3081 3611 3134 omnibus
3639 3082 3718 3151 qui

2133 3187 2195 3226 ex
2221 3171 2420 3227 Judteis
2451 3182 2628 3238 erant,
2657 3175 2800 3243 quod
2851 3183 3036 3228 essent
3078 3174 3293 3242 cognati
3343 3172 3543 3226 Paulo.
3582 3173 3720 3226 Nunc

2138 3280 2261 3318 vero
2283 3280 2404 3317 cum
2438 3265 2650 3319 eteteris
2677 3280 3021 3334 nequaquam
3053 3265 3156 3323 hoc
3191 3279 3392 3318 nomen
3424 3265 3718 3334 indulgeat,

2135 3357 2218 3410 his
2252 3370 2380 3408 vero
2405 3367 2460 3410 et
2494 3357 2614 3411 aliis
2646 3357 2917 3412 nonnullis
2949 3358 3213 3421 ascribat,
3239 3369 3451 3412 certum
3485 3369 3579 3414 est
3604 3375 3715 3412 eum

2133 3447 2290 3500 aliam
2336 3448 2626 3518 quamdam
2675 3451 3054 3518 cognationem
3102 3451 3410 3512 nominare,
3445 3466 3574 3518 quae
3623 3451 3714 3504 sibi

2132 3553 2258 3592 cum
2287 3538 2596 3604 'l‘imOtbeo,
2622 3549 2675 3593 et
2707 3538 2849 3594 Luca
2877 3539 3015 3608 (54),
3041 3539 3267 3608 aliisque
3301 3545 3494 3608 paucis
3533 3544 3714 3594 borum

2133 3630 2407 3684 similibus
2448 3630 2754 3686 communis
2806 3632 3108 3686 habeatur:
3143 3647 3307 3700 quam
3343 3635 3714 3702 ceguationeui

2140 3722 2224 3776 vel
2261 3724 2790 3794 consanguinitatem
2837 3739 2904 3778 ex
2949 3724 3036 3777 illa
3069 3724 3189 3777 sine
3237 3724 3403 3777 dubio
3439 3727 3582 3777 sciat
3626 3725 3713 3776 sibi

2139 3830 2260 3869 cum
2297 3815 2380 3870 his
2415 3816 2739 3884 paternitate
2767 3815 3120 3880 descendere,
3144 3817 3210 3871 de
3239 3831 3344 3886 qua
3381 3818 3434 3869 in
3466 3818 3578 3871 alio
3612 3818 3715 3869 loco

2141 3911 2317 3966 dicit:
2359 3911 2475 3966 Hac
2520 3913 2662 3966 enim
2709 3929 2872 3966 causa
2917 3929 3076 3967 curvo
3125 3930 3294 3982 genua
3342 3930 3457 3966 mea
3509 3913 3583 3964 ad
3623 3910 3714 3962 Pa-

2141 4011 2271 4057 trem
2299 4003 2412 4072 (55)
2441 4004 2658 4058 Domini
2701 4007 2867 4059 nostri
2895 4003 3025 4059 Jesu
3055 4003 3273 4069 Christi,
3307 4019 3374 4056 ea:
3407 4020 3512 4071 quo
3557 4005 3714 4055 omnis

2140 4097 2435 4164 paternitas
2469 4097 2522 4149 in
2555 4096 2681 4150 uelo
2725 4107 2773 4150 et
2815 4097 2870 4150 in
2912 4106 3055 4150 terra
3091 4097 3395 4149 nominatur
3419 4095 3486 4148 ¹⁶.
3537 4093 3715 4148 Sciens

2134 4187 2300 4256 igitur
2330 4203 2449 4242 esse
2493 4188 2728 4258 aliquam
2767 4191 3148 4258 paternitatem
3191 4188 3244 4241 in
3291 4187 3434 4243 caelo
3473 4188 3713 4242 sicutest

2129 4287 2186 4332 et
2220 4279 2272 4332 in
2315 4287 2486 4344 terra,
2516 4289 2727 4334 certum
2763 4290 2846 4334 est
2887 4279 3029 4348 quod
3076 4280 3210 4333 istos
3243 4280 3337 4348 qui
3383 4281 3488 4332 sibi
3522 4293 3716 4346 nequa—

2130 4385 2292 4440 quam
2340 4370 2638 4425 secundum
2683 4371 3062 4439 cognationem
3100 4371 3453 4440 pateruitatis
3493 4382 3712 4425 lerrenze

2241 4502 2264 4533 ³
2303 4503 2461 4556 Rom.
2490 4503 2675 4567 v.35.
2750 4503 2773 4534 ⁸
2812 4501 2969 4557 Rom.
2997 4519 3111 4567 xvr,
3140 4503 3231 4556 21.

2131 4572 2153 4603 ⁹
2183 4575 2305 4628 Act.
2338 4589 2474 4640 χχιι,
2506 4575 2561 4627 5.
2640 4575 2684 4605 ¹⁶
2713 4573 2911 4643 Ephes.
2938 4591 3022 4640 Ill,
3051 4575 3142 4640 M,
3173 4574 3263 4630 15.

3313 4504 3338 4536 ⁵
3371 4505 3498 4561 Act.
3526 4523 3635 4568 xu,
3666 4507 3708 4558 1.

2069 4671 2113 4726 Ῑ)
2143 4686 2248 4742 Sed
2280 4689 2462 4742 ueteri
2495 4704 2652 4753 mss.,
2683 4687 2940 4743 Rabanus
2970 4701 3024 4744 et
3054 4691 3184 4744 editi
3223 4702 3280 4744 ut
3318 4692 3372 4745 in
3413 4702 3584 4748 textu.

2212 4758 2324 4830 (55)
2369 4760 2459 4812 Sic
2484 4775 2623 4830 mss.
2651 4769 2707 4815 et
2748 4759 3024 4814 Rabanus.
3071 4761 3208 4816 Editi
3253 4775 3474 4828 autem,
3507 4776 3561 4817 ut
3589 4766 3709 4827 Αδιο-

2140 4832 2274 4881 stolo
2303 4829 2533 4891 dicendi,
2562 4842 2671 4883 etc.

2213 4899 2324 4970 (54)
2368 4900 2440 4952 Ita
2472 4916 2572 4953 nis.
2603 4898 2804 4966 Regius
2837 4917 2984 4954 num.
3021 4901 3173 4957 1659.
3199 4903 3399 4956 Cancri
3431 4919 3558 4958 vero
3594 4921 3708 4957 mes.

2139 4979 2193 5022 et
2219 4971 2372 5042 editi,
2399 4985 2516 5042 qua;
2540 4971 2626 5023 isti
2652 4972 2951 5038 Sosipalro,
2983 4971 3249 5026 Timotheo
3282 4977 3465 5042 (editi,
3495 4994 3608 5028 cum
3639 4975 3710 5026 Ti-

2140 5039 2371 5107 motheo)
2403 5049 2451 5092 et
2486 5039 2646 5105 Luca,
2673 5049 2780 5095 etc.

2214 5109 2324 5180 (55)
2368 5110 2458 5163 Sic
2496 5121 2640 5164 recte
2683 5127 2784 5166 ins.
2834 5109 3036 5180 Regius
3087 5129 3236 5167 num.
3294 5114 3439 5168 1659
3492 5114 3707 5181 restituit

2143 5181 2289 5234 hunc
2322 5182 2495 5234 locum
2529 5183 2595 5234 ab
2627 5182 2710 5235 his
2744 5185 2946 5243 verbis,
2973 5198 3038 5236 ea:
3085 5185 3179 5236 illa
3209 5186 3322 5236 sine
3353 5187 3514 5237 dubio
3551 5187 3675 5235 sciat
3696 5222 3707 5239 .

2138 5251 2259 5314 sibi,
2291 5260 2420 5313 elc.,
2462 5265 2632 5320 usque
2678 5251 2745 5304 ad
2791 5251 3005 5306 Gratias
3052 5270 3149 5323 ago
3196 5255 3320 5316 Deo,
3372 5267 3484 5309 etc.
3529 5254 3706 5307 (ξι-ιιιτὶ

2143 5336 2274 5396 vero
2308 5337 2439 5396 mss.
2475 5323 2649 5396 nostri
2684 5323 2884 5374 habent
2914 5327 3308 5396 tantummodo,
3334 5343 3495 5396 quant
3530 5341 3707 5392 cogna-

2140 5391 2337 5463 tionem
2369 5391 2480 5463 ejus
2515 5392 2592 5444 vel
2638 5395 3152 5463 consanguinitate»:
3187 5395 3302 5463 ejus
3347 5391 3424 5448 ἐκ
3467 5397 3555 5446 illa
3608 5400 3707 5443 sine

2139 5461 2299 5514 dubio
2354 5461 2521 5513 sociat
2569 5463 2692 5514 sibi.
2737 5461 2949 5514 Gratias
2990 5482 3088 5532 ago
3152 5461 3284 5526 Deo,
3336 5478 3469 5526 εις..
3507 5465 3707 5532 omissis

2141 5534 2399 5585 omnibus
2445 5533 2799 5584 intermediis.
2837 5531 3196 5604 Editipquam
3237 5549 3597 5604 cognationem
3638 5531 3704 5583 rei

2139 5604 2654 5673 consanguinitatem
2709 5604 2938 5673 arbitror
2962 5623 3072 5657 esse
3103 5621 3166 5657 ea:
3211 5606 3469 5673 baptismo
3513 5618 3704 5656 contra-

2139 5683 2300 5745 ctam.
2332 5672 2644 5745 Saluto_vos
2684 5688 2776 5741 ego
2816 5672 3024 5745 Tertius
3066 5677 3154 5745 qui
3200 5672 3389 5740 scripsi
3429 5674 3700 5741 Epistulam

2139 5746 2196 5812 in
2222 5740 2726 5812 Domino,Salutut
2758 5761 2845 5796 vos
2879 5744 3039 5798 Caius
3072 5740 3256 5812 hospes
3290 5763 3434 5798 mens
3470 5740 3701 5795 universe

2141 5810 2414 5867 Ecclesia'.
2451 5811 2555 5864 llic
2596 5827 2669 5866 est
2700 5813 2864 5867 Caius
2897 5823 2959 5866 de
3001 5833 3103 5878 quo
3134 5810 3260 5866 alibi
3304 5817 3474 5868 dicit:
3504 5813 3700 5867 Gratias

2140 5898 2239 5951 ago
2278 5883 2388 5936 Deo
2424 5901 2562 5948 meo,
2589 5893 2720 5947 ctc.,
2755 5888 2968 5940 cuiteris
3002 5887 3402 5955 ιιι-ευιρτιυὶεδὶε.
