3812 6550
13 383 198 446 1233
1186 385 1256 440 ΙΝ
1293 380 1599 440 EPISTOLl

1720 378 1812 436 AD
1844 375 2186 434 GALATAS.
3178 374 3310 431 £294

13 516 214 572 rasam
259 498 633 572 (ediﬁcationis
667 497 961 554 intentione
995 510 1249 568 perorata
1277 563 1280 568 η
1305 509 1432 556 sunt
1467 512 1488 552 :
1516 496 1652 552 sicut
1694 495 1750 550 in
1781 493 2015 549 homiliis
2049 492 2157 546 sive
2197 490 2255 544 in
2290 489 2641 546 oratiunculis
2672 489 2782 561 (75)
2822 490 2874 544 in
2908 487 3146 546 Genesim
3179 502 3227 545 et
3260 495 3315 544 in

13 595 305 653 Ezodum
323 595 569 666 fecimus,
594 603 644 648 et
671 593 937 663 prwcipue
960 592 1015 646 in
1036 593 1119 648 his
1143 607 1261 662 qua:
1283 591 1338 647 in
1368 591 1565 644 librum
1595 586 1818 644 Leuitici
1845 587 1912 642 ab
1947 585 2041 640 illo
2064 583 2274 656 quidem
2297 582 2411 657 (76)
2442 583 2727 654 perorandi
2753 584 2890 654 stglo
2910 584 3078 648 dicta,
3105 601 3138 638 a
3166 587 3315 640 nobis

13 705 174 744 vero
196 688 523 758 explanandi
554 689 725 758 specie
751 686 1012 741 translata
1039 698 1182 741 sunt.
1209 686 1378 752 Quem
1409 684 1642 738 laborem
1667 680 1998 750 adimplendi
2017 695 2139 750 qua:
2161 679 2378 734 deerant
2408 679 2609 734 idcirco
2635 680 2980 750 suscepimus,
3005 698 3068 735 ne
3089 675 3315 749 pulsaue

13 784 372 851 {uastiones
394 793 444 838 et
479 785 700 849 relictis,
730 783 874 855 quod
903 784 958 836 in
981 780 1311 836 homiliatico
1340 777 1552 832 dicendi
1579 791 1765 844 genere
1794 773 1858 828 ab
1886 771 1978 826 illo
2010 770 2181 843 689
2213 788 2351 838 stupe
2378 772 2494 837 ﬁeri
2520 771 2678 841 solet,
2711 771 2902 826 Latino
2933 773 3117 827 lectori
3150 774 3312 843 fasti-

13 879 204 932 dium
232 888 564 948 generarent.
598 878 741 933 Nam
776 877 868 932 illa
897 895 1013 948 qua:
1038 881 1092 930 in
1125 875 1308 930 Jesum
1345 871 1519 933 Nave.
1550 881 1598 923 et
1625 871 1683 923 in
1720 866 1980 922 Iudicum
2003 866 2194 919 librum
2230 865 2367 935 (77),
2405 873 2456 920 et
2493 867 2548 919 in
2580 867 2900 920 tricesimum
2932 879 3160 928 sextum,
3185 868 3310 920 etin

13 969 373 1022 ’ricesirnum
411 971 712 1037 septimum,
744 980 792 1024 et
819 969 1142 1024 tricesimum
1181 978 1423 1020 octavum
1471 963 1734 1032 psalmum
1772 959 2102 1024 scripsimus.
2141 958 2459 1026 simpliciter
2511 969 2566 1012 ut
2630 958 2925 1012 invenimus
2955 955 3090 1030 (78),
3125 967 3308 1012 etnon

13 1059 216 1111 multo
245 1076 364 1112 cum
407 1059 586 1114 labore
621 1060 1012 1115 transtulimus.
1045 1057 1297 1124 Quamvis
1325 1073 1447 1126 ergo
1474 1063 1522 1108 et
1560 1055 1614 1106 in
1653 1050 1860 1105 cwteris
1893 1065 2011 1120 qua
2040 1066 2204 1118 supra
2238 1050 2472 1104 diximus
2502 1049 2806 1103 laboratum
2831 1053 2978 1104 nobis
3005 1053 3070 1104 sit
3100 1052 3156 1104 in
3189 1067 3312 1119 sup-

14 1149 259 1202 ,ιεηαίε
287 1149 371 1203 ιιε.
412 1165 530 1218 qua;
579 1150 848 1215 omium),
881 1150 937 1203 ίη
980 1150 1077 1201 hac
1119 1157 1290 1200 tamen
1323 1161 1477 1214 opere
1534 1141 1788 1204 Epistola:
1824 1141 1894 1193 ad
1930 1138 2197 1195 Romanos
2247 1156 2344 1204 pro
2371 1141 2454 1194 his
2491 1143 2668 1194 causis
2710 1157 2844 1211 quas
2876 1144 2930 1195 in
2977 1141 3310 1212 Pra'fatione

13 1243 560 1310 ronipre/iendimus,
589 1245 874 1298 immensus
903 1244 1049 1297 nobis
1081 1251 1132 1296 et
1171 1237 1557 1295 inextricabilis
1593 1236 1706 1307 (79)
1742 1235 1978 1289 incubuit
2019 1233 2192 1288 labor.
2231 1232 2335 1290 Sed
2368 1233 2645 1289 delectauit
2683 1235 2970 1288 indulsisse
3009 1233 3311 1299 laboribus;

13 1338 57 1387 si
109 1338 279 1389 modo
314 1355 439 1405 non,
470 1347 526 1392 ut
557 1339 612 1392 in
640 1339 761 1393 aliis
789 1339 990 1408 experti
1021 1353 1231 1400 sumus,
1270 1331 1544 1387 malevola:
1580 1341 1777 1386 mentes
1811 1330 2004 1400 vigiliis
2036 1329 2229 1384 nostris
2257 1329 2603 1384 contumelias
2635 1331 2882 1397 reddant,
2915 1331 2960 1383 si
2988 1348 3092 1384 non
3125 1332 3310 1394 studia

14 1430 536 1495 tbsrectationibus,
567 1439 620 1486 et
659 1431 865 1486 labores
907 1439 1308 1486 remunerentur
1346 1426 1580 1481 insidiis.
1613 1422 1824 1478 Novum
1860 1424 2055 1493 quippe
2091 1425 2233 1492 apud
2280 1439 2369 1478 eos
2418 1421 2588 1493 culpa:
2631 1441 2795 1494 genus
2831 1427 3093 1480 subimus.
3144 1427 3307 1480 Aiunt

13 1522 178 1571 mim
237 1521 406 1575 mihi:
434 1520 501 1578 In
550 1523 633 1578 his
673 1540 792 1592 qute
832 1523 1042 1587 scribis,
1087 1524 1338 1593 quoniant
1386 1521 1620 1589 plurima
1663 1517 1718 1571 in
1757 1518 1831 1570 eis
1861 1518 1940 1569 tui
1985 1516 2157 1586 operis
2209 1516 2494 1580 habentur,
2525 1519 2594 1570 da
2620 1517 2838 1572 titulum
2865 1519 3094 1572 nominis
3127 1517 3228 1583 tui,
3255 1530 3306 1570 et

13 1613 211 1664 scribe
247 1629 265 1664 :
289 1612 467 1681 Ruﬁni
500 1614 638 1684 (80).
671 1615 811 1669 verbi
841 1615 1039 1684 gratia,
1087 1615 1140 1668 in
1179 1613 1473 1683 Epistolam
1519 1611 1588 1664 ad
1624 1607 1894 1664 Romanos
1935 1609 2388 1679 Explanationum
2427 1610 2570 1674 libri,
2603 1609 2740 1663 sicut
2768 1620 2818 1663 et
2863 1611 3008 1679 apud
3039 1620 3305 1676 auctores,

14 1705 314 1772 inquiunt,
353 1707 633 1762 suculares
667 1725 772 1762 non
793 1708 941 1762 illius
965 1708 1056 1780 qui
1076 1724 1142 1762 ea:
1175 1705 1362 1762 (ἐνίει-ο
1392 1705 1683 1760 translatus
1713 1713 1812 1770 est,
1841 1706 1935 1759 sed
1962 1703 2108 1757 itlius
2142 1705 2232 1773 qui
2273 1704 2546 1757 transtulit
2569 1719 2755 1758 nomen
2787 1704 2976 1758 titulus
3007 1713 3163 1768 tenet.
3192 1703 3308 1760 Hoc

13 1811 218 1852 autem
250 1811 411 1853 totum
441 1801 570 1856 mihi
605 1802 805 1856 donant
835 1818 940 1856 non
969 1817 1154 1856 amore
1203 1802 1328 1865 mei,
1361 1800 1454 1854 sed
1509 1799 1630 1853 odio
1684 1798 1917 1852 auctoris
1944 1796 2076 1868 (81).
2125 1795 2315 1851 Verum
2345 1813 2441 1867 ego
2489 1799 2580 1867 qui
2611 1797 2732 1865 plus
2782 1798 3122 1852 conscientia:
3154 1814 3304 1863 meae,

13 1908 198 1959 quam
251 1891 449 1946 nomini
493 1894 674 1962 defero
717 1894 875 1949 etiam
913 1895 960 1947 si
996 1893 1191 1948 addere
1237 1893 1417 1964 aliqua
1449 1892 1631 1946 videor
1662 1900 1708 1944 et
1753 1887 1962 1955 explere
1996 1904 2118 1958 quae
2164 1889 2376 1956 desunt,
2415 1897 2509 1942 aut
2541 1889 2776 1944 breviare
2809 1906 2927 1961 qua:
2969 1889 3126 1960 longa
3157 1898 3306 1957 sunt,

13 1982 215 2037 riurari
245 1992 418 2038 tamen
450 1984 665 2054 titulum
700 1985 819 2056 ejus
853 1984 944 2055 qui
983 1983 1340 2054 fundamenta
1383 1984 1554 2051 operis
1583 1982 1740 2052 jecit,
1777 1992 1825 2036 et
1871 1982 2212 2034 construendi
2251 1980 2468 2050 wdiﬁcii
2499 1981 2780 2036 materiam
2820 1982 3073 2052 prwbuit,
3106 1991 3305 2036 rectunt

13 2093 141 2130 ιιοη
167 2091 322 2144 puto.
342 2077 426 2134 Sit
446 2096 575 2134 sane
596 2081 651 2134 in
674 2082 898 2136 arbitrio
925 2080 1146 2152 legentis
1172 2095 1291 2134 cum
1317 2094 1450 2148 opus
1471 2075 1786 2146 probaverit,
1809 2076 1980 2144 operis
2004 2075 2246 2130 meritum
2269 2076 2353 2129 cui
2376 2074 2502 2129 uelit
2527 2075 2811 2130 ascribere.
2831 2074 3002 2130 Nobis
3030 2076 3167 2130 enim
3188 2073 3304 2146 (89.)

13 2169 370 2234 oropositum
405 2180 479 2224 est
517 2187 622 2224 non
658 2172 906 2236 plausum
940 2172 1246 2242 legentium,
1277 2173 1368 2224 sed
1403 2169 1636 2240 fructum
1683 2169 2077 2238 proﬁcientium
2117 2183 2372 2238 querere.
2405 2165 2532 2222 Post
2553 2167 2651 2222 hoc
2684 2183 2812 2222 sane
2852 2177 2998 2222 vocat
3035 2185 3130 2222 nos
3171 2183 3303 2232 opus

13 2261 176 2329 quod
211 2261 340 2314 olim
369 2263 578 2332 quidem
613 2265 907 2332 iujunctunt
955 2273 1054 2329 est,
1087 2269 1176 2318 sed
1207 2280 1346 2318 nunc
1374 2281 1407 2317 a
1447 2263 1596 2318 beato
1625 2260 1923 2316 Gaudentio
1962 2261 2200 2328 episcopo
2237 2259 2592 2315 uehementius
2637 2271 2974 2329 perurgetur,
3017 2259 3302 2315 Clementis

13 2353 242 2406 scilicet
293 2353 522 2408 Romani
559 2357 792 2428 episcopi
845 2356 1208 2426 apostolorum
1275 2356 1482 2412 comitis
1510 2371 1574 2409 ac
1605 2356 1923 2409 successoris
1963 2356 2026 2410 de
2060 2354 2428 2427 Recognitione
2458 2356 2581 2409 libri
2611 2368 2666 2409 ut
2704 2356 2760 2409 in
2787 2355 3037 2411 Latinum
3088 2370 3302 2413 uertan-

13 2455 112 2499 κατ
150 2447 293 2518 (85).
325 2446 395 2502 In
424 2463 526 2518 quo
565 2441 718 2518 opere
747 2450 874 2504 bene
906 2451 1026 2505 noui
1056 2451 1197 2520 quod
1227 2449 1463 2504 laborem
1493 2447 1643 2500 labor
1677 2446 2015 2516 multiplicat,
2041 2449 2086 2501 si
2119 2465 2312 2502 sortem
2357 2449 2611 2518 suscipiat
2634 2446 2770 2520 (δι).
2799 2447 3146 2518 Satisfuciam
3171 2468 3301 2504 sane

13 2543 68 2594 ita
109 2557 181 2594 eo
211 2543 398 2596 amicis
431 2543 559 2596 meis
589 2559 608 2598 :
638 2543 774 2598 dabo
813 2545 968 2600 titulo
1003 2561 1192 2598 nomen
1232 2560 1428 2606 meum,
1475 2542 1711 2596 aucturis
1770 2540 2114 2595 nihilominus
2141 2541 2389 2596 uocabulo
2411 2551 2768 2610 permanente.
2797 2539 2942 2594 Nunt
2965 2539 3144 2610 Rufini
3174 2539 3298 2596 Cie--

13 2649 178 2686 mens
207 2635 472 2688 scribetur
495 2634 630 2706 (85).
666 2634 821 2701 Quod
849 2639 893 2691 si
924 2651 1007 2690 me
1046 2634 1307 2689 Dominus
1353 2631 1572 2700 implere
1619 2629 1939 2700 permiserit,
1969 2630 2148 2684 redibo
2175 2646 2364 2684 rursus
2395 2639 2444 2683 et
2475 2629 2545 2682 ad
2579 2641 2671 2682 tua
2711 2627 2998 2693 desideria,
3031 2641 3086 2682 ut
3127 2630 3206 2683 uel
3246 2630 3304 2685 in

21 2727 436 2792 Numerorum,
467 2728 544 2782 uel
572 2731 628 2781 iu
660 2727 1056 2784 Deuteronomii
1079 2728 1268 2792 libros,
1304 2725 1413 2779 Deo
1443 2723 1797 2795 permittente,
1821 2722 2004 2792 aliqua
2036 2723 2274 2776 dicamus
2300 2721 2418 2792 (hoc
2465 2721 2604 2776 enim
2637 2717 2810 2774 solum
2856 2721 3002 2774 nobis
3045 2721 3110 2774 de
3135 2719 3305 2791 Epta-

13 2826 222 2878 teucho
251 2822 416 2894 deest)
441 2822 517 2877 uel
546 2823 611 2877 de
639 2823 852 2892 reliquis
885 2822 1113 2891 apostoli
1146 2819 1304 2876 Pauli
1331 2819 1590 2890 Epistolis
1615 2835 1733 2889 qua:
1755 2833 2055 2889 possumus,
2078 2815 2305 2871 Domino
2337 2815 2613 2886 dirigente,
2636 2815 2893 2869 dictemus
2919 2811 3053 2884 (86).

589 3145 711 3226 (87)
747 3145 858 3208 EX
891 3144 1152 3207 LlBRlS
1183 3137 1561 3206 ORIGENIS
1591 3141 1674 3203 IN
1708 3140 2310 3206 EPISTOLAM-AD
2339 3139 2716 3202 GALATAS

489 3471 575 3529 Eo;
614 3473 770 3529 initio
811 3473 935 3530 libri
976 3477 1160 3543 primi.
1645 3468 1690 3541 Α
1719 3496 1882 3550 neque
1923 3497 2017 3551 per
2053 3481 2339 3535 hominem.
2386 3477 2445 3534 Si
2489 3478 2636 3534 enim
2671 3477 2836 3534 homo
2879 3477 2981 3533 fuit
3007 3475 3200 3544 Jesus,
3245 3485 3301 3534 et

83 3565 268 3637 690
309 3565 389 3621 Ex
430 3582 498 3624 eo
528 3568 672 3638 quod
702 3567 1164 3638 dixitApostolus
1199 3589 1213 3626 :
1253 3569 1459 3626 Paulus
1489 3589 1617 3642 apo-
1718 3588 1815 3642 per
1861 3573 2037 3643 ipsum
2081 3581 2392 3642 assumptus
2442 3580 2528 3626 est
2567 3571 2620 3625 in
2669 3569 3028 3642 apostolatum
3067 3570 3298 3638 Paulus,

17 3661 193 3714 ttolus
233 3677 338 3714 non
367 3661 433 3714 ab
463 3661 801 3725 hominibus,
837 3678 1008 3732 neque
1047 3680 1142 3731 per
1181 3665 1444 3722 hominem
1473 3707 1489 3730 ,
1523 3667 1618 3721 sed
1716 3664 1907 3734 utique
1937 3679 2036 3732 per
2055 3664 2331 3718 hominem
2355 3661 2531 3718 lactus
2557 3671 2675 3717 erat
2697 3663 2994 3733 apostolus.
3031 3662 3086 3718 Si
3111 3657 3296 3721 autem

17 3771 106 3822 per
167 3752 362 3807 Jesum
413 3753 686 3808 Christum
723 3756 794 3821 ”,
837 3755 1125 3812 manifeste
1179 3755 1344 3811 datur
1394 3759 1615 3829 intelligi
1714 3771 1812 3827 per
1854 3757 2129 3812 hominem
2187 3766 2307 3811 erat
2351 3755 2660 3824 apostolus,
2713 3771 2988 3826 nunquam
3045 3756 3296 3822 dixisset,

17 3847 145 3916 quia
185 3862 298 3901 non
328 3855 447 3901 erat
484 3847 646 3901 homo
668 3846 922 3904 Christus
948 3846 1127 3916 Jesus,
1167 3849 1260 3904 sed
1284 3859 1405 3903 erat
1430 3850 1614 3906 divina
1714 3849 1840 3918 quia
1869 3864 2033 3918 neque
2062 3864 2156 3918 per
2186 3846 2450 3902 hominem
2477 3863 2499 3902 :
2530 3847 2622 3902 sed
2664 3847 2950 3904 manifeste
2977 3860 3197 3928 separat
3228 3848 3297 3903 ιιι)

19 3949 245 3992 natura.
295 3936 410 3992 Non
447 3938 593 3993 enim
637 3940 687 4013 si
716 3941 880 3996 homo
928 3949 1107 4006 esset,
1142 3939 1375 3996 dixisset
1415 3941 1616 3997 Paulus
1713 3943 1950 3996 humana
1985 3950 2178 3995 natura
2207 3937 2392 3995 Jesum
2423 3939 2624 3995 Paulus
2662 3956 2758 4011 per
2785 3941 2905 3996 hzec
2944 3941 3128 3997 verba.
3176 3940 3292 3997 Non

19 4028 123 4084 hoc
165 4029 318 4097 quod
350 4030 425 4096 ait
457 4048 469 4083 :
503 4027 712 4086 Paulus
748 4031 1019 4100 apostolus
1051 4049 1155 4086 non
1183 4034 1249 4086 ab
1291 4033 1615 4099 hominibus,
1711 4035 1856 4088 enim
1904 4033 2110 4088 suilicit
2132 4032 2182 4088 ei
2225 4033 2433 4088 dixisse
2469 4049 2484 4084 :
2523 4049 2685 4103 neque
2717 4049 2808 4102 per
2843 4034 3152 4099 hominem;
3196 4036 3294 4090 scd

78 4125 127 4156 ⁸⁷
162 4121 353 4177 Gulut.
383 4139 424 4187 l,
459 4123 510 4178 1.

82 4217 211 4286 (75)
245 4217 371 4272 Mss.
397 4219 525 4284 duo,
555 4220 633 4274 vel
661 4220 1031 4288 oratiunculis,
1060 4230 1167 4278 etc.

1712 4221 2101 4296 Recognitione.
2127 4223 2572 4296 Recognitionum
2599 4223 2719 4280 libri
2744 4225 3045 4281 etiamnum
3069 4235 3290 4286 exstant

82 4292 211 4360 (76)
253 4290 382 4343 Mss.
431 4292 539 4346 duo
579 4293 840 4346 omittunt
866 4294 1114 4362 quidem;
1153 4303 1209 4348 et
1243 4292 1446 4348 habent
1477 4307 1602 4348 cum

1712 4308 1780 4362 ex
1812 4295 2255 4362 interpretatione
2281 4295 2490 4361 Ruﬁni;
2519 4296 2614 4351 sed
2634 4296 2895 4352 Clementi
2921 4296 3166 4356 Romano
3192 4300 3288 4355 ab-

21 4360 206 4425 editis,
246 4362 464 4413 dictata.

83 4432 212 4500 (77)
249 4429 486 4483 Librum.
527 4427 807 4486 Omittitur
835 4432 888 4487 in
928 4433 1184 4490 omnibus
1213 4449 1345 4489 mss.
1379 4433 1601 4498 nostris,

21 4507 105 4553 sed
145 4510 334 4554 exstat
361 4502 410 4552 in
442 4501 620 4554 etlitis.

1706 4361 2041 4432 judicantnr.

1780 4433 1892 4506 (84)
1915 4432 2026 4506 Ms.
2056 4433 2257 4504 Regius
2300 4451 2447 4489 num.
2483 4434 2654 4501 1639,
2683 4437 2823 4506 quod
2873 4436 3102 4492 laborem
3133 4439 3287 4493 labor

1710 4504 2068 4578 multiplicata
2093 4517 2232 4560 sorte
2257 4509 2527 4578 suscipiet.
2567 4507 2675 4560 Sed
2697 4504 2883 4562 caeteri
2912 4524 3043 4564 unus.
3069 4519 3123 4564 et
3151 4511 3282 4564 editi

86 4573 216 4639 (78)
254 4570 392 4623 Editi
417 4610 433 4633 ,
473 4571 783 4639 simpliciter
807 4573 1155 4636 expressimus
1195 4582 1254 4628 ut
1291 4575 1600 4629 inuenimus.
1635 4579 1677 4635 Β
1710 4585 1769 4628 ut
1795 4575 1846 4625 in
1881 4583 2051 4629 textu.

23 4640 120 4695 Sent
153 4655 359 4695 Oll‘llleS
386 4655 512 4696 mss.
542 4643 800 4696 omittunt
826 4646 1199 4710 expressimus.

77 4714 200 4781 (79)
235 4711 370 4784 Etliti
399 4751 414 4774 ,
439 4711 848 4766 intestimnbiiis.
875 4713 1076 4767 Deinde
1098 4729 1196 4768 ms.
1223 4713 1422 4784 Regius
1449 4731 1598 4770 num.

23 4782 180 4838 1639,
222 4794 267 4833 et
300 4781 532 4834 laborem
560 4793 888 4836 remanerent
920 4785 1152 4838 insidiis.

87 4855 212 4920 (80)
243 4849 336 4904 Sic
380 4866 572 4905 omnes
610 4867 738 4907 mss.
778 4853 911 4908 Ειιίιί
953 4868 1101 4920 vero,
1136 4864 1182 4907 et
1217 4855 1383 4909 scribe
1417 4855 1605 4911 Hiero-

25 4927 185 4992 nymi.
235 4921 437 4976 Deinde
468 4937 658 4976 omnes
701 4937 834 4978 mss.
868 4923 1099 4988 habent,
1151 4929 1208 4978 in
1241 4925 1484 4992 Epistola
1532 4929 1602 4982 ad

25 4990 319 5050 Romanus,
347 5002 451 5047 etc.

89 5063 212 5130 (8t)
254 5060 350 5132 Ms.
379 5077 521 5132 lllIIlS
561 5063 762 5132 habet,
793 5063 1162 5126 auctoritatis;
1193 5064 1351 5131 alter,
1383 5068 1599 5121 actoris.

87 5134 212 5203 (82)
251 5131 349 5183 Ms.
377 5131 575 5199 Regius
603 5151 750 5187 nunt.
781 5133 940 5194 1659,
972 5132 1138 5203 Nobis
1168 5147 1365 5199 autent,
1395 5148 1500 5192 elc.

88 5201 212 5273 (83)
248 5203 340 5255 Sic
398 5213 542 5256 recte
576 5219 704 5274 gms.
763 5207 934 5258 colles
983 5201 1188 5274 Regius
1233 5223 1382 5259 num.
1439 5207 1598 5265 1659.

27 5272 156 5327 ΕιΙιιὶ
190 5272 352 5346 νει-ο,
379 5273 734 5346 apostolorum
764 5276 993 5346 comitis,
1031 5272 1256 5343 quorum
1290 5275 1410 5346 (aL,
1437 5285 1599 5346 quod)

27 5354 72 5414 ut
107 5343 507 5396 successoribus
543 5343 724 5396 darem
768 5345 1109 5414 cognitionem
1146 5345 1265 5400 libri
1300 5343 1338 5399 'a
1371 5343 1517 5402 nobis
1546 5343 1601 5402 in

29 5411 282 5482 Latinum
352 5425 642 5466 vertuntur.
695 5411 873 5468 Codex
931 5430 1032 5468 ms.
1100 5415 1478 5482 Ehroiconsls,
1545 5428 1601 5473 et

29 5496 158 5537 unus
219 5481 421 5551 Regius
469 5500 620 5538 num.
670 5485 841 5549 £640,
878 5485 1234 5550 apostolorum
1294 5481 1498 5541 comitis
1551 5500 1599 5542 et

29 5553 134 5673 (aL,
185 5552 272 5623 ut)
302 5569 659 5607 successorum
680 5595 694 5618 ,
726 5555 852 5608 dare
880 5557 1227 5624 cognitionem
1256 5556 1378 5608 libri
1404 5598 1420 5623 ,
1454 5567 1510 5610 ut
1541 5560 1598 5612 in

67 5626 280 5673 atinum
314 5635 599 5673 uertuntur-
632 5623 732 5673 Ms.
766 5625 962 5673 Reains
999 5641 1147 5673 num.
1179 5625 1305 5673 l6“
1339 5666 1354 5673 _
1386 5640 1598 5673 unnsm-

67 5626 280 5678 atinum
314 5635 599 5696 vertuntur.
632 5623 732 5679 Ms.
766 5623 962 5696 Regius
999 5641 1147 5678 num.
1179 5625 1308 5679 1641
1339 5666 1354 5690 ,
1386 5640 1600 5696 aposto-

30 5691 191 5747 lorum
213 5693 443 5765 _comitis
484 5704 532 5748 et
570 5691 886 5749 successoris
923 5696 1052 5748 dare
1092 5691 1435 5765 cognitionem
1471 5697 1598 5753 libri

31 5771 77 5814 ut
110 5765 164 5817 in
200 5761 456 5817 Latinum
505 5764 760 5819 uertatur.
809 5765 908 5820 Ms.
939 5765 1105 5819 codex
1141 5761 1494 5821 Vallis-clara:
1541 5775 1600 5820 ut

31 5829 74 5886 iu
99 5842 277 5901 textu,
307 5833 408 5890 nisi
433 5836 576 5906 quod
601 5836 804 5894 habeat
840 5838 968 5891 dare
1000 5835 1359 5912 intentionem,
1403 5853 1502 5909 pro
1532 5841 1596 5892 de

1780 4643 2005 4717 (875)“Sic
2024 4659 2124 4717 ms.
2144 4644 2696 4717 codes_Vallis-clar:e
2717 4655 2770 4701 et
2794 4661 2895 4710 ms,
2916 4647 3113 4717 Regius
3130 4666 3283 4706 num.

1710 4714 1870 4770 1659.
1899 4713 2037 4786 Editi
2067 4729 2228 4780 vero,
2269 4715 2409 4768 Nam
2442 4715 2845 4786 llierouymine
2878 4713 3088 4785 putetur
3110 4761 3123 4782 ,
3159 4721 3284 4774 Cle-

1707 4801 1848 4838 mens
1873 4785 2152 4838 scribetur.
2179 4787 2370 4839 (Σκιρινί
2400 4801 2528 4837 vero
2552 4785 2710 4848 ntsé.,
2739 4785 2878 4840 Nam
2909 4800 3152 4855 putamus
3173 4790 3286 4845 lite-

1705 4870 1859 4928 rnens
1907 4855 2428 4928 scribetur.rl)eintle
2472 4856 2638 4928 editi,
2695 4867 2752 4910 ut
2807 4873 2936 4928 mss.
2990 4861 3282 4928 plerique:

1707 4923 1859 4998 Quod
1886 4925 1932 4976 si
1961 4927 2070 4998 hinc
2117 4925 2242 4998 nti/ti
2279 4925 2452 4998 (etl‘iti,
2497 4925 2647 4991 Quoll
2683 4928 2730 4998 si
2761 4932 2861 4998 me)
2889 4923 3159 4982 Dominus
3181 4931 3283 4982 int-

1703 4996 1845 5059 plere
1883 4996 2195 5061 permiserit,
2236 4995 2520 5048 retltbintus
2563 4998 2630 5048 ad
2679 4995 2846 5061 illos,
2883 5007 2929 5049 et
2965 5000 3034 5050 ad
3064 5008 3154 5051 tua
3188 5002 3284 5053 de.

1702 5065 1920 5122 sideria,
1961 5074 2016 5117 ut
2053 5065 2106 5118 in
2150 5065 2525 5127 Numerorum,
2565 5075 2614 5119 et
2663 5068 2736 5132 in,
2781 5081 2888 5120 etv.
2929 5067 3034 5122 Sed
3077 5073 3281 5126 rectius

1704 5149 1807 5187 ms.
1846 5133 2048 5200 Regius
2087 5151 2236 5188 nutu.
2268 5136 2404 5191 4659
2438 5148 2494 5188 ut
2525 5138 2575 5189 in
2607 5149 2795 5190 nostro
2823 5147 2991 5192 textu.

1778 5204 1886 5273 (86)
1924 5205 2013 5257 Sic
2063 5221 2165 5259 tns.
2214 5206 2415 5274 Regius
2460 5222 2608 5260 ﬂltlll.
2662 5207 2814 5262 1659.
2871 5208 3013 5261 Ειιίιί
3065 5216 3278 5274 autem.
3353 5233 3356 5236 ‘

1703 5273 1799 5328 hoc
1833 5273 2440 5350 enim__sol_um_vobis_tle
2469 5274 2822 5330 l’entateucho
2864 5279 2940 5350 ecl
2968 5281 3032 5331 de
3062 5273 3276 5350 reliquis

1704 5345 1927 5409 apostoli
1961 5343 2118 5398 l’uuli
2149 5345 2404 5412 Epistolis
2439 5361 2557 5415 qua:
2585 5362 2863 5414 possumus
2901 5349 3123 5403 Domino
3160 5343 3275 5416 {sro-

1703 5424 1903 5482 tegente
1934 5415 2199 5468 debemus.
2220 5416 2412 5470 (ἐπειδὴ
2451 5432 2612 5479 mss.,
2650 5419 2745 5470 hoc
2773 5419 2910 5471 enim
2935 5422 3102 5472 solum
3133 5415 3274 5474 vobis

1702 5485 1766 5557 d_e
1792 5483 2149 5557 lle;)_tateuclto
2186 5486 2326 5538 deest
2352 5524 2367 5548 ,
2401 5485 2475 5539 vel
2505 5488 2567 5539 de
2611 5487 2829 5554 reliquis
2861 5491 3089 5557 apostoli
3115 5491 3278 5547 Pauli

1703 5553 2108 5630 E)_iistol_i_s_qute
2141 5572 2419 5630 possumus
2453 5559 2584 5627 (ah,
2622 5553 2738 5626 qua}
2764 5558 2810 5611 si
2835 5553 3131 5630 possumus)
3166 5564 3275 5614 [Io-

1701 5625 1846 5694 mino
1875 5625 2131 5694 dirigente
2156 5625 2498 5681 dictabimus.

1773 5693 1885 5772 (87)
1912 5695 2378 5772 _l_)_esumpta_sunt
2417 5697 2532 5772 h_:ec_
2576 5695 2880 5768 fragmenta
2922 5717 2988 5758 ex
3016 5701 3290 5772 Apologia.
3363 5728 3368 5733 ε

1700 5761 1990 5835 Paiuphilii
2021 5761 2276 5836 Inartyris
2303 5779 2397 5833 pro
2433 5761 2682 5837 Origene:
