3812 6568
476 506 492 518 ”
531 427 668 483 1295

1732 479 1734 482 ,
1793 413 2112 472 OlllCENIS
2147 413 2574 470 FRAGMENTA

3645 412 3740 466 ηαδ

528 544 728 612 adjecit
750 541 974 596 dicens:
1001 538 1090 592 sed
1109 555 1202 606 per
1219 538 1402 592 Iesum
1422 538 1710 595 Christum.
1733 536 1901 604 Quem
1927 536 2110 608 utique
2138 538 2182 596 A
2212 531 2532 603 propensius
2566 539 2841 602 appetens.
2874 528 2929 584 Si
2967 539 3147 585 autem
3177 531 3300 600 quis
3332 527 3632 584 violentius
3657 532 3744 584 retu

523 638 652 708 quia
684 638 890 692 sciebat
925 633 1332 689 excellentioris
1377 648 1498 686 esse
1536 640 1777 696 naturae,
1814 638 2102 700 propterea

531 745 592 784 se
623 726 765 782 dixit
793 740 898 780 non
938 733 1274 792 assumptum
1311 735 1432 776 esse
1463 735 1560 792 per
1588 721 1884 776 hominem.

529 840 618 895 Ea:
668 839 998 908 sequentibus
1048 836 1170 888 libri
1211 835 1393 908 ipsius
1434 835 1489 888 in
1513 833 1686 908 illum
1732 833 2045 908 versiculum
2078 849 2100 889 :

606 930 627 962 ι
655 903 858 964 Natum
892 916 1065 966 autem
1107 905 1248 959 vobis
1287 905 1452 974 facio,
1499 904 1716 972 fratres.
1755 903 2098 973 Evangelium

599 981 742 1048 quod
777 977 1060 1048 praedicari
1093 977 1256 1048 vobis,
1287 975 1536 1048 quoniam
1564 990 1662 1048 non
1701 985 1775 1027 est
1809 975 2098 1048 secundum

603 1043 864 1103 hominem
893 1062 912 1100 :
952 1062 1115 1114 neque
1151 1043 1308 1099 enim‘
1339 1047 1404 1098 ab
1455 1043 1662 1097 homine
1710 1049 1884 1112 accepi
1929 1045 2060 1097 illud
2083 1084 2097 1107 ,

599 1123 691 1175 sed
727 1135 820 1188 per
849 1117 1211 1172 reuelationem
1241 1115 1368 1170 Jesu
1399 1113 1600 1170 Christi
1622 1113 1689 1168 ’⁸.
1715 1132 1735 1166 ι

599 1233 834 1288 Adverte
885 1244 1015 1299 ergo
1068 1207 1197 1298 quid
1249 1227 1472 1293 scribit,
1531 1228 1658 1296 quia
1710 1208 2102 1283 convenienter

527 1327 653 1393 quis
677 1334 731 1381 et
773 1323 888 1379 haec
915 1321 1212 1390 adjungens
1247 1320 1516 1390 prioribus
1548 1319 1849 1388 intelligere
1879 1319 2097 1385 poterit,

526 1427 582 1474 et
618 1419 905 1472 ostendere
936 1415 1018 1469 his
1059 1413 1150 1483 qui
1204 1422 1404 1482 negant
1432 1411 1686 1465 deitatem
1717 1409 1842 1465 Jesu
1873 1411 2095 1473 Christi,

524 1510 620 1564 sed
651 1507 930 1562 hominem
953 1521 1074 1560 eum
1104 1504 1275 1556 solum
1310 1502 1683 1573 pronuntiant,
1709 1503 1852 1571 quod
1881 1519 1986 1556 non
2013 1512 2098 1556 est

524 1600 712 1661 homo,
735 1597 828 1651 sed
854 1597 1014 1662 Deus,
1048 1595 1142 1648 Dei
1169 1592 1334 1647 Filius
1357 1592 1512 1647 Jesus
1532 1593 1800 1647 Christus.
1837 1591 1927 1646 Sic
1951 1595 2095 1646 enim

523 1690 656 1746 dicit
686 1687 1021 1758 Apostolus:
1067 1686 1208 1751 Quia
1265 1681 1610 1754 Evangelium
1656 1687 1794 1754 quod
1837 1687 2098 1755 evangeli-

523 1784 638 1838 satn'
677 1783 838 1844 vobis,
883 1796 988 1835 non
1015 1788 1094 1834 est
1122 1781 1408 1833 secundum
1451 1778 1733 1844 hominem,
1769 1779 1860 1832 sed
1899 1794 2095 1832 secun-
2145 1776 2166 1794 ⁵

523 1875 649 1929 dum
677 1873 860 1928 Jesum
889 1871 1186 1925 Christum.
1215 1869 1508 1924 Evidenter
1535 1884 1667 1939 ergo
1701 1869 1938 1924 ostendit
1967 1871 2090 1940 quia
2124 1877 2168 1932 Β

523 1965 776 2021 Christus
813 1963 970 2018 Jesus
1019 1977 1123 2016 non
1173 1969 1257 2017 est
1303 1961 1510 2016 homo:
1547 1962 1590 2016 si
1636 1970 1816 2016 autem
1863 1977 1969 2014 non
2009 1969 2094 2017 est

524 2059 708 2123 homo,
747 2057 862 2110 sine
893 2054 1056 2110 dubio
1085 2055 1227 2110 Deus
1259 2065 1378 2119 est;
1419 2054 1526 2108 imo
1553 2069 1658 2124 non
1685 2053 1830 2108 aliud
1858 2055 1963 2108 erit
1991 2055 2092 2109 nisi

523 2147 666 2203 Deus
693 2159 748 2202 et
797 2150 978 2202 homo.
1027 2146 1094 2200 Et
1131 2147 1328 2200 iterum
1374 2145 1419 2198 si
1459 2160 1649 2198 verum
1678 2155 1760 2198 est
1790 2147 1934 2214 quod
1965 2146 2094 2201 dicit

522 2239 760 2306 Paulus,
811 2240 939 2310 quia
989 2255 1091 2293 non
1129 2238 1195 2292 ab
1235 2238 1446 2292 homine
1477 2237 1691 2304 accepit
1721 2236 2092 2306 Evangelium,

522 2333 614 2386 sed
654 2349 746 2399 per
789 2333 1156 2387 reuelationem
1181 2329 1313 2383 Jesu
1342 2329 1571 2389 Christi.
1601 2340 1808 2383 certum
1856 2340 1938 2384 est
1966 2331 2091 2398 quia

521 2423 682 2479 Jesus
710 2424 958 2479 Christus
985 2423 1075 2492 qui
1107 2422 1366 2476 revelavit
1386 2461 1402 2486 ,
1454 2421 1576 2490 plus
1602 2437 1765 2490 quam
1802 2423 1962 2476 homo
1989 2434 2088 2476 est.

524 2515 772 2569 Alienum
807 2524 892 2570 est
934 2516 1078 2568 enim
1113 2513 1180 2567 ab
1220 2512 1439 2568 homine
1481 2511 1722 2566 revelare
1752 2529 1872 2583 qua:
1914 2515 1966 2568 iu
2000 2529 2093 2568 oc-

523 2608 673 2662 culto
693 2615 836 2671 sunt,
862 2615 913 2660 et
939 2605 1112 2659 velata
1146 2615 1272 2659 sunt
1302 2623 1316 2660 :
1351 2604 1496 2673 quod
1529 2604 1692 2658 etiam
1721 2606 1765 2659 si
1805 2605 2092 2673 aliquando

521 2709 620 2766 per
645 2699 920 2753 hominem
949 2697 1039 2750 fiat
1061 2737 1076 2762 ,
1102 2712 1208 2750 non
1239 2704 1416 2749 tamen
1443 2695 1511 2749 ab
1540 2696 1756 2752 homine
1783 2697 1876 2762 sit,
1907 2702 1998 2753 sed
2024 2701 2090 2751 ab

521 2805 588 2845 eo
617 2790 704 2858 qui
744 2789 797 2844 in
827 2788 1044 2843 homine
1078 2787 1317 2857 loquitur
1340 2785 1610 2841 Christus.
1929 2770 1931 2772 ’

1076 2899 1142 2954 Et
1176 2903 1231 2957 in
1269 2902 1374 2956 alio
1403 2901 1538 2956 loco.

591 3013 998 3084 Adjungeudunt
1035 3020 1119 3065 est
1142 3012 1306 3065 etiam
1337 3009 1466 3064 illud
1500 2983 1582 3064 bis
1608 3025 1728 3080 qua:
1757 3025 1918 3080 supra
1952 3011 2092 3067 dixi-

521 3123 672 3170 mus,
724 3106 978 3176 quoniam
1026 3120 1223 3174 corpus
1249 3104 1450 3160 Christi
1489 3119 1592 3158 non
1635 3114 1751 3158 erat
1783 3105 2015 3160 alienum
2058 3121 2087 3159 a

2206 625 2476 680 allii-mare
2504 625 2626 680 ideo
2665 625 2778 679 bare
2804 624 2947 678 dicta
2975 637 3117 688 esse,
3150 622 3274 692 quia
3320 637 3419 690 per
3446 621 3743 689 phantasia:

2205 717 2608 784 manducabat,
2659 724 2711 770 et
2747 714 2822 770 illi
2861 715 3132 784 quomodo
3161 713 3215 768 id
3257 713 3415 768 ﬁeret
3449 714 3742 776 nesciebant,

2205 806 2636 876 respondendum
2671 814 2756 862 est
2790 805 2856 860 ad
2888 821 2950 860 ea
2987 821 3052 860 ex
3090 806 3178 861 his
3217 820 3340 876 quae
3374 807 3497 874 ipse
3537 803 3745 858 Dominus

2203 906 2336 959 dixit
2363 906 2450 960 “2
2494 903 2649 957 Venit
2677 902 2911 959 Joannes
2945 904 3184 974 Baptista
3224 919 3390 972 neque
3426 902 3743 962 manducaui,

2205 1014 2366 1067 neque
2398 998 2608 1060 bibens,
2648 1009 2694 1051 et
2740 997 2923 1050 dicunt
2961 1013 2980 1050 :
3028 979 3362 1049 Dwmonium
3407 993 3597 1045 habet.
3636 990 3744 1044 Venit

2207 1089 2377 1143 Filius
2425 1089 2656 1143 hominis
2700 1091 3028 1141 manducans
3079 1096 3128 1140 et
3185 1086 3401 1148 bibens,
3455 1093 3513 1137 et
3567 1083 3745 1134 dicunt:

2203 1180 2337 1235 Ecce
2375 1181 2526 1235 homo
2574 1183 2851 1236 devoratur
2896 1190 2942 1234 et
2991 1180 3170 1232 vinum
3220 1176 3425 1230 bibens.
3479 1174 3608 1242 Ipso
3641 1178 3743 1226 eum:

2203 1260 2482 1326 Salvature
2518 1269 2732 1325 dicente
2763 1271 2888 1339 quia
2920 1271 3055 1321 venit
3087 1265 3264 1321 Filius
3289 1268 3532 1320 hominis
3565 1267 3748 1318 mares—

2200 1380 2325 1417 cans
2355 1375 2402 1415 et
2451 1363 2626 1416 bibens
2651 1401 2667 1427 ,
2713 1361 2984 1431 quomodo
3029 1373 3194 1414 ausus
3234 1368 3322 1412 est
3366 1358 3578 1424 aliquis
3611 1357 3749 1410 dir-ere

2201 1466 2374 1523 neque
2405 1452 2760 1506 manducasse
2783 1465 2928 1514 eum,
2959 1463 3136 1519 neque
3163 1448 3404 1504 bibisse?
3436 1450 3582 1515 Qua:
3605 1451 3748 1516 utique

2200 1543 2489 1600 manifesta
2525 1542 2874 1600 incredulitas
2915 1551 3002 1598 est
3041 1540 3300 1598 doctrina:
3331 1540 3477 1611 ejus.
3519 1538 3580 1594 Si
3609 1550 3746 1594 autem

2199 1633 2558 1690 manducabat
2578 1644 2634 1688 et
2656 1633 2894 1697 bibebat,
2913 1645 2968 1686 et
2987 1631 3289 1687 substantia
3318 1631 3430 1688 vini
3457 1641 3627 1700 atque
3644 1646 3748 1683 επ

2200 1730 2252 1784 in
2269 1743 2491 1783 carnem
2510 1726 2628 1798 ejus
2647 1724 2998 1789 efﬁciebatur,
3019 1726 3138 1779 sine
3156 1726 3320 1780 dubio
3342 1739 3442 1793 per
3459 1738 3650 1778 omnes
3662 1737 3749 1777 rot-

2196 1820 2355 1893 691
2387 1820 2534 1890 poris
2552 1819 2668 1889 ejus
2688 1833 2975 1888 compages
2993 1833 3057 1873 ac
3077 1817 3446 1872 membrorum
3473 1817 3748 1886 perplexiu-

2196 1928 2294 1966 nes
2320 1912 2747 1965 diffundebatur.
2782 1909 3100 1979 Spiritalem
3127 1910 3272 1963 enim
3319 1919 3578 1963 naturam
3610 1909 3747 1976 (sinu

2195 2003 2413 2072 quidam
2460 2004 2529 2057 de
2578 1999 2697 2070 ejus
2738 2014 2968 2070 corpore
3014 2001 3278 2063 sentiunt,
3327 2001 3480 2069 quod
3534 2001 3748 2067 imperite

2194 2095 2330 2150 satis
2358 2105 2414 2150 et
2442 2095 2675 2150 absurde
2699 2094 2946 2165 faciunt)
2981 2091 3321 2162 impossibile
3360 2102 3444 2146 est
3482 2093 3594 2145 vini
3617 2102 3750 2158 atque

2193 2199 2333 2240 esca:
2387 2187 2627 2255 recipere
2665 2185 3054 2240 substantiam.
3089 2183 3147 2238 Si
3190 2196 3321 2236 vero
3354 2183 3483 2250 quis
3527 2182 3747 2251 indigan

2192 2277 2567 2348 obscenasque
2602 2277 2672 2332 ad
2711 2271 2830 2332 haec
2862 2274 3110 2346 proferat
3145 2275 3566 2344 inquisitiones,
3599 2275 3749 2342 requi-

2193 2383 2320 2424 rens
2361 2369 2404 2422 si
2447 2369 2612 2422 etiam
2645 2367 2975 2437 digestiones
3010 2367 3063 2420 in
3092 2379 3323 2434 corpore
3356 2363 3600 2428 fiebant;
3643 2378 3664 2419 ο
3687 2362 3747 2415 bil

2193 2461 2486 2514 absurdum
2523 2459 2738 2513 videtur
2776 2460 2937 2514 fateri
2983 2459 3281 2513 secundum
3319 2439 3748 2522 consequentiam

2192 2563 2402 2608 natura:
2427 2565 2725 2622 corporeae.
2776 2551 2833 2606 Si
2883 2565 3014 2605 vero
3049 2550 3219 2605 etiam
3241 2549 3517 2613 exemplis
3551 2563 3582 2600 a
3617 2549 3750 2603 nobis

2193 2645 2296 2701 hoc
2322 2647 2546 2715 exigant
2573 2643 2853 2715 alilrmari,
2897 2643 3299 2698 ostendendum
3327 2651 3415 2696 est
3458 2640 3593 2694 illos
3633 2654 3750 2693 satis

2192 2735 2308 2792 haec
2340 2735 2658 2806 insipienter
2707 2734 3011 2799 inquirere.
3070 2732 3172 2788 Ubi
3220 2733 3370 2787 enim
3415 2731 3530 2784 ista
3587 2733 3662 2784 rel
3695 2731 3749 2782 de

2193 2827 2471 2897 apostolis,
2508 2826 2594 2882 vel
2626 2826 2696 2882 de
2751 2827 2964 2883 ceteris
3007 2825 3217 2881 sanctis
3259 2824 3406 2878 facta
3443 2838 3581 2877 esse
3629 2820 3750 2876 refe-

2192 2932 2409 3000 runtur,
2465 2921 2550 2978 vel
2586 2922 2753 2979 etiam
2794 2922 2864 2978 de
2917 2922 3098 2992 impiis
3149 2930 3205 2974 et
3244 2917 3652 2990 peccatoribus.
3693 2931 3748 2970 ex

2189 3015 2489 3073 abundanti
2523 3016 2591 3072 de
2617 3028 2683 3071 eo
2714 3015 3039 3085 requiritur.
3086 3011 3193 3068 Sed
3232 3022 3287 3067 et
3329 3007 3750 3074 circumcisionis

2190 3110 2308 3180 ejus
2330 3109 2473 3164 ratio
2499 3107 2654 3164 nobis
2690 3107 2911 3178 quidem
2947 3121 3054 3160 non
3101 3102 3389 3175 generabit
3432 3101 3746 3169 angustiam.

522 3211 738 3253 terrena
788 3198 1087 3252 substantia
1133 3198 1430 3250 secundum
1475 3197 1577 3250 hoc
1627 3197 1772 3265 quod
1819 3197 1958 3252 filius
2007 3207 2088 3252 cst
2115 3218 2158 3277 α
2192 3201 2496 3258 dicentibus
2546 3213 2669 3254 eum
2709 3207 3111 3267 consequenter
3160 3195 3397 3249 lunnano
3443 3207 3674 3262 corpore
3704 3200 3751 3243 et

521 3289 728 3350 David,
771 3299 823 3343 et
851 3287 990 3342 Illius
1022 3285 1294 3340 Abraham
1321 3327 1336 3351 ,
1383 3287 1522 3340 sicut
1551 3287 1737 3340 scribit
1769 3287 2085 3343 Mattltzeus:

517 3378 675 3434 Liber
704 3377 1054 3448 generationis
1076 3375 1204 3429 Jesu
1228 3375 1424 3429 Christi
1453 3376 1551 3444 ﬁlii
1580 3376 1768 3440 Darid,
1793 3379 1893 3446 ﬁlii
1917 3380 2089 3432 Abra-

516 3470 640 3524 ham
661 3471 706 3502 ¹⁴⁸
743 3487 757 3524 :
784 3456 845 3523 'et
875 3469 1014 3523 sicut
1047 3468 1242 3522 l‘aulus
1265 3469 1420 3529 dicit.
1449 3469 1721 3522 Christum
1751 3485 1873 3524 esse
1908 3485 1974 3525 ex
2001 3487 2089 3526 se-

519 3561 664 3616 mine
696 3562 968 3616 Abraham
1013 3569 1068 3612 et
1101 3575 1166 3614 ex
1195 3559 1402 3613 semine
1435 3559 1600 3614 David
1636 3560 1931 3616 secundum
1967 3576 2087 3616 car-

517 3666 644 3707 nem
664 3651 729 3706 ³⁸.
761 3650 911 3717 Quod
952 3665 1084 3721 ergo
1129 3652 1329 3705 dictum
1375 3660 1493 3714 est,
1542 3651 1669 3720 quia
1711 3655 2086 3708 consummatis

517 3745 870 3816 quadraginta
905 3742 1086 3796 diebus
1107 3742 1326 3811 jejunii,
1363 3752 1410 3796 et
1439 3743 1792 3812 quadraginta
1824 3745 2084 3811 noctibus,

515 3852 696 3911 postea
723 3840 909 3895 esuriit
935 3840 1002 3906 ³¹,
1044 3839 1163 3893 sine
1195 3840 1356 3894 dubio
1385 3841 1488 3894 hoc
1520 3839 1758 3905 indicat,
1789 3842 1931 3909 quod
1961 3855 2086 3897 eva-

517 3934 667 3988 cuari
695 3941 747 3987 ct
793 3931 988 4002 repleri
1021 3933 1273 3987 similiter
1299 3939 1359 3985 ut
1399 3945 1628 4001 corpora
1664 3940 1850 3986 nostra
1886 3931 2082 3997 solent,

513 4025 680 4079 etiam
729 4023 874 4078 illius
910 4031 1120 4093 poterat
1156 4037 1377 4092 corpus.
1428 4022 1486 4078 Si
1529 4037 1656 4077 vero
1702 4024 1824 4091 quis
1865 4022 2086 4092 objiciet

517 4115 673 4170 nobis
712 4115 873 4185 hujus
904 4113 1149 4169 miraculi
1181 4116 1445 4170 rationem
1475 4113 1542 4168 de
1581 4115 1942 4186 quadraginta
1969 4116 2086 4170 die-

519 4224 638 4263 rum
658 4207 887 4277 jejunio,
914 4207 1072 4263 facile
1098 4206 1231 4262 solvi
1261 4218 1433 4277 potest
1456 4222 1580 4262 cum
1605 4208 1898 4265 adhibetur
1917 4210 2083 4266 etiam

517 4301 646 4356 illud
689 4300 991 4369 exemplum
1031 4299 1097 4354 de
1135 4298 1316 4370 Moyse
1355 4310 1410 4354 et
1450 4299 1566 4354 Elia
1592 4299 1662 4366 ³⁸,
1703 4303 1792 4370 qui
1833 4303 2085 4358 similiter

517 4392 800 4462 pertulisse
839 4389 1100 4460 jejunium
1143 4389 1469 4445 referuntur.
1513 4391 1620 4446 Sed
1650 4404 1704 4446 et
1738 4391 1904 4456 illud,
1941 4397 2084 4464 quod

516 4483 728 4539 itineris
774 4490 830 4537 et
869 4491 1034 4538 astus
1063 4481 1246 4537 labore
1273 4481 1532 4552 fatigatus
1563 4484 1759 4540 sedens
1787 4501 1950 4555 super
1983 4502 2082 4556 pu-

2189 3292 2566 3348 circmncisum
2583 3304 2726 3357 esse,
2756 3299 2812 3344 et
2839 3287 3166 3360 przeputium
3192 3284 3312 3353 ejus
3337 3295 3506 3338 terrae
3545 3281 3749 3337 manda.

2191 3393 2302 3439 tum
2341 3382 2586 3438 fortassis
2627 3395 2801 3445 usque
2840 3380 2908 3434 ad
2941 3389 3187 3448 tempus;
3233 3385 3326 3431 aut
3368 3373 3417 3430 si
3465 3375 3632 3429 aliter
3655 3381 3747 3434 est,

2193 3477 2246 3531 in
2299 3476 2402 3529 alia
2461 3473 2832 3545 disputatione
2875 3471 3211 3544 requiretur.
3263 3467 3391 3523 Haec
3420 3477 3606 3522 tamen
3647 3468 3747 3534 ejus

2188 3564 2528 3618 circumcisio
2563 3564 2696 3617 satis
2742 3561 3128 3632 coangustabit
3177 3573 3276 3614 eos
3304 3558 3400 3628 qui
3443 3572 3516 3613 ex
3553 3558 3747 3612 diverso

2185 3667 2331 3711 sunt.
2371 3656 2630 3725 Spiritale
2671 3656 2818 3708 enim
2848 3668 3048 3720 corpus
3083 3651 3360 3722 quomodo
3390 3659 3612 3719 poterat
3657 3649 3750 3700 cir-

2185 3748 2424 3804 cumcidi
2450 3748 2595 3803 ferro
2635 3747 2890 3802 terreno?
2932 3745 3164 3813 Propter
3203 3744 3346 3813 quod
3377 3757 3487 3796 non
3527 3743 3745 3796 embae-

2187 3853 2313 3896 runt
2359 3840 2580 3908 quidam
2623 3853 2690 3892 ex
2735 3836 2868 3906 ipsis
2907 3837 2974 3891 de
3008 3834 3276 3905 praeputio
3322 3831 3748 3887 circumitis-iouis

2183 3933 2298 4002 ejus
2323 3934 2488 3988 etiam
2515 3931 2684 3986 libros
2719 3931 2900 3995 edere,
2927 3930 3130 4000 quibus
3157 3928 3449 3982 ostendere
3495 3939 3749 3980 conaren-

2187 4036 2276 4081 tur
2315 4024 2460 4094 quod
2511 4025 2562 4078 in
2607 4021 2971 4076 substantiam
3007 4006 3234 4075 cesserit
3268 4017 3603 4086 apiritalem.
3644 4014 3748 4068 Non

2186 4118 2365 4171 minus
2390 4124 2570 4170 autem
2595 4114 3029 4182 angustabnntur
3063 4111 3230 4165 etiam
3260 4109 3342 4165 illi
3379 4109 3472 4180 qui
3522 4108 3748 4163 animate

2185 4223 2384 4280 corpus
2413 4211 2599 4263 dicunt
2623 4222 2746 4263 esse
2771 4219 2973 4274 corpus
3002 4202 3233 4259 Christi.
3279 4201 3389 4256 Sed
3433 4210 3490 4256 et
3524 4201 3593 4255 de
3637 4215 3750 4253 san—

2183 4305 2346 4375 guine
2397 4301 2517 4370 ejus
2571 4309 2626 4356 et
2673 4312 2814 4371 aqua
2867 4311 2989 4368 quae
3023 4294 3288 4365 processit
3326 4294 3397 4349 de
3443 4293 3618 4346 latere
3639 4292 3748 4355 eius

2185 4396 2342 4451 hasta
2370 4399 2696 4463 compuncto
2726 4405 2756 4445 a
2787 4388 2958 4444 milite
2986 4386 3056 4453 ⁸³,
3087 4387 3275 4442 eadem
3301 4385 3581 4440 sentienti:
3612 4389 3754 4434 sunt.

2186 4485 2292 4542 Sed
2345 4484 2436 4541 his
2481 4487 2573 4554 qui
2617 4483 2800 4538 sciunt
2850 4480 2982 4549 quid
3025 4477 3282 4532 audiatur
3317 4491 3416 4548 per
3457 4477 3560 4530 hoc
3614 4475 3748 4542 quod

515 4583 660 4628 tcum
707 4571 1002 4642 requiescit
1029 4580 1086 4626 et
1130 4571 1245 4626 sitit
1267 4571 1334 4637 ³³,
1373 4573 1504 4640 quid
1545 4573 1690 4627 aliud
1741 4553 1941 4630 indicat
1977 4553 2078 4632 nisi
2111 4553 2404 4640 l)dicitur,
2437 4577 2564 4646 quia
2607 4573 2794 4628 ﬁxura:
2851 4570 3129 4625 clavorum
3169 4577 3329 4624 erant
3370 4570 3426 4622 in
3473 4567 3592 4636 ejus
3636 4582 3751 4620 cor-

512 4677 804 4720 nervorum
855 4660 1198 4733 fatigatione,
1249 4672 1304 4716 et
1337 4663 1468 4717 solis
1513 4664 1709 4718 ardore
1756 4666 1925 4721 nimio
1965 4667 2080 4722 ele-

513 4764 755 4810 mentum
788 4753 1038 4825 corporei
1067 4754 1311 4809 bumoris
1354 4754 1695 4826 absumptum
1719 4757 1742 4813 2
1768 4741 1919 4826 Quod
1947 4774 2078 4815 vero

515 4848 569 4902 in
600 4846 918 4902 melioribus
944 4855 1243 4915 occupatus
1273 4846 1377 4901 hoc
1418 4846 1563 4917 quod
1603 4846 1790 4906 bibere
1831 4849 2078 4906 voluerat

515 4937 722 4994 distulit
754 4953 854 4993 nec
875 4936 1041 5001 bibit,
1071 4951 1174 4991 non
1207 4950 1490 5008 pr0pterea
1520 4940 1803 4995 dicendum
1835 4952 1920 4998 est
1951 4944 2077 5012 quia

513 5045 690 5102 neque
719 5045 913 5101 passus
941 5039 1026 5084 est
1056 5030 1222 5089 sitim.
1254 5032 1359 5088 Sed
1388 5041 1443 5086 et
1477 5031 1604 5088 illud
1636 5034 1778 5103 quod
1817 5033 2074 5106 frequen-

514 5132 598 5176 ter
638 5137 736 5193 per
763 5135 950 5176 cmnas
991 5132 1251 5187 vocatur,
1301 5133 1356 5176 ct
1404 5124 1458 5178 in
1501 5136 1794 5194 conspectu
1831 5130 2071 5182 omnium

512 5211 805 5266 manducat
839 5219 892 5265 et
926 5211 1088 5277 bibit,
1120 5228 1221 5265 non
1252 5214 1523 5283 decipiens
1556 5215 1636 5269 vel
1667 5215 1857 5272 fallens
1887 5219 2072 5274 oculos

514 5303 811 5359 videntium
843 5303 972 5356 facit
995 5342 1009 5365 ,
1056 5318 1233 5372 neque
1273 5306 1546 5372 putative,
1579 5316 1636 5361 ut
1677 5309 1894 5377 quidam
1926 5311 2075 5363 arbi-

514 5405 746 5461 trantur,
773 5393 890 5449 haec
919 5393 1075 5464 gerit,
1107 5396 1342 5450 maxime
1382 5411 1504 5451 cum
1533 5398 1606 5452 ita
1630 5412 1868 5455 sumeret
1895 5402 2074 5458 cibum

511 5502 576 5541 ac
611 5496 834 5556 petum,
865 5497 924 5540 ut
963 5501 993 5540 a
1027 5487 1346 5556 quibusdam
1386 5491 1549 5543 etiam
1591 5493 1746 5560 quasi
1795 5507 1892 5561 pro
1936 5509 2075 5563 pra:-

510 5576 821 5647 sumptione
847 5579 1010 5632 nimia
1041 5579 1384 5648 culparetur,
1410 5581 1556 5635 velut
1585 5583 1762 5637 cibum
1794 5600 1856 5637 ac
1887 5594 2074 5646 potum

597 5739 642 5773 ⁸⁸
666 5739 846 5795 Galat.
879 5755 915 5806 t,
949 5742 1038 5802 ll.
1062 5741 1148 5796 1‘2.
1216 5745 1261 5776 ”
1289 5743 1478 5799 Matth.
1513 5763 1552 5802 ι.
1584 5747 1636 5799 l.

1715 5746 1756 5776 '°
1783 5745 1960 5802 Galat.
1988 5759 2077 5805 ut.
2107 5743 2212 5804 l6;
2275 5741 2433 5796 Rom.
2460 5758 2500 5798 ι.
2551 5741 2604 5797 3.

507 5811 615 5873 28;
655 5811 721 5865 Ill
751 5810 885 5880 Reg.
911 5826 1022 5866 xu.
1053 5814 1105 5867 8.
1182 5814 1228 5845 ³³
1255 5814 1410 5868 .Ioan.
1440 5830 1516 5880 tv,
1549 5816 1602 5872 6.
1628 5818 1681 5869 ’1.
1759 5817 1802 5846 ³³
1835 5813 2025 5868 Matth.
2058 5831 2086 5868 χ

2195 5813 2250 5872 8.
2286 5813 2372 5867 l9.

2179 4681 2310 4739 pore
2337 4667 2406 4730 ³⁸,
2451 4665 2742 4720 manifeste
2784 4662 3098 4718 declaratur
3134 4661 3258 4730 quia
3307 4674 3442 4716 caro
3483 4671 3601 4713 erat
3641 4671 3747 4710 ter-

2177 4772 2330 4823 rena,
2353 4757 2406 4812 id
2426 4765 2510 4812 est
2541 4756 2792 4812 humanae
2825 4761 3038 4808 natura:
3068 4768 3083 4806 :
3112 4765 3234 4820 qua:
3260 4750 3452 4821 utique
3489 4764 3594 4803 non
3636 4759 3750 4802 erat

2186 4849 2330 4915 talis,
2385 4856 2446 4904 ut
2493 4847 2931 4919 recipiendorum
2995 4841 3280 4897 vulnerum
3351 4840 3748 4910 subterfugert-t

2181 4941 2527 5012 qualitatem.
2547 4942 2709 5009 Quid,
2735 4940 2780 4995 si
2807 4954 2913 4994 non
2940 4937 3105 4993 etiam
3124 4933 3286 4990 multa
3315 4934 3566 4988 humana:
3600 4930 3749 4984 infir-

2182 5032 2460 5088 mitatisin
2497 5033 2613 5103 ipsa
2649 5041 2822 5087 morte
2844 5030 3129 5092 sensisset,
3159 5026 3341 5081 anima
3377 5021 3745 5094 perturbatur,

2173 5135 2232 5180 et
2269 5125 2439 5181 tristis
2473 5133 2560 5180 est
2609 5137 2708 5194 pro
2742 5138 2808 5178 ea
2859 5136 3035 5192 usque
3077 5119 3146 5174 ad
3204 5127 3440 5172 mortem
3479 5116 3562 5168 "2
3617 5113 3746 5180 Quae

2175 5219 2357 5271 omnia
2389 5217 2673 5271 evidenter
2694 5213 2986 5270 ostendunt
2999 5211 3142 5282 quod
3171 5225 3274 5264 non
3296 5208 3457 5272 falso.
3481 5207 3570 5262 sed
3591 5207 3745 5275 quasi

2180 5309 2342 5364 homo
2369 5307 2570 5362 dixerit
2599 5317 2615 5358 :
2647 5303 2880 5374 Spiritus
2922 5301 3133 5374 quidem
3183 5307 3460 5368 promptus
3499 5305 3594 5355 est,
3625 5308 3748 5345 are

2180 5411 2354 5454 autem
2379 5397 2681 5469 inﬁrma”.
2706 5397 2907 5451 Eadem
2937 5390 3294 5448 nihilominus
3323 5387 3560 5443 ostendit
3582 5385 3746 5439 etiam

2183 5495 2355 5545 somni
2387 5492 2546 5554 ratio,
2581 5501 2707 5543 cum
2740 5485 2965 5550 dicitur,
2993 5483 3119 5553 quia
3164 5490 3276 5534 erat
3313 5480 3373 5532 in
3399 5477 3558 5546 puppi
3591 5491 3749 5541 super

2180 5583 2402 5639 cervical
2437 5582 2704 5636 domtieus
2755 5579 2825 5642 ³⁸,
2874 5577 3014 5632 sicut
3061 5573 3273 5629 Marcus
3322 5568 3511 5632 refert,
3569 5576 3634 5622 et
3683 5566 3748 5616 al-

2683 5738 2724 5772 “
2784 5738 2974 5794 Matth.
3025 5754 3100 5798 tv.
3140 5736 3196 5794 2.
3272 5735 3319 5769 ³³
3352 5731 3521 5790 Exod.
3550 5747 3748 5792 xxxiv.

2435 5843 2437 5846 ‹
2485 5813 2528 5843 ⁸⁸
2562 5810 2720 5866 Joan.
2753 5809 2988 5877 xtx,'54.
3064 5807 3109 5840 "
3155 5807 3319 5864 Joan.
3372 5821 3466 5872 xx,
3509 5803 3584 5861 25
3626 5819 3744 5871 ειη.

493 5880 552 5956 ι⁸⁷
579 5881 854 5955 .loan._xn,
875 5881 965 5948 27;
994 5883 1181 5940 Matth.
1215 5899 1364 5954 xxvr,
1392 5883 1482 5940 '58.
1557 5886 1602 5919 ³⁸
1633 5886 1802 5941 Marc.
1832 5900 1938 5952 xw,
1971 5886 2059 5943 58.
2114 5885 2184 5958 f’
2213 5883 2380 5940 Marc.
2410 5897 2488 5949 tv,
2527 5882 2617 5940 58.
