3812 6538
518 554 656 614 1299

517 687 646 736 sunt
672 673 764 732 isti
791 671 1038 748 viventes
1059 665 1153 736 qui
1189 660 1488 731 loquuntur
1515 649 1684 706 talia?
1715 645 1916 716 Utique
1947 640 2096 694 Pau-

517 772 602 826 lus
627 785 730 824 non
759 745 824 820 ali
849 720 1173 819 ﬂaminio-us,
1203 720 1295 808 nec
1323 767 1415 821 per
1438 748 1674 804 homines
1707 737 1972 807 apostolus
2003 734 2050 767 ⁸³
2069 751 2091 816 4;
2125 720 2128 724 ’

520 813 1099 920 2.1"gi'sii;;ai'.;.‘..;us
1128 813 1271 902 illius
1305 813 1359 896 in
1391 841 1493 895 tlde
1519 832 1872 896 Timotheus;
1903 835 1956 883 et
1977 813 2097 897 Syl-

519 968 698 1008 vanus
720 949 810 1019 qui
848 945 955 1000 illis
989 948 1111 998 erat
1144 948 1198 994 et
1227 933 1512 990 all‘ectione
1540 936 1594 984 et
1614 920 1909 980 virtutibus
1931 931 2098 986 copu-

524 1047 688 1101 latus.
727 1042 799 1096 Et
829 1040 934 1094 hoc
962 1050 1068 1091 non
1102 1031 1275 1088 solum
1303 1028 1411 1090 illi,
1449 1023 1543 1079 sed
1593 1020 1904 1092 quicunque
1946 1007 2097 1064 Pauli

525 1146 584 1190 et
628 1130 856 1190 scientia
891 1136 946 1183 et
974 1120 1389 1181 conversatione
1427 1111 1620 1170 similis
1650 1117 1755 1171 est,
1786 1105 1969 1160 dicere
1998 1113 2099 1170 po-

527 1234 636 1282 test
661 1241 676 1278 :
711 1221 826 1276 Nos
851 1220 941 1291 qui
969 1216 1192 1271 vivimus
1233 1210 1310 1275 ἐς
1361 1218 1589 1276 quorum
1619 1214 1806 1267 corpus
1835 1201 2099 1249 mortuum

526 1326 600 1371 est
639 1288 1199 1384 prapter'peccatum,
1243 1300 1457 1384 spiritus
1501 1303 1676 1348 autem
1729 1288 1855 1342 vivit
1894 1291 2104 1354 propter

518 1371 789 1475 justitiam
823 1400 904 1459 5';
945 1405 1001 1450 et
1042 1408 1270 1464 quorum
1304 1372 1628 1443 mortiﬁcata
1682 1386 1807 1435 sunt
1858 1371 2101 1428 membra

529 1511 695 1568 super
719 1505 920 1547 terram
944 1491 1014 1551 “,
1038 1487 1114 1542 ita
1147 1494 1206 1538 ut
1234 1490 1575 1552 nequaquam
1600 1468 1950 1539 concupiscat
1976 1477 2106 1520 caro

531 1599 720 1644 contra
743 1585 994 1655 spiritum
1027 1579 1096 1632 ".
1145 1575 1202 1631 Si
1246 1573 1390 1630 enim
1427 1569 1608 1624 adhuc
1649 1562 1924 1619 desiderat
1952 1571 2104 1619 caro,

529 1683 696 1747 vivit;
726 1689 781 1734 et
811 1677 936 1747 quia
962 1672 1116 1737 vivit,
1145 1669 1452 1729 desiderat;
1491 1672 1546 1718 et
1581 1675 1686 1716 non
1717 1664 1846 1713 sunt
1875 1649 2110 1710 mortifi-

533 1783 654 1828 cata
689 1771 928 1826 metnbra
961 1766 1107 1821 illius
1139 1776 1304 1832 super
1339 1768 1565 1812 terram.
1610 1750 1765 1819 Quod
1795 1748 1842 1804 si
1880 1742 2109 1802 mortiﬁ-

534 1873 654 1917 cata
677 1872 825 1926 sunt,
848 1869 1190 1926 nequaquam
1219 1859 1407 1906 contra
1432 1844 1680 1916 spiritum
1711 1836 2108 1908 concupiscunt

534 1969 656 2024 quae
722 1949 1143 2007 mortificatione
1197 1943 1280 2000 sui
1335 1935 1710 2008 hujuscemodi
1771 1928 2104 1986 desiderium

535 2041 909 2114 perdiderunt.
940 2038 1094 2094 Sicut
1120 2035 1290 2106 igitur
1319 2029 1411 2100 qui
1434 2027 1546 2083 vita
1576 2036 1802 2080 caruere
1825 2015 2106 2091 prwsenti,

538 2144 594 2190 et
620 2135 688 2188 ad
723 2132 948 2187 meliora
990 2100 1242 2183 translati
1276 2129 1436 2186 sunt,
1469 2115 1644 2187 magis
1686 2113 1897 2176 vivunt,
1948 2100 2112 2175 depo-

535 2227 642 2282 sito
674 2222 867 2279 mortis
897 2232 1122 2290 corpore
1143 2226 1199 2271 et
1227 2213 1482 2268 vitiorum
1517 2205 1757 2262 omnium
1788 2198 2110 2262 incentivis;

538 2317 618 2370 sTc
648 2314 739 2384 qui
783 2309 1259 2366 mortiﬁcationem
1291 2303 1417 2358 Jesu
1463 2299 1518 2354 in
1561 2308 1792 2365 corpore
1851 2303 1950 2344 suo
2003 2286 2116 2342 cir-

539 2407 856 2461 cuml‘eruut
883 2403 954 2466 ‘3',
978 2410 1324 2469 nequaquam
1357 2393 1549 2448 vivunt
1569 2388 1728 2460 juxta
1750 2396 1996 2448 carnem,
2023 2378 2115 2434 sed

539 2499 695 2570 juxta
727 2495 1017 2566 spiritum;
1052 2493 1243 2546 vivunt
1276 2488 1332 2544 in
1364 2500 1430 2542 eo
1460 2483 1551 2552 qui
1578 2481 1688 2535 vita
1730 2487 1834 2540 est,
1881 2485 1936 2532 et
1986 2473 2117 2528 vivit

545 2569 713 2646 in‘eis
768 2587 1017 2644 Christus
1070 2585 1136 2639 de
1185 2595 1294 2651 quo
1347 2578 1609 2648 scriptum
1648 2583 1779 2630 est:
1820 2569 2009 2626 Vivens
2037 2575 2117 2622 est

540 2697 715 2737 sermo
746 2678 865 2743 Dei,
902 2687 949 2731 et
972 2677 1153 2747 eﬂicax
1184 2673 1252 2738 ",
1287 2671 1381 2742 qui
1425 2679 1510 2724 est
1545 2667 1638 2723 Dei
1689 2665 1884 2728 virtus,
1915 2661 2119 2728 Deique

541 2769 804 2843 sapientia
850 2768 920 2822 “.
969 2765 1176 2820 Vivunt
1223 2761 1369 2817 enim
1424 2759 1477 2814 in
1517 2755 1713 2826 quibus
1763 2752 1898 2807 vivit
1947 2749 2121 2803 virtus

544 2839 666 2927 Dei,
691 2857 838 2916 omni
874 2857 1112 2912 humana
1145 2852 1438 2923 fragilitate
1467 2845 1737 2917 deposita,
1767 2853 1823 2899 et
1846 2841 1901 2896 in
1925 2839 2120 2909 quibus

545 2955 676 3009 vivit
704 2950 972 3022 sapientia
1010 2963 1131 3019 qua:
1155 2957 1251 3002 ‘est
1281 2944 1610 3001 abscondita
1643 2941 1697 2995 in
1733 2938 1844 2993 Deo
1871 2936 1940 3000 ⁶¹,
1967 2943 2024 2989 et
2063 2932 2117 2985 in

544 3046 744 3115 quibus
783 3043 918 3096 vivit
962 3049 1018 3095 et
1074 3047 1337 3109 operatur
1388 3033 1622 3104 justitia.
1679 3028 1928 3086 Christus
1973 3024 2118 3079 enim

545 3138 724 3193 factus
749 3144 832 3190 est
863 3133 1022 3188 nobis
1060 3146 1168 3187 non
1194 3129 1370 3184 solum
1414 3124 1626 3195 justitia
1667 3137 1734 3177 ex
1771 3122 1912 3188 Deo,
1940 3119 2033 3172 sed
2067 3123 2124 3170 et

545 3229 813 3301 sapientia
839 3229 906 3292 ⁸³,
937 3237 992 3280 ει
1018 3237 1180 3280 omne
1215 3223 1356 3292 quod
1390 3220 1564 3274 virtus
1592 3224 1695 3270 est.
1723 3212 1792 3268 Et
1823 3211 1867 3265 si
1899 3208 2122 3279 qui-dem

547 3325 601 3377 iu
652 3321 903 3392 praesenti
954 3319 1077 3373 loco
1099 3331 1162 3372 se
1193 3332 1224 3370 a
1275 3309 1670 3368 dormientibus
1711 3316 1767 3363 et
1813 3305 1869 3359 in
1902 3301 2123 3359 Christo
2151 3332 2198 3394 ο

547 3403 810 3480 mortuis,
846 3412 948 3482 ’qui
981 3411 1120 3465 hanc
1165 3405 1410 3462 scribunt
1442 3399 1738 3472 Epistolam
1782 3401 2121 3465 separarent,

550 3507 835 3563 videbatur
863 3502 1130 3574 superﬂua
1173 3496 1481 3562 'adnotatio,
1533 3502 1588 3550 et
1619 3506 1687 3546 ex
1730 3505 1838 3544 uno
1877 3487 1996 3542 loco
2036 3498 2126 3540 as-

547 3609 824 3668 sumptum
886 3592 1261 3650 testimonium
1337 3603 1446 3644 nou
1511 3585 1943 3641 valeret:nunc
1997 3593 2127 3632 vero

548 3692 738 3749 eodem
770 3703 957 3753 sensu,
1009 3681 1136 3756 quia
1179 3691 1234 3740 et
1259 3682 1452 3738 eodem
1489 3679 1705 3751 spiritu,
1755 3677 1807 3730 in
1858 3673 2030 3744 prima
2060 3669 2128 3726 ad

548 3782 867 3838 Corinthios
887 3781 1130 3851 loquitur
1167 3793 1183 3830 :
1222 3775 1417 3832 Omnes
1436 3791 1542 3830 non
1571 3771 1920 3830 dormiemus,
1948 3779 2126 3820 omnes

550 3887 726 3930 autem
764 3874 1192 3936 immutabimur,
1225 3870 1280 3924 in
1303 3875 1592 3930 momento,
1625 3866 1678 3917 in
1707 3870 1854 3916 motu
1884 3859 2047 3922 oculi,
2072 3858 2128 3910 in

553 3963 834 4017 novissima
877 3962 1025 4018 tuba.
1059 3959 1225 4016 Canet
1245 3944 1392 4015 enim
1417 3956 1566 4019 tuba,
1609 3965 1655 4008 et
1701 3950 1896 4006 mortui
1950 3963 2128 4002 resur-

552 4066 671 4126 gant
703 4055 1022 4125 incorrupti,
1050 4062 1098 4109 et
1127 4068 1222 4107 nos
1247 4046 1731 4129 immutabimur,”.
1769 4043 1880 4097 Hoc
1907 4040 2126 4110 quodin

554 4145 804 4216 prursenti
855 4145 974 4200 loco
1000 4143 1263 4214 scriptum
1293 4149 1378 4195 est
1405 4156 1421 4194 :
1445 4136 1515 4192 In
1563 4135 1686 4189 tuba
1734 4131 1827 4185 Dei
1854 4129 2128 4184 descendet

551 4238 617 4291 de
647 4236 774 4290 ctelo
809 4235 873 4300 “,
897 4248 1152 4305 compara
1182 4232 1257 4286 illi
1287 4229 1429 4300 quod
1452 4227 1519 4282 ad
1547 4224 1857 4282 Corinthios
1879 4221 2079 4276 dicitur
2113 4237 2128 4275 :

555 4327 622 4381 In
655 4327 938 4381 novissima
966 4326 1088 4379 tuba
1109 4333 1296 4378 :canet
1317 4321 1457 4376 enim
1481 4317 1629 4385 tuba,
1660 4325 1799 4381 etc.;
1834 4313 1909 4369 illi
1947 4321 2130 4366 autem

549 4419 696 4490 quod
750 4419 814 4472 ad
869 4409 1388 4472 Thessalonicenses
1445 4409 1685 4480 legitur:
1724 4405 1793 4460 Et
1823 4404 2021 4459 mortui
2073 4402 2131 4457 in

505 4587 513 4600 1
555 4509 770 4564 Christo
807 4513 1082 4576 resurgant
1118 4503 1276 4572 primi
1315 4503 1384 4568 ",
1425 4501 1528 4555 hoc
1553 4497 1695 4568 quod
1719 4495 1784 4550 ad
1819 4492 2132 4550 Corinthios

553 4604 819 4669 scriptum
848 4608 931 4654 est
965 4615 980 4654 :
1010 4596 1079 4650 Et
1099 4597 1297 4650 mortui
1325 4601 1597 4665 resurgent
1622 4590 1937 4654 incorrupti.
1961 4587 2131 4642 Porro

553 4662 699 4761 quod
728 4691 980 4759 sequitur
1008 4705 1020 4739 :
1057 4688 1259 4743 Deinde
1283 4704 1377 4741 nos
1411 4662 1506 4756 qui
1535 4685 1775 4749 vivimus,
1807 4682 1899 4752 qui
1936 4680 2135 4734 residui
2164 4679 2210 4736 D
2239 4668 2382 4742 quod
2409 4667 2551 4720 Deus
2579 4662 2688 4718 Ver

553 4799 737 4838 smmis
795 4782 870 4846 “,
937 4780 1013 4834 illi
1067 4776 1502 4848 respondetzEt
1551 4791 1648 4830 nos
1707 4773 2127 4828 immutabimur.

553 4873 800 4938 Quorum
827 4882 1121 4940 utrumque
1144 4870 1224 4925 sic
1246 4868 1468 4938 intelligi
1496 4875 1710 4936 potest:
1737 4865 1847 4920 Nos
1878 4864 1967 4933 qui
1998 4861 2134 4917 vivi-

545 4975 699 5031 'mus,
741 4965 834 5035 qui
872 4964 1075 5018 residui
1112 4977 1300 5017 sumus
1326 4963 1378 5016 in
1411 4960 1647 5014 adventu
1689 4955 1926 5018 Domini.
1949 4961 2005 5008 et
2036 4965 2136 5007 nos

559 5060 650 5129 qui
679 5057 1112 5122 immutabimur,
1157 5065 1212 5110 et
1253 5069 1360 5108 non
1391 5067 1580 5107 sumus
1612 5065 1677 5105 ex
1719 5049 1807 5105 his
1836 5047 1929 5118 qui
1955 5043 2138 5115 appel-

558 5151 744 5205 lantur
800 5149 1025 5212 mortui,
1081 5146 1176 5202 sed
1228 5146 1483 5209 vivimus,
1543 5141 1749 5196 idcirco
1787 5135 2137 5210 praesentiam

561 5243 774 5298 Domini
828 5256 934 5296 non
990 5242 1043 5295 in
1113 5247 1315 5305 morte,
1367 5237 1462 5293 sed
1498 5236 1553 5290 in
1587 5234 1697 5288 vita
1731 5228 2134 5302 praestolamur,

562 5335 687 5405 quia
713 5336 779 5390 de
815 5333 1114 5389 Israelitico
1145 5345 1346 5403 genere
1391 5342 1581 5384 sumus
1603 5366 1621 5392 ,
1665 5322 1830 5396 693
1863 5330 1920 5375 et
1950 5319 2136 5374 electae

563 5437 692 5482 sunt
726 5428 791 5480 de
821 5427 977 5483 nobis
1017 5425 1258 5495 reliquiae
1300 5423 1367 5489 ⁸⁷,
1404 5422 1470 5476 de
1497 5418 1699 5490 quibus
1723 5415 1852 5470 olim
1878 5410 2136 5467 Dominus

563 5517 889 5588 loquebatur
920 5536 936 5574 :
972 5517 1241 5588 Dereliqui
1279 5514 1409 5568 mihi
1455 5519 1655 5582 septem
1691 5506 1858 5562 millia
1903 5507 2134 5558 virorum

639 5701 686 5734 "
726 5698 905 5753 Galat.
938 5713 978 5762 ι,
1005 5697 1058 5751 1.
1134 5695 1182 5728 ⁵⁸
1213 5695 1229 5749 1
1257 5651 1455 5748 Thess.
1484 5688 1682 5762 tv,j:4.
1741 5687 1826 5762 ξ’,
1847 5684 2005 5762 Rom.
2038 5695 2160 5762 vttt_.

568 5772 710 5829 10."
737 5751 907 5823 item;
939 5751 1014 5830 ιίι,
1047 5767 1134 5820 te.
1210 5765 1256 5797 σο
1288 5764 1304 5818 t
1331 5764 1458 5817 Cor.
1499 5751 1662 5830 1.24.
1738 5756 1842 5830 {31
1867 5756 1996 5810 eor.
2033 5751 2154 5830 ης]

568 5788 710 5829 10."
741 5788 907 5823 neur.
941 5788 1014 5830 IV,
1047 5788 1134 5820 '12.
1211 5788 1256 5797 "
1288 5788 1304 5818 ι
1331 5788 1458 5817 bur.
1501 5788 1542 5819 s.
1574 5788 1662 5813 μιν.
1747 5788 1776 5789 η
1815 5788 1828 5809 ι
1868 5788 1996 5810 υυι.
2033 5788 2092 5814 ιι,

567 5859 642 5906 ιν,
674 5840 762 5922 15.
798 5838 926 5922 __“__l
955 5837 1147 5922 ajtiess.
1185 5851 1266 5922 ινι
1295 5833 1378 5887 t5.
1459 5829 1704 5922 “athla.
1741 5827 1783 5858 οτ
1811 5825 2064 5886 Rom.x1,
2086 5822 2119 5874 4

2299 5788 2612 5882 illi-Rep:
2626 5788 2742 5868 'x'tx,
2779 5803 2868 5860 18.
2941 5803 2986 5834 ⁵³
3006 5788 3164 5856 Joan.
3195 5788 3275 5860 ιι,
3297 5792 3388 5854 25,
3417 5788 3508 5844 26.

2310 5885 2360 5918 η
2391 5885 2546 5922 ηςρρκ
2574 5896 2680 5922 τινμ
2709 5875 2796 5922 40-
2873 5874 2921 5907 τι
2941 5871 3085 5922 Psal.
3109 5883 3219 5922 xtv.
3244 5868 3289 5920 1.
3363 5864 3409 5895 ’⁸
3433 5858 3508 5914 30

570 5868 618 5899 IV
674 5868 762 5895 Is)-
843 5868 874 5870 η
910 5868 926 5892 ι
965 5868 1147 5891 ιιιῦδδο
1188 5868 1232 5890 Iv
1300 5868 1378 5887 ιυο
1531 5868 1664 5884 ινιυ.
1811 5868 1966 5880 ..ν-,η
1989 5868 2039 5876 .-.
2099 5868 2114 5874 -
2168 5868 2220 5873 ν-

570 5884 646 5969 χι,
672 5913 725 5965 5.
757 5970 766 5973 _
798 5909 844 5941 ‘“
874 5907 1063 5965 Matth.
1111 5922 1202 5973 xx,
1245 5874 1270 5958 ἶ
1321 5919 1437 5972 seq.
1513 5897 1706 5971 "Psal
1750 5913 1788 5951 ι.
1837 5868 2099 5961 ικηγιιί,
2127 5868 2234 5946 Ἠ).
2310 5885 2360 5918 ⁷³
2391 5868 2796 5947 Osee."xtv,10.
2873 5874 2921 5907 ⁷⁸
2941 5868 3289 5932 Psal.xtv,i.

567 5984 614 6021 ’δ
636 5970 794 6036 Prov.
824 5994 895 6049 vt,
917 5979 971 6033 4.

1777 509 2103 576 ORIGENIS
2141 498 2567 564 FRAGMEN'IA

2123 637 2171 696 Δ
2196 631 2285 700 qui
2311 645 2415 684 non
2438 623 2782 680 curvaverant
2802 626 2934 685 genu
2961 605 3096 663 Baal
3127 602 3194 656 ⁸⁸.
3217 599 3275 656 In
3295 592 3530 700 Joannis
3557 602 3724 660 quoque

2193 717 2491 790 Evangelia

3621 462 3719 518 ιεοι

3775 119 3790 726 1

2549 682 2892 768 vivorum'et
2938 715 3044 756 non
3095 696 3342 750 vivorum
3393 682 3584 752 duplex
3631 683 3725 734 ordo

2197 775 2522 870 describitur
2553 825 2567 861 :
2605 801 2789 858 Omnis
2831 795 2918 867 qui
2947 789 3111 847 credit
3151 788 3206 840 in
3244 798 3351 845 me,
3384 775 3592 832 etiamsi
3625 789 3724 826 mr-

2201 915 2322 959 tuus
2359 899 2544 970 [uerit,
2583 895 2709 949 vivet
2731 906 2751 954 ;
2773 897 2822 942 et
2843 865 3012 940 omnis
3044 878 3132 950 qui
3163 875 3280 931 vivit
3309 880 3360 926 et
3397 867 3560 923 credit
3586 865 3630 917 in
3654 879 3721 921 ne,

2199 1011 2303 1050 non
2340 953 2590 1046 morietur
2631 984 2689 1036 in
2717 953 2971 1035 azternum
3001 972 3070 1024 ”.
3121 966 3183 1021 Si
3216 963 3372 1018 vivos
3402 958 3482 1012 ita
3521 953 3721 1021 intelligi

2201 1103 2320 1144 mus
2351 1081 2542 1153 utjam
2577 1092 2609 1132 a
2650 1073 2805 1129 nobis
2834 1068 3037 1142 dictum
3082 1069 3205 1124 est,
3238 1053 3577 1112 dormientes
3614 1057 3658 1099 et
3691 1045 3724 1095 ίι-

2201 1177 2417 1236 Christo
2430 1137 2686 1228 'mortttos
2713 1162 2834 1218 illos
2855 1172 2977 1214 esse
3009 1140 3318 1212 credamus,
3340 1143 3580 1212 quicum
3605 1137 3729 1188 velint

2201 1273 2256 1330 in
2301 1267 2520 1326 Christo
2553 1262 2756 1322 vivere,
2797 1263 2979 1309 tamen
3017 1254 3242 1319 peccato
3268 1236 3473 1296 mortui
3512 1239 3642 1288 sunt.
3665 1229 3733 1282 Sis

2202 1370 2382 1420 autem
2422 1352 2666 1424 reliquie
2695 1356 2749 1404 et
2776 1343 2970 1401 electio
2998 1335 3293 1394 secundum
3318 1327 3557 1401 gratiam
3579 1323 3639 1384 τ’,
3666 1335 3735 1387 ap-

2204 1436 2470 1528 pellantur
2487 1449 2754 1504 viventes;
2773 1436 2864 1510 qui
2891 1451 2996 1491 non
3025 1432 3097 1486 ita
3123 1426 3376 1485 credunt,
3405 1434 3508 1474 nec
3529 1417 3592 1470 de
3611 1413 3738 1467 Israe-

2207 1500 2358 1601 litica
2388 1537 2670 1596 nobilitate
2692 1525 2940 1604 generati
2956 1528 3102 1585 sunt,
3130 1513 3476 1572 dormientes
3502 1516 3555 1561 et
3582 1500 3735 1556 mortui

2207 1635 2542 1710 appellantur
2568 1630 2622 1684 in
2652 1623 2887 1682 Christo.

2279 1681 2424 1784 Sunt
2452 1722 2544 1794 qui
2579 1721 2723 1774 hunc
2756 1714 2930 1770 locum
2963 1707 3039 1760 ita
3075 1700 3382 1757 edisseram
3408 1709 3425 1745 :
3453 1688 3570 1743 Vivi
3597 1681 3738 1752 appel-

2209 1823 2392 1878 lantur
2417 1779 2509 1887 qui
2534 1819 2815 1878 nunquam
2843 1806 3073 1872 peccato
3108 1790 3308 1854 mortui
3345 1793 3520 1845 sunt;
3551 1779 3632 1848 qui
3663 1790 3737 1828 suo
3788 1783 3789 1852 ᾗ

2211 1926 2318 1972 tem
2345 1909 2736 1983 peccaverunt,
2768 1910 2824 1953 et
2858 1895 2912 1949 in
2940 1907 3006 1947 eo
3041 1887 3185 1958 quod
3219 1882 3606 1954 peccaverunt,
3627 1882 3740 1922 mor-
3788 1891 3789 1916 ξ

2140 1995 2181 2051 Β
2215 1969 2294 2061 tui
2324 1969 2477 2066 sunt,
2521 2006 2577 2054 et
2607 2002 2797 2067 postea
2835 1984 3086 2045 conversi
3126 1980 3197 2035 ad
3231 1969 3608 2047 pmniteutiam
3645 1976 3742 2032 pur-

2215 2107 2346 2170 gant
2378 2061 2844 2162 antiqua-delicta,
2879 2074 3080 2135 mortui
3102 2069 3469 2142 appellantur,
3509 2061 3622 2128 quia
3649 2070 3744 2124 pet-

2213 2148 2518 2249 :averunt;
2551 2185 2605 2239 in
2632 2181 2855 2237 Christo
2889 2183 3068 2229 autem
3099 2163 3323 2226 mortui,
3356 2157 3491 2228 quia
3537 2152 3672 2223 plena
3697 2148 3744 2201 ad

2219 2287 2384 2340 Deum
2424 2287 2609 2335 mente
2641 2268 2892 2329 conversi
2947 2271 3094 2320 sunt.
3140 2257 3310 2315 Porro
3361 2252 3460 2321 qui
3498 2247 3671 2302 vivunt
3704 2249 3745 2293 et
3788 2269 3789 2340 ἐ

2219 2377 2420 2433 habent
2465 2366 2834 2426 testimonium
2871 2358 3019 2422 ﬁdei,
3075 2361 3130 2409 et
3180 2349 3414 2406 necdum
3470 2341 3749 2407 receperunt

2217 2425 2640 2541 promissionem
2671 2455 2791 2519 Dei,
2812 2451 2905 2522 qui
2942 2457 2997 2504 et
3031 2447 3098 2502 de
3137 2442 3260 2497 aliis
3307 2435 3510 2491 melius
3537 2425 3746 2498 quiddam

2217 2503 2482 2630 :ogitant,
2506 2561 2565 2606 ut
2593 2565 2699 2604 non
2725 2549 2931 2615 absque
2957 2541 3044 2597 his
3075 2535 3168 2607 qui
3201 2529 3336 2602 justi
3357 2533 3495 2582 sunt
3530 2529 3748 2574 coroucu-
3788 2503 3789 2514 “

2220 2609 2329 2715 ιιιιῗ,
2357 2652 2412 2707 in
2441 2663 2509 2704 eo
2536 2646 2739 2701 habent
2771 2609 3160 2694 beatitudinem
3191 2623 3334 2694 quod
3359 2618 3618 2715 fruuntur
3640 2609 3748 2662 bona

2219 2741 2592 2802 conscientiae,
2637 2743 2694 2789 et
2733 2730 2944 2790 vivunt,
2989 2733 3045 2779 et
3076 2717 3252 2776 relicti
3284 2719 3416 2768 sunt
3460 2707 3517 2760 in
3559 2699 3748 2754 adventu

2480 2794 2800 2886 Salvatoris.
2834 2817 2939 2874 Sed
2971 2816 3100 2884 quia
3131 2808 3370 2865 clemens
3411 2807 3499 2853 est
3537 2794 3679 2894 Deus,
3711 2795 3749 2890 et

2235 2929 2354 2984 vult
2395 2924 2609 2982 salvare
2646 2917 2810 2974 etiam
2835 2925 2930 2967 eos
2955 2881 3048 2977 qui
3077 2897 3441 2958 dormierunt,
3466 2900 3525 2946 et
3560 2889 3611 2942 in
3629 2881 3750 2940 Chri-

2222 3031 2308 3078 sto
2342 3014 2544 3073 mortui
2579 3016 2731 3072 sunt,
2765 3018 2874 3060 non
2925 2972 3261 3069 praevenient
3295 2987 3443 3049 illos,
3487 2991 3650 3048 neque
3673 2972 3750 3026 soli

2225 3076 2511 3185 rapientur
2540 3107 2596 3162 in
2626 3101 2896 3161 nubibus;
2929 3091 3048 3156 sed,
3089 3087 3244 3158 juxta
3288 3076 3597 3147 exemplum
3620 3081 3748 3124 evan.

2223 3171 2408 3280 gelica:
2445 3216 2512 3272 pa
2524 3195 2720 3252 rabula:
2747 3193 2818 3256 “,
2851 3199 3015 3242 unum
3040 3178 3324 3237 denarium
3353 3177 3624 3236 unamque
3643 3171 3752 3213 mer-

2261 3249 2405 3263 ν......
2447 3249 2641 3272 ,ηψπ
2805 3249 2816 3256 ,

2227 3249 2412 3355 sedem
2440 3302 2496 3349 et
2529 3286 2828 3345 undecimae
2857 3280 3004 3336 hora
3046 3267 3304 3344 operarii,
3345 3274 3404 3319 et
3449 3261 3646 3332 prima,
3685 3249 3752 3318 qui

2228 3392 2282 3446 in
2312 3388 2530 3442 vineam
2577 3376 2730 3434 missi
2783 3380 2931 3436 sunt,
2973 3363 3170 3423 salutis
3214 3356 3456 3431 pretium
3513 3344 3752 3415 accipient.

2226 3435 2666 3537 ἰξὲέῖζᾷἷὲιιίωί
2715 3435 2963 3522 videatur
3011 3458 3298 3537 ittjustum,
3336 3456 3396 3502 ut
3435 3435 3755 3537 dispar

2228 3527 2714 3639 'p‘razmium
2758 3527 3147 3622 consequatur.
3172 3527 3365 3613 Magna
3395 3536 3596 3608 quippe
3621 3527 3753 3582 diser

2229 3667 2364 3722 sitas
2387 3626 2682 3717 esteorum
2711 3648 2803 3720 qui
2838 3653 2961 3717 post
2990 3640 3212 3695 vulnera
3243 3641 3371 3689 sunt
3397 3626 3597 3688 sanati,
3617 3631 3664 3673 et
3685 3627 3756 3668 eo-

2231 3773 2349 3814 rum
2379 3753 2472 3825 qui
2503 3757 2779 3816 nunquam
2809 3739 3062 3793 viderunt
3094 3727 3286 3784 mortis
3306 3731 3574 3778 errorem.
3613 3711 3676 3765 De
3696 3704 3756 3759 his

3206 3821 3217 3825 ‘
3278 3817 3291 3825 ‘
3370 3822 3379 3825 -
3448 3821 3457 3825 -
3568 3824 3590 3825 η
3627 3801 3756 3825 -Σ.Ι..Ι

2231 3858 2362 3923 puto
2383 3801 2597 3902 dictum
2626 3801 2650 3893 τ’
2680 3834 2813 3902 Quis
2844 3841 2919 3885 est
2949 3829 3102 3882 homo
3128 3821 3218 3923 qui
3245 3817 3380 3873 vivat
3408 3821 3458 3866 et
3618 3801 3758 3923 fde:

2232 3892 2452 3997 rnortem
2485 3935 2511 3990 ἲ
2546 3930 2764 3987 redimet
2795 3924 2858 3978 de
2887 3927 3052 3974 morte
3078 3913 3309 3968 animam
3332 3919 3488 3960 suam
3510 3898 3592 3952 "3
3618 3892 3759 3960 Neque

2769 4017 2984 4085 putant,
3013 4004 3153 4075 quis,
3185 4013 3286 4070 pro
3316 4009 3383 4051 eo
3415 3990 3559 4062 quod
3673 3980 3760 4032 ssi-

2233 4075 2656 4185 ἷιῖξξὲεῖρῑῖυτε
2688 4075 2787 4164 sed
2815 4101 2968 4174 quasi
3005 4094 3204 4153 dixerit
3228 4106 3246 4145 :
3267 4087 3404 4156 Quis
3427 4075 3759 4185 putasij'uxll

2235 4167 2543 4280 qugd
2574 4167 2850 4272 scriptutu-
2881 4202 2968 4250 est
2994 4210 3010 4247 :
3045 4189 3177 4256 Quis
3216 4181 3452 4249 sapiens,
3481 4186 3530 4231 et
3554 4167 3761 4280 intelliget

2234 4258 2802 4361 ἷῷἷτῖἷξι-ἰηᾉιῑο
2829 4289 2990 4344 loco:
3027 4280 3270 4340 Domine,
3316 4273 3436 4344 quis
3471 4262 3701 4322 habitabit
3721 4258 3761 4307 is

2234 4389 2573 4452 tabernaculo
2623 4397 2714 4440 tuo
2748 4383 2797 4416 "
2828 4380 2852 4435 ?
2891 4389 2946 4432 et
2980 4377 3218 4430 iterum:
3253 4365 3387 4432 Quis
3420 4356 3644 4431 cognovit
3670 4365 3759 4403 us-

2235 4442 2593 4544 Domini
2617 4479 2662 4510 ⁷⁸
2682 4477 2705 4531 ?
2729 4468 2952 4529 Residui
2988 4477 3118 4534 ergo
3145 4467 3308 4515 erunt
3346 4455 3413 4510 de
3463 4442 3762 4544 credentibus:

2433 4530 2874 4643 quit-adventum
2908 4530 3123 4615 Domini
3148 4551 3375 4607 videant
3402 4540 3682 4600 secundum
3698 4530 3763 4650 “id

2692 4661 2819 4715 bum
2851 4654 3056 4708 factum
3090 4655 3196 4709 est,
3228 4650 3573 4711 nequaquam
3597 4631 3643 4686 in
3668 4624 3763 4715 vili-

2241 4713 2354 4820 :ate
2387 4755 2596 4820 carnis,
2626 4751 2723 4808 sed
2757 4750 2812 4804 in
2852 4745 3025 4817 gloria
3071 4731 3487 4804 triumphantis.
3527 4725 3591 4780 Et
3620 4713 3766 4776 cossi-

2570 4809 2842 4910 quomodo
2853 4809 3101 4905 primum
3139 4822 3478 4880 dormientes
3500 4809 3765 4886 appellave-

2241 4941 2313 4996 rit
2342 4956 2358 4996 :
2391 4909 2668 4991 deindein
2694 4927 2914 4985 Christo
2937 4927 3204 4981 mortuos,
3236 4926 3378 4984 quos
3406 4909 3642 4964 viventes
3662 4910 3766 4969 pre-

2243 5033 2430 5090 venire
2463 5044 2572 5084 non
2603 5029 2878 5098 poterunt.
2908 5016 3010 5084 Qui
3042 5013 3190 5069 enim
3226 5023 3333 5064 non
3359 4993 3766 5060 custodieritltoc

2243 5125 2387 5200 quod
2408 5084 2685 5192 scriptum
2715 5124 2832 5172 est:
2858 5110 2941 5166 Ne
2968 5107 3175 5165 dederis
3205 5117 3452 5158 somnum
3479 5093 3635 5152 oculis
3668 5084 3763 5144 tuis.

2247 5178 2708 5289 iie—quepalpebris
2754 5208 2859 5261 tuis
2901 5200 3362 5260 dormitationem,
3403 5204 3461 5247 ut
3500 5189 3662 5245 salvus
3692 5178 3765 5289 ﬁ:

2241 5266 2602 5376 sicvut'capr'ea
2629 5301 2693 5354 de
2725 5296 2969 5360 vinculis,
2999 5302 3049 5348 et
3083 5293 3218 5346 sicut
3257 5288 3370 5343 avis
3415 5286 3480 5339 de
3510 5275 3687 5351 laqueis
3715 5266 3762 5326 ".

2243 5373 2485 5457 dormiet
2526 5401 2585 5450 et
2638 5387 2897 5460 culpabili
2944 5398 3138 5454 sopore
3191 5388 3524 5448 torpescet;
3577 5373 3764 5431 cumque

2245 5490 2552 5553 dormierit.
2588 5485 2849 5543 transibit
2877 5484 2931 5537 in
2967 5489 3218 5535 mortem.
3267 5475 3422 5528 Sicut
3448 5467 3588 5524 enim
3619 5468 3764 5515 move-

2191 5675 2276 5732 IO.
2350 5671 2622 5729 “Coloss.
2658 5681 2742 5730 tu,
2770 5663 2824 5718 5.
2900 5663 2946 5694 ⁵⁷
2971 5659 3146 5716 Calat.
3179 5672 3236 5732 ξς,
3271 5653 3363 5732 ηε
3419 5627 3760 5732 "inﬁgi-3'

2193 5712 2276 5732 ιν.
2417 5712 2622 5729 ww--.
2774 5712 2824 5718 --
2979 5712 3042 5716 μ
3075 5712 3098 5714 _,
3136 5712 3144 5714 ν

2164 5788 2177 5803 .
2253 5746 2298 5777 θ’
2329 5745 2473 5799 lCor.
2513 5758 2551 5806 ι,
2582 5739 2672 5796 30.
2751 5735 2799 5806 ’ἦ
2821 5731 3133 5806 ΑΙΟειςηκν,
3176 5727 3266 5792 5|,
3417 5719 3510 5806 M'.‘
3553 5712 3757 5806 I'LI‘II’ICSS-

3577 5783 3622 5818 το
3641 5779 3757 5832 Batti.

3363 5844 3409 5895 θ’
3433 5858 3587 5916 Rom.
3607 5868 3673 5912 ιι,
3691 5844 3755 5900 δι
