3812 6540
17 441 199 500 1501
1033 442 1100 498 IN
1130 442 1521 502 EPISTOLAM
1553 445 1572 499 1
1613 444 1703 500 AD
1733 439 2452 501 THESSALOMCEKSES.
3174 444 3324 501 i301

14 570 152 618 tur
184 561 280 633 qui
307 560 517 633 vigilat,
569 561 651 619 sic
690 564 780 634 qui
827 564 1034 620 dormit
1082 567 1229 636 jacet
1279 568 1556 636 immotus,
1581 576 1636 622 et
1665 571 1708 629 Α
1738 567 1996 633 venienti,
2014 566 2109 621 sed
2132 565 2183 620 ei
2216 565 2309 637 qui
2337 574 2424 620 est
2455 563 2595 634 apud
2627 561 2842 620 Patrem
2869 563 3109 622 Verbum
3139 566 3306 622 Dens.

17 654 258 709 nmrtis
291 661 470 724 torpet
500 654 878 710 similitudine.
906 656 1058 724 Quod
1092 670 1273 714 autem
1297 662 1641 719 dormitatio-
1739 659 1807 713 Et
1844 667 1971 712 tunc
2013 657 2235 728 quidem
2265 657 2684 729 egrediebantur
2712 657 3097 720 in-desertum,
3124 668 3185 714 ut
3208 674 3313 713 au-

18 763 185 802 nem
240 759 502 819 sequatur
546 765 718 814 mors,
749 762 805 806 et
846 753 1019 822 prima
1059 755 1125 808 ad
1161 755 1473 811 Corinthius
1508 755 1638 823 Epi-
1741 752 1924 808 dirent
1953 751 2219 821 assumpti
2251 746 2490 804 hominis
2523 764 2943 820 praecursorem.
2972 757 3027 804 et
3064 750 3330 820 viderent.

14 838 198 891 stola
233 838 429 893 docere
455 853 554 893 nos
587 839 807 908 poterit,
845 843 899 895 in
942 858 1050 911 qua
1095 845 1166 898 ita
1213 847 1474 914 scriptum
1511 853 1635 899 est:
1741 843 2071 898 arundinem
2110 849 2275 896 vento
2328 841 2587 911 agitatam
2643 839 2718 904 ⁸⁸,
2747 841 2814 895 de
2844 855 2950 910 qua
2993 839 3149 894 facta:
3185 847 3323 920 sunt

21 927 224 982 Nunc
257 942 429 984 autem
471 931 714 986 Christus
756 936 984 988 surrexit
1013 951 1079 989 ea:
1113 938 1359 1001 mortuis,
1390 939 1639 1006 primitiae

23 1025 447 1078 dormientium
471 1038 491 1076 :
517 1026 642 1096 quia
661 1043 754 1096 per
776 1026 1038 1080 hominem
1070 1044 1234 1092 mors,
1269 1041 1315 1084 et
1340 1045 1433 1098 per
1465 1032 1638 1084 homi-

29 1123 181 1166 nem
247 1122 559 1170 resurrectio
609 1129 982 1181 mortuorum;
1032 1128 1088 1173 et
1141 1129 1260 1190 post
1317 1119 1635 1190 paululum:

27 1206 188 1260 Non
252 1226 428 1262 omnes
473 1211 818 1274 dormiemus,
857 1211 950 1266 sed
994 1229 1170 1266 omnes
1213 1212 1636 1280 immutabimur,

20 1301 100 1352 in
144 1313 434 1367 momento,
469 1302 524 1356 in
563 1303 671 1356 ictu
707 1303 869 1368 oculi,
902 1304 956 1357 in
990 1306 1272 1358 novissima
1300 1305 1446 1358 tuba.
1472 1305 1639 1360 Canet

30 1393 206 1444 enim
247 1394 395 1459 tuba,
443 1405 490 1448 et
532 1395 732 1446 mortui
762 1406 1033 1464 resurgent
1083 1396 1401 1467 incorrupti,
1449 1406 1498 1451 et
1543 1413 1638 1452 nos

24 1482 465 1536 immutabimur
503 1485 571 1539 ⁷⁷.
607 1483 742 1539 Cum
771 1498 902 1553 ergo
949 1487 1063 1541 haec
1091 1487 1158 1542 de
1185 1488 1516 1543 dormitione
1557 1488 1640 1542 di-

25 1586 261 1627 cantur
281 1585 336 1628 et
363 1585 557 1638 morte,
588 1587 644 1631 et
670 1577 802 1632 illud
830 1578 1141 1648 legamusin
1159 1580 1440 1650 Apostolo,
1466 1579 1639 1651 Surge

23 1667 149 1735 qui
179 1666 402 1731 dormis,
435 1679 484 1722 et
523 1684 749 1738 exsurge
777 1671 842 1724 de
873 1671 1118 1737 mortuis,
1155 1680 1205 1725 et
1235 1671 1557 1727 illuminabit
1589 1683 1639 1728 te

25 1758 304 1814 Christus
329 1759 394 1823 ⁷⁸,
435 1759 684 1830 jurenius
731 1762 987 1826 Domino,
1039 1771 1094 1817 et
1131 1775 1316 1818 votum
1369 1763 1639 1822 faciamus

34 1852 170 1907 Deo
203 1851 390 1917 Jacob,
411 1855 782 1924 unusquisque
809 1853 999 1909 dicens
1027 1857 1080 1910 in
1113 1858 1275 1911 corde
1305 1872 1438 1914 suo:
1469 1857 1528 1914 Si
1552 1877 1640 1914 as-

30 1945 285 1998 cendam
335 1961 495 2015 super
536 1958 765 2000 stratum
822 1963 1018 2011 meum,
1054 1949 1102 2002 si
1150 1949 1343 2002 dedero
1390 1967 1637 2005 somnum

35 2036 232 2090 oculis
267 2039 394 2092 meis
427 2048 479 2093 et
518 2040 782 2109 palpebris
815 2041 943 2094 meis
980 2039 1434 2109 dormitationem,
1473 2045 1638 2098 donec

31 2130 324 2184 inveniam
351 2131 522 2185 locum
551 2131 890 2192 Domino":
942 2135 1085 2190 haud
1135 2133 1358 2190 dubium
1400 2136 1530 2206 quin
1583 2137 1636 2191 in

37 2224 246 2278 mima
275 2239 372 2279 sua
403 2224 810 2282 tabernaculum
845 2227 956 2283 Deo
981 2226 1172 2300 Jacob,
1203 2240 1262 2285 ut
1288 2231 1432 2286 Deus
1463 2231 1516 2286 in
1547 2231 1637 2287 illo

37 2325 261 2370 :eterna
287 2317 416 2370 sede
444 2316 772 2384 requiescat.

127 2405 424 2478 Sequitur:
456 2406 595 2472 Quia
630 2408 738 2477 ipse
767 2409 1027 2466 Dominus
1059 2413 1112 2466 in
1135 2415 1296 2483 jussu
1329 2413 1397 2479 ⁸ο,
1425 2423 1478 2469 et
1508 2413 1636 2470 reli-

39 2516 190 2568 qua.
239 2500 544 2556 Descendet
567 2502 713 2556 enim
758 2505 961 2560 missus
987 2521 1015 2558 a
1045 2504 1230 2570 Patre,
1270 2522 1377 2561 non
1404 2507 1636 2562 diversi-

44 2603 168 2645 tate
199 2592 440 2661 virtutis,
473 2593 566 2648 sed
592 2594 1002 2663 dispensatione
1041 2594 1282 2664 judicis;
1310 2606 1367 2653 et
1409 2600 1635 2654 descen-

39 2684 143 2736 det
179 2684 252 2737 ad
285 2698 378 2740 eos
401 2684 494 2754 qui
530 2684 782 2741 deorsum
829 2697 960 2742 sunt
1016 2687 1248 2743 Verbum
1300 2689 1416 2754 Dei,
1449 2698 1506 2744 cl
1543 2705 1635 2744 sa-

41 2777 287 2847 pientia,
335 2785 396 2832 ει-
432 2777 659 2843 veritas,
717 2788 880 2847 atque
917 2777 1155 2846 justitia.
1205 2780 1270 2835 Et
1321 2796 1634 2852 quanquam

45 2869 264 2923 mortui
304 2871 414 2925 sint
444 2873 512 2924 ad
557 2885 696 2940 quos
731 2871 986 2942 dignatur
1017 2872 1376 2938 descendere,
1413 2890 1521 2929 non
1557 2883 1638 2927 ta-

47 2976 181 3015 men
218 2971 346 3014 sunt
385 2962 453 3017 ab
495 2976 561 3016 eo
591 2963 755 3017 alieni
803 2981 819 3018 :
861 2964 1064 3018 mortui
1099 2966 1244 3020 enim
1275 2974 1540 3020 vocantur
1581 2965 1634 3019 in

42 3052 280 3108 Christo
317 3053 384 3106 ".
425 3053 526 3120 Qui
561 3064 744 3109 autem
781 3055 992 3119 vivunt,
1035 3057 1140 3112 hoc
1171 3057 1376 3111 habent
1410 3056 1637 3126 privile-

46 3151 236 3214 gium,
262 3145 406 3214 quod
437 3146 718 3216 eliguntur
746 3163 776 3203 e
808 3149 1075 3218 pluribus.
1116 3149 1376 3203 Attamen
1425 3158 1638 3204 utrum-

45 3252 162 3305 que
198 3253 417 3308 agmen,
462 3248 516 3293 et
557 3249 897 3295 mortuorum
948 3239 1002 3294 in
1064 3238 1308 3302 Christo,
1350 3248 1407 3294 et
1450 3239 1639 3294 viven—
1665 3266 1709 3324 ο

47 3331 221 3394 tium,
255 3332 534 3401 rapientur
577 3332 783 3401 pariter
815 3333 868 3384 in
911 3331 1148 3386 nubibus
1203 3330 1421 3386 obviam
1473 3330 1636 3387 Chri-

46 3434 138 3478 sto
172 3423 246 3486 ⁸³,
276 3431 334 3476 ιιι
364 3437 470 3476 non
500 3437 624 3476 eum
651 3433 969 3492 exspectent
991 3424 1162 3479 donec
1189 3423 1257 3477 ad
1290 3434 1506 3477 terrena
1543 3423 1639 3477 de-

46 3511 308 3576 scendat,
341 3513 435 3566 sed
466 3514 754 3581 praesentia
784 3513 936 3569 illius
961 3523 1015 3570 et
1042 3513 1400 3569 contubernio
1424 3514 1478 3570 in
1505 3515 1640 3570 sub-

52 3603 294 3658 limibns
350 3603 726 3673 perfruantur.
781 3603 1104 3675 Quantaque
1144 3605 1433 3662 clementia
1480 3605 1638 3660 Chri-

45 3696 140 3758 sti,
184 3703 245 3749 ut
282 3710 380 3765 pro
401 3695 577 3750 salute
610 3704 792 3750 nostra
827 3711 932 3750 non
961 3697 1136 3750 solum
1170 3710 1300 3750 caro
1333 3698 1512 3752 lactus
1543 3698 1636 3763 sit,

49 3795 153 3846 sed
186 3789 255 3843 ad
286 3797 531 3845 mortuos
564 3804 737 3859 usque
762 3789 1125 3854 descenderit,
1149 3791 1280 3845 etin
1313 3793 1427 3859 ipsa
1462 3800 1640 3846 morte

47 3881 261 3936 habeat
299 3881 451 3951 signa
489 3881 791 3936 viventium
821 3881 835 3935 !
872 3895 1012 3948 aqua
1048 3879 1196 3936 enim
1230 3891 1286 3936 et
1319 3880 1546 3950 sanguis
1570 3880 1637 3934 de

47 3976 230 4028 latere
259 3971 378 4040 ejus
409 3987 630 4042 egressa
667 3979 794 4026 sunt
821 3971 890 4024 ⁸³.
922 3970 1212 4028 Descendit
1262 3971 1429 4040 igitur
1459 3986 1638 4026 sermo

47 4067 277 4121 divinus
306 4081 437 4120 voce
474 4067 789 4137 archangeli
819 4065 1186 4136 praecedente,
1213 4075 1269 4119 et
1300 4071 1638 4133 praeparante

48 4160 155 4212 sibi
209 4159 348 4212 viain
399 4159 452 4213 in
512 4157 600 4214 his
637 4159 728 4229 qui
763 4160 882 4230 ejus
934 4165 1163 4227 possunt
1211 4154 1356 4210 ferre
1395 4169 1635 4225 praesen-

50 4253 208 4303 tiam.

120 4343 286 4410 Quod
320 4351 379 4395 ut
407 4358 670 4412 queamus
694 4343 1018 4413 intelligere,
1049 4343 1205 4412 primi
1233 4344 1495 4400 adventus
1524 4360 1640 4414 my-

48 4437 225 4490 steria
257 4450 674 4504 cognoscamus.
709 4435 984 4508 Scriptum
1037 4447 1121 4492 est
1169 4437 1236 4491 de
1283 4434 1497 4492 Joanne
1545 4437 1640 4506 qui

51 4544 364 4598 precursor
401 4530 519 4599 ejus
564 4530 684 4596 fuit,
734 4531 880 4599 quod
914 4531 966 4585 in
1001 4545 1189 4586 eremo
1239 4530 1436 4586 dixerit
1468 4548 1483 4584 :
1526 4529 1639 4598 Ego

51 4638 150 4675 ros:
177 4620 462 4674 clamantis
493 4622 546 4674 in
586 4621 795 4675 deserto
819 4621 906 4686 3‘;
942 4631 999 4676 et
1041 4622 1275 4692 reliqua.
1332 4619 1472 4687 Quid
1520 4619 1637 4710 .cla-

51 4715 225 4767 mavit
263 4727 366 4766 vox
401 4711 456 4767 in
489 4714 745 4767 deserto:
781 4712 978 4768 Parata
1009 4715 1148 4768 viam
1192 4713 1428 4778 Domini,
1464 4723 1635 4767 rectas

51 4805 220 4872 facite
247 4805 462 4860 semitas
489 4803 604 4874 ejus
644 4805 732 4859 “1?
769 4806 849 4860 Ob
887 4807 1032 4875 quod
1067 4808 1348 4874 praemium
1403 4821 1636 4874 quamve

50 4896 402 4954 mercedem:
435 4894 621 4953 Omnis
656 4896 812 4953 uallis
840 4897 1164 4967 implebitur,
1200 4908 1248 4951 et
1280 4900 1450 4952 omnis
1483 4914 1633 4952 mons

48 4997 94 5040 et
121 4987 279 5042 collis
311 4988 686 5043 humiliabitur
715 5003 736 5042 :
781 4996 832 5043 et
865 4998 1019 5042 erunt
1040 5004 1202 5058 praua
1231 4989 1285 5042 in
1318 4989 1540 5053 directa,
1578 4998 1631 5042 et

50 5095 242 5147 aspera
273 5077 439 5150 694
474 5081 528 5132 in
559 5081 667 5134 vias
691 5080 878 5148 planas
908 5098 928 5146 ;
971 5089 1020 5134 et
1049 5081 1245 5135 uidebit
1286 5082 1456 5134 omnis
1506 5097 1634 5136 caro

49 5170 306 5226 Salutare
337 5169 436 5225 Dei
460 5171 541 5223 “‘i
575 5169 688 5226 Hoc
709 5181 891 5225 autem
922 5171 1064 5238 ideo,
1091 5171 1219 5242 quia
1257 5169 1478 5228 Verbum
1507 5188 1634 5227 caro

53 5265 258 5333 factum
291 5275 389 5328 est,
420 5271 472 5316 et
504 5264 755 5318 habitauit
781 5262 835 5318 in
867 5263 1016 5318 nobis
1045 5263 1112 5318 ⁸⁷.
1142 5262 1294 5320 Nunc
1327 5274 1506 5320 autent
1534 5280 1632 5321 ne-

51 5368 327 5424 quaquam
383 5367 488 5407 vox
546 5353 824 5423 prophetae
872 5354 926 5409 in
980 5355 1201 5410 deserto
1239 5353 1369 5419 erit,
1399 5354 1495 5410 sed
1525 5369 1628 5411 vox

50 5443 372 5517 archangeli
413 5445 661 5517 parantis
705 5445 824 5502 vias
870 5460 978 5502 non
1009 5446 1065 5502 in
1093 5447 1280 5502 carnis
1321 5444 1632 5502 humilitate

1738 934 1907 998 tibist,
1939 941 1995 986 et
2028 931 2230 986 vocalis
2263 930 2505 985 calamus
2525 928 2618 999 qui
2644 929 2697 982 in
2721 943 2818 985 ore
2847 944 3136 999 puerorum
3169 927 3316 985 dulci

1740 1035 1898 1080 sonat
1944 1023 2332 1088 modulamine,
2370 1021 2686 1078 canentium
2718 1020 2770 1075 in
2807 1020 3004 1086 plateis
3033 1027 3194 1089 atque
3231 1019 3315 1072 di-

1741 1117 1983 1171 centium
2023 1134 2037 1171 :
2085 1114 2430 1170 Cantauimus
2487 1113 2666 1179 vobis,
2707 1121 2758 1166 et
2814 1129 2918 1167 non
2971 1112 3206 1167 saltastis
3240 1111 3312 1165 ⁸⁸.

1742 1206 1897 1262 Nunc
1951 1215 2135 1260 autem
2180 1206 2234 1260 in
2268 1219 2403 1259 voce
2439 1203 2751 1271 archangeli
2807 1204 3168 1273 praecedentis
3204 1203 3315 1257 Do-

1743 1298 1950 1352 minum
1996 1297 2418 1352 descendentem
2461 1295 2526 1349 de
2573 1293 2751 1358 cmlis,
2801 1304 2856 1348 et
2901 1295 2953 1348 in
3005 1293 3314 1350 clarissima

1743 1389 1894 1452 tuba,
1927 1387 2306 1456 unusquisque
2328 1386 2664 1441 credentium
2695 1385 2779 1440 vel
2819 1387 2886 1440 ad
2914 1385 3184 1455 praelium,
3232 1384 3318 1438 vel

1740 1479 1806 1532 ad
1842 1476 2204 1533 sacerdotalia
2253 1475 2557 1529 ministeria
2589 1486 2935 1543 provocatur.
2972 1473 3227 1543 Legimus
3262 1473 3315 1527 in

1743 1568 2102 1624 Numerorum
2131 1568 2272 1622 libro
2301 1567 2347 1598 '°
2390 1576 2635 1622 sacratas
2673 1567 2780 1621 Deo
2809 1566 2990 1630 tubas,
3029 1580 3148 1634 qua:
3191 1574 3317 1619 ante

1744 1657 1954 1713 hostias
1997 1667 2313 1727 personent.
2362 1655 2457 1712 Siti
2516 1667 2697 1713 autem
2734 1670 2939 1727 magna
2971 1664 3054 1709 est
3082 1668 3185 1708 vox
3215 1669 3317 1707 an-

1739 1748 1866 1820 geli,
1923 1757 1979 1803 et
2035 1747 2199 1813 tubas,
2247 1752 2300 1802 et
2332 1729 2687 1818 archangeli,
2737 1755 2943 1815 quanto
2995 1744 3165 1815 magis
3212 1743 3317 1798 erit

1744 1844 1892 1899 tuba:
1924 1840 2016 1895 Dei
2066 1856 2187 1911 qua:
2219 1849 2376 1910 parat
2405 1841 2522 1896 vias
2551 1842 2789 1910 primum
2824 1838 3208 1892 dormientium
3261 1843 3319 1888 et

1670 1916 1712 1972 Β
1745 1943 2086 2004 mortuorum
2118 1935 2172 1987 in
2213 1931 2454 1996 Christo,
2506 1932 2705 1986 deinde
2747 1946 2934 1986 eorum
2975 1926 3067 1998 qui
3100 1926 3313 1992 vivunt,

1740 2036 1798 2082 et
1826 2025 2026 2082 residui
2057 2034 2213 2093 sunt,
2244 2033 2300 2078 et
2332 2022 2604 2079 sermonis
2657 2022 2748 2077 Dei
2798 2019 3181 2090 praestolamur
3216 2019 3315 2071 ad-

1740 2125 1960 2172 ventum
1981 2115 2006 2170 ?
2027 2113 2281 2170 Forsitan
2309 2112 2574 2183 simplicis
2612 2112 2751 2166 tubze
2780 2113 3006 2179 clangor
3034 2107 3315 2161 dormieno

1739 2210 1890 2264 tibus
1920 2216 1976 2264 et
2006 2205 2240 2262 mortuis
2294 2205 2347 2260 in
2397 2204 2616 2265 Christo
2663 2202 3004 2258 necetssarius
3035 2210 3158 2268 est;
3204 2215 3313 2255 vox

1739 2313 1925 2357 autem
1956 2297 2267 2367 archangeli
2319 2305 2373 2352 et
2421 2296 2562 2350 tubae
2591 2295 2682 2352 Dei
2719 2295 2804 2350 his
2833 2295 2924 2364 qui
2955 2294 3145 2348 vivunt
3177 2301 3233 2347 et
3259 2291 3312 2345 in

1741 2392 2030 2466 praesentia
2069 2391 2165 2446 Dei
2191 2397 2558 2445 reservantur.

1812 2486 2106 2541 Videamus
2135 2483 2265 2554 quid
2299 2482 2468 2553 possit
2493 2479 2721 2550 intelligi
2760 2489 2817 2532 et
2854 2477 2906 2532 id
2937 2475 3081 2547 quod
3127 2474 3315 2544 sequi-

1743 2590 1830 2634 tur
1856 2596 1869 2633 :
1893 2577 2069 2633 Simul
2101 2593 2221 2630 cum
2243 2575 2347 2629 illis
2373 2572 2640 2644 rapientur
2667 2572 2733 2627 ⁹¹.
2762 2570 2882 2638 Quo
2912 2569 3075 2624 verbo
3101 2567 3318 2624 ostendi

1743 2679 1878 2742 puto
1912 2668 2150 2724 subitum
2205 2667 2272 2721 ad
2309 2667 2538 2720 meliora
2577 2675 2981 2725 transcensum,
3029 2667 3084 2714 et
3110 2658 3317 2714 idcirco

1744 2771 1958 2833 raptum
1988 2776 2048 2815 se
2080 2759 2321 2815 voluisse
2356 2758 2559 2820 dicere,
2593 2764 2652 2809 ut
2678 2751 2936 2807 velt-citas
2977 2749 3315 2804 transeuntis

1741 2868 1962 2908 sensum
1994 2849 2290 2920 cogitantis
2315 2846 2633 2902 excederet.
2664 2841 2818 2910 Quod
2867 2849 2924 2896 et
2968 2840 3022 2894 in
3051 2839 3159 2894 alio
3192 2838 3314 2893 loco

1742 2945 1985 3017 ejusdem
2019 2943 2170 2998 verbi
2206 2940 2542 3013 prOprietate
2567 2935 2803 3007 signavit
2843 2953 2855 2989 :
2893 2930 3015 2987 Scio
3053 2931 3314 2984 hominem

1739 3038 1795 3090 in
1819 3033 2030 3089 Christo
2057 3042 2180 3086 ante
2210 3046 2377 3085 annos
2403 3026 2820 3098 quatuordecim,
2851 3025 2956 3078 sive
2985 3024 3038 3076 in
3065 3034 3316 3090 corpore,

1744 3129 1938 3189 nescio,
1981 3123 2085 3177 sive
2120 3131 2271 3177 extra
2299 3135 2510 3189 corpus,
2543 3117 2737 3180 nescio,
2771 3114 2914 3168 Deus
2947 3111 3067 3178 scit,
3109 3119 3318 3179 raptum

1744 3213 2050 3269 istiusmodi
2078 3227 2241 3282 usque
2272 3209 2340 3262 ad
2368 3209 2581 3261 tertium
2615 3205 2820 3259 coelum.
2867 3198 2930 3253 Et
2973 3200 3083 3254 scio
3125 3199 3319 3269 hujus-

1746 3305 1887 3360 modi
1911 3305 2197 3368 hominem,
2239 3302 2344 3354 siue
2382 3299 2435 3351 in
2486 3310 2730 3365 corpore,
2769 3294 2877 3346 sive
2913 3300 3065 3345 extra
3106 3304 3318 3358 corpus,

1744 3400 1938 3462 nescio,
1972 3397 2110 3450 Deus
2149 3395 2270 3458 scit,
2303 3393 2426 3460 quia
2465 3400 2647 3457 raptus
2692 3397 2766 3440 est
2810 3386 2866 3439 in
2908 3381 3237 3452 paradisum.
3267 3388 3317 3432 et

1744 3493 1944 3547 audivit
1965 3491 2119 3545 verba
2159 3484 2454 3556 ineﬂ'abilia
2472 3497 2588 3551 qua:
2614 3496 2715 3532 non
2733 3479 2852 3531 licet
2875 3472 3229 3543 hominiloqui
3247 3470 3316 3523 ⁸³.

1739 3585 1846 3640 Alii
1886 3584 2031 3638 enim
2064 3579 2435 3651 proﬁcientes,
2466 3583 2539 3636 et,
2575 3582 2634 3624 ut
2662 3572 2732 3624 ita
2767 3570 2962 3630 dicam,
3006 3564 3318 3634 gradientes

1738 3682 1806 3736 ad
1849 3679 2054 3746 majora
2082 3673 2430 3732 crescebant,
2462 3669 2634 3722 donec
2667 3665 2880 3724 tierent,
2907 3662 3066 3730 juxta
3093 3657 3146 3712 id
3171 3656 3318 3726 quod

1740 3774 2004 3840 scriptum
2040 3776 2144 3828 est,
2187 3763 2366 3831 magni
2423 3757 2571 3814 ualde
2625 3756 2779 3806 nimis
2822 3753 2866 3784 ³³
2905 3767 2921 3814 ;
2957 3764 3013 3805 et
3050 3751 3317 3818 quosdam

1741 3863 1793 3917 in
1826 3861 2028 3915 CtBltlttt
2075 3863 2386 3920 assumptus
2430 3848 2684 3917 legimus.
2735 3842 2934 3896 Paulus
2987 3850 3168 3893 autent
3221 3852 3319 3892 vus

1739 3949 2023 4009 electionis
2049 3949 2102 4001 iu
2128 3931 2348 4000 tertium
2394 3936 2594 3994 coelum
2647 3945 2835 4002 raptus
2864 3931 3128 3993 ascendit,
3161 3937 3215 3982 et
3239 3928 3320 3981 id-

1744 4047 1894 4100 circo
1927 4040 2139 4095 audivit
2166 4037 2334 4092 verba
2371 4025 2687 4087 ineffabilia.
2721 4027 3000 4094 Quomodo
3049 4032 3233 4076 autem
3261 4021 3318 4076 hi

1742 4136 1835 4208 qui
1878 4133 2161 4203 rapiuntur
2199 4129 2256 4182 in
2303 4125 2552 4187 nubibus,
2594 4123 2879 4190 rapiantur
2916 4115 3120 4170 obviam
3163 4112 3320 4167 Chri-

1745 4239 1827 4282 sto
1850 4227 1920 4292 ",
1950 4221 2265 4293 diligentius
2310 4219 2789 4286 contemplandum
2819 4222 2920 4267 est.
2971 4209 3184 4264 Scimus
3212 4221 3316 4259 nn-

1742 4319 1837 4372 bes
1867 4317 2184 4388 prOphetas,
2217 4312 2408 4380 quibus
2445 4306 2702 4377 praecepit
2731 4302 2930 4358 Deus"
2963 4312 3028 4353 ne
3066 4297 3318 4368 pluerent

1742 4425 1904 4480 super
1933 4407 2186 4462 lsraelem
2225 4405 2478 4463 imbrem,
2511 4401 2728 4469 quando
2764 4395 3124 4460 impleverunt
3155 4404 3314 4442 men-

1745 4517 1930 4558 Suram
1962 4505 2172 4568 patrum
2207 4509 2428 4547 suorum
2459 4491 2526 4553 ’“,
2561 4502 2615 4544 et
2648 4491 2786 4541 facta
2817 4499 2900 4540 est
2947 4484 3031 4536 lex
3079 4491 3135 4536 et
3185 4496 3313 4550 pro—

1668 4601 1713 4656 D
1748 4595 1930 4663 pheta:
1970 4603 2142 4656 usque
2201 4585 2267 4637 ad
2319 4581 2586 4637 Joannem
2641 4580 2940 4649 Daptistatn
2983 4575 3048 4630 ".
3094 4574 3159 4625 Et
3189 4572 3316 4640 quia

1748 4687 1886 4740 Deus
1928 4680 2112 4750 posuit
2138 4680 2190 4731 in
2215 4675 2456 4731 Ecclesia
2489 4672 2722 4742 primum
2753 4666 3049 4738 apostolos,
3076 4664 3316 4718 secundo

1749 4761 2044 4846 prophetas
2070 4770 2138 4838 ’³,
2173 4784 2281 4824 non
2331 4766 2506 4822 solum
2543 4761 2840 4832 prophetae,
2877 4759 2972 4813 sed
2996 4765 3053 4812 et
3085 4755 3317 4824 apostoli

1745 4869 1916 4922 nubes
1966 4858 2315 4933 intelligendi
2353 4865 2499 4913 sunt.
2541 4854 2750 4924 Siquis
2802 4852 2968 4924 igitur
3004 4849 3212 4919 rapitur
3246 4849 3323 4901 ad

1739 4962 2042 5025 Christum,
2073 4953 2320 5012 ascendit
2356 4965 2522 5020 super
2560 4948 2731 5003 nubes
2756 4945 2888 5015 legis
2923 4952 2980 4999 et
3015 4940 3323 5013 Evangelii,

1741 5068 1905 5124 super
1939 5053 2234 5124 prophetas
2263 5057 2318 5104 et
2350 5043 2625 5115 apostolos
2649 5061 2666 5110 -,
2688 5052 2743 5096 et
2772 5030 3070 5108 assumptis
3099 5035 3200 5090 alis
3223 5049 3320 5089 co-

1739 5148 1958 5214 lunibze,
2010 5157 2311 5211 eorumque
2363 5138 2607 5200 doctrina
2672 5135 2740 5190 ad
2790 5132 3002 5189 excelsa
3047 5129 3311 5192 sublatus,

1739 5242 2004 5304 occurrit,
2059 5252 2166 5293 non
2209 5236 2487 5296 deorsum,
2522 5232 2616 5284 sed
2662 5228 2715 5282 in
2770 5239 2917 5291 aere,
2952 5232 3010 5278 et
3040 5220 3312 5295 spirituali

1738 5332 2098 5404 intelligentia
2162 5326 2597 5397 Scripturarum.
2667 5319 2973 5376 Occurrens
3025 5325 3204 5368 autem
3257 5314 3310 5367 iu

1743 5428 2134 5501 spiritualibus,
2184 5433 2242 5479 et
2301 5432 2517 5478 terrena
2581 5413 2882 5504 dimittens,
2946 5409 3062 5466 sive
3105 5407 3198 5463 ille
3242 5406 3290 5462 si

150 5613 201 5644 "
249 5610 269 5665 l
316 5611 444 5670 Cor.
492 5628 582 5679 xv,
622 5612 716 5677 20,
765 5609 860 5677 2|,
906 5609 997 5674 51,
1048 5608 1259 5679 52.η⁷⁸
1282 5607 1491 5679 Ephes,
1531 5607 1630 5679 v,_l

1768 5606 1813 5638 ⁷⁹
1841 5603 2198 5679 ξεαιεωειιι,
2222 5592 2357 5679 2.4-,
2377 5592 2436 5679 5ς
2509 5587 2596 5642 “‘l
2628 5585 2932 5679 121388.35.
2942 5585 3038 5679 ιδ.
3093 5584 3313 5679 _"_ibi.d.

52 5680 96 5714 ι’
129 5655 270 5738 ibid:
297 5655 413 5738 ι’ἑῗ
429 5655 444 5669 ’
460 5655 716 5738 οῖὶόηέῗ
757 5655 876 5747 ἷιῖ,
902 5655 997 5736 Si:
1048 5655 1498 5741 πίιωιιιῗπῖζὲ
1524 5655 1554 5747 ;ί
1571 5655 1634 5747 it}

1765 5692 1804 5741 ι,
1843 5655 2197 5747 Silii}.ch
2227 5655 2755 5747 tti,i;_ioan;nt,'25.
2831 5655 2876 5688 ⁸⁸
2919 5656 3020 5747 lsa.
3058 5655 3223 5747 ιπηςὸ,

54 5798 380 5878 “Tritis;
408 5798 502 5889 'i'v,
538 5798 952 5880 16:"55'ti'ciii'.
977 5798 1277 5889 magis;
1294 5798 1547 5874 "Vden.
1571 5798 1634 5874 xi

1753 5798 1838 5873 l3.
1869 5798 1958 5846 ﬁ’"
1984 5798 2264 5874 [Ἤιδειν.
2300 5807 2382 5861 16.
2459 5805 2505 5838 ⁸⁵
2531 5803 2651 5858 lsai.
2678 5803 2798 5866 v,6.
2874 5799 2921 5831 “
2943 5798 3131 5852 Matth.
3157 5810 3343 5862 XI"|,,,_

58 5893 136 5950 se.
215 5892 484 5980 "Matth.
559 5891 748 5960 xt,l3.
823 5889 1325 5964 "Ephes.tv,tl.
