3812 6540
499 413 642 471 1505

1773 417 2098 480 ORIGENIS
2135 419 2564 484 FRAGIIENTA

3625 427 3730 483 1301

492 533 795 603 dormiens,
822 533 938 592 sive
982 535 1047 591 in
1083 535 1299 594 Christo
1341 547 1607 604 mortuus,
1650 538 1772 596 sive»
1798 540 1989 597 vivens
2015 551 2071 597 et
2100 548 2145 608 Α
2173 543 2298 614 erit,
2330 552 2386 600 et
2418 542 2730 614 perfruetur
2761 539 2940 606 Verbo
2992 541 3114 608 Dei,
3163 551 3221 600 et
3269 539 3575 612 sapientia,
3612 545 3728 597 veri-

491 628 552 682 ta
594 623 742 684 illius
773 626 1122 697 prasentiam
1171 639 1506 696 reservatus,
1553 645 1773 702 semper
1821 647 1943 689 cum
1973 631 2068 689 illo

2176 643 2308 702 tate,
2343 647 2508 708 atque
2526 634 2767 705 iustitia.

497 777 3722 807 MM

1195 935 1307 998 EX
1341 935 1580 999 LIBRO
1611 935 1994 1000 ORIGENIS
2024 934 2105 998 IN
2130 936 2594 1001 EPISTOLAM
2624 938 2735 999 AD
2761 937 3043 1001 TITUM.

559 1102 641 1160 De
659 1099 720 1159 eo
735 1103 964 1174 capitulo
991 1104 1045 1158 in
1078 1121 1182 1174 quo
1203 1105 1333 1158 dicit
1359 1102 1639 1173 Apostolus
1655 1115 1676 1156 :
1701 1121 1722 1157 t
1748 1101 2069 1174 Haereticum
2102 1102 2368 1161 hominem
2406 1112 2524 1170 post
2549 1119 2707 1158 imam
2733 1103 3110 1174 correptionem
3135 1100 3331 1168 devita,
3366 1102 3542 1156 sciens
3566 1100 3676 1171 quia

1224 1172 1494 1244 perversae
1512 1183 1610 1241 est,
1642 1184 1690 1232 et
1711 1182 1912 1246 peccat,
1940 1173 2118 1245 quiest
2139 1186 2457 1244 asemetrpso
2473 1175 2752 1236 damnatus
2782 1172 2895 1247 (90)
2931 1207 2954 1246 ,

2073 1341 2148 1354 .-

558 1493 766 1551 Nomeo
798 1495 1044 1560 haeresis,
1080 1505 1344 1565 quantum
1395 1510 1498 1564 ego
1527 1495 1935 1565 deprehendere
1963 1508 2064 1565 po-
2094 1497 2138 1553 Β
2171 1504 2297 1546 eum
2334 1490 2562 1555 fecerat,
2599 1498 2659 1544 ut
2688 1486 2934 1543 mitteret
2974 1484 3172 1542 Filium
3227 1499 3396 1541 suum
3445 1484 3516 1538 ad
3571 1483 3729 1539 mundi

487 1590 586 1654 tui,
620 1589 785 1645 etiam
816 1589 867 1643 in
895 1589 1132 1658 Epistola
1164 1590 1231 1644 ad
1259 1589 1572 1645 Corinthios
1607 1587 1929 1659 designatur
1963 1588 2066 1643 hoc

485 1681 677 1737 modo:
707 1679 922 1748 Oportet
935 1683 1071 1736 enim
1089 1682 1312 1737 hwreses
1335 1697 1471 1746 esse,
1496 1681 1772 1750 utprobati
1797 1679 2065 1749 manifesti

485 1767 616 1841 ﬁant
659 1772 796 1827 inter
823 1789 912 1827 vos
939 1773 978 1826 ί.
1012 1773 1074 1826 Ει
1102 1772 1297 1827 iterum
1331 1771 1401 1824 ad
1431 1771 1676 1834 Galatas,
1711 1769 1858 1824 inter
1899 1782 2062 1839 opera

483 1863 668 1918 carnis
703 1864 924 1926 haeresis
941 1879 1160 1934 quoque
1191 1879 1388 1919 nomen
1424 1863 1741 1930 ascribitur,
1771 1861 1920 1917 sicut
1945 1861 2060 1917 ait:

483 1954 775 2026 Manifesta
800 1967 977 2010 autem
1001 1967 1122 2010 sunt
1157 1971 1313 2024 opera
1345 1956 1544 2018 carnis,
1579 1970 1698 2022 qua:
1733 1963 1857 2010 sunt
1887 1952 2061 2024 forni-

479 2048 640 2114 catio,
669 2047 1029 2114 immunditia,
1064 2048 1412 2116 impudicitia,
1430 2047 1756 2111 idololatria,
1785 2047 2061 2113 veneﬁcia,

479 2139 800 2206 initnicitiw,
866 2142 1247 2206 contentiones,
1312 2141 1694 2204 aemulationes,
1741 2140 1859 2204 ine,
1906 2143 2060 2211 νίκας,

480 2231 786 2296 discordite,
803 2231 1048 2297 hamus,
1063 2233 1362 2302 ebrietates,
1378 2235 1811 2301 comessationes,
1825 2245 1872 2288 et
1890 2235 1972 2288 his
1987 2235 2062 2288 si-

482 2321 652 2386 milia,
675 2339 792 2392 quae
807 2324 1036 2389 pra’dico
1056 2325 1221 2391 vobis,
1235 2326 1484 2395 quoniam
1504 2326 1594 2396 qui
1623 2324 1750 2380 talia
1769 2334 1957 2397 agunt,
1971 2342 2058 2381 re-

479 2427 639 2480 gnum
687 2411 786 2466 Dei
807 2428 912 2467 non
950 2414 1291 2482 possidebunt
1311 2416 1352 2470 ².
1376 2414 1482 2470 Per
1515 2429 1637 2486 quae
1675 2418 2058 2486 cognoscimus

479 2505 758 2569 quoniam,
804 2505 948 2558 sicut
995 2505 1048 2559 hi
1073 2506 1164 2574 qui
1197 2506 1674 2572 fornicatiooibus,
1711 2507 1794 2564 vel
1825 2508 2058 2566 immun-

478 2595 650 2660 ditiis,
671 2605 834 2666 atque
861 2596 1231 2668 impudicitiis,
1253 2608 1308 2654 et
1327 2599 1594 2655 idolorum
1625 2600 1859 2658 cultibus
1875 2618 2059 2658 macu-

478 2689 572 2744 .ati
605 2698 753 2754 sunt,
783 2705 1007 2760 regnum
1028 2689 1118 2745 Dei
1152 2707 1257 2746 non
1284 2691 1660 2762 possidebunt,
1702 2693 1773 2749 ita
1793 2703 1849 2750 et
1873 2695 1927 2750 hi
1960 2695 2054 2768 qui

475 2777 531 2835 in
582 2779 833 2836 hmresim
877 2781 1290 2837 declinaveriut.
1338 2781 1526 2853 Neque
1563 2785 1711 2839 enim
1753 2785 2052 2856 putandum

477 2880 565 2924 cst
599 2870 729 2926 tanti
755 2869 999 2940 Apostoli
1030 2882 1136 2925 tam
1172 2851 1478 2949 absolutam
1539 2851 1863 2929 sententiam
1894 2888 2054 2944 posse
2081 2851 2124 2908 θ

474 2961 584 3015 ullo
605 2975 804 3030 genere
830 2961 1106 3020 vacillare.
1137 2961 1430 3032 Apostolus
1477 2962 1625 3016 enim
1676 2971 1761 3018 est
1809 2963 2053 3021 omnium

473 3051 840 3113 ECclesiarum
877 3051 1110 3118 Christi,
1149 3069 1253 3107 non
1279 3053 1343 3106 ab
1376 3053 1605 3120 homine,
1640 3070 1804 3125 neque
1836 3072 1927 3126 per
1959 3056 2055 3111 ho-

473 3147 690 3223 minem,
724 3147 817 3201 sed
861 3163 953 3216 per
990 3145 1176 3201 Iesum
1217 3144 1505 3215 Christum,
1541 3156 1592 3202 et
1636 3147 1806 3204 Deum
1837 3149 2053 3205 Patrem

471 3239 679 3294 electus
705 3239 748 3292 ⁸.
790 3239 954 3312 695
1002 3239 1294 3309 Propterea
1333 3256 1487 3310 ergo,
1529 3243 1826 3297 secutnlum
1869 3254 2052 3298 aucto-

472 3333 689 3386 ritatem
714 3332 998 3388 sententia:
1037 3332 1226 3401 ipsius,
1251 3344 1470 3402 oportet
1510 3350 1632 3399 nos,
1663 3335 1808 3390 sicut
1842 3336 2050 3405 reliqua

472 3423 614 3482 mala
635 3439 757 3494 quae
786 3425 1116 3490 numeravit,
1143 3426 1215 3479 ita
1239 3427 1402 3480 etiam
1435 3441 1629 3482 nomen
1655 3428 1878 3484 haeresis
1911 3430 2052 3485 devi-

474 3521 616 3580 tarc,
645 3527 820 3584 neque
837 3527 960 3569 cum
990 3512 1187 3570 talibus
1216 3514 1481 3572 orationis
1513 3519 1776 3574 societate
1807 3522 2045 3577 misceri.

472 3620 541 3676 Et
575 3630 690 3693 post
727 3622 840 3678 lucc
867 3623 1053 3692 paucis
1083 3622 1396 3747 qrtibétsdtt‘m
1429 3642 1523 3695 per
1558 3629 1789 3684 medium
1836 3631 2048 3687 insertis

1159 3711 1190 3747 a
1236 3710 1329 3747 ieci
1361 3734 1376 3747 .

1159 3710 1376 3763 anecu.

541 3783 682 3852 Quid
720 3799 850 3840 vero
878 3785 952 3841 sit
993 3785 1281 3843 haereticus
1331 3787 1516 3855 homo,
1569 3804 1669 3860 pro
1698 3791 1908 3848 viribus
1947 3809 2045 3848 no-

472 3879 604 3933 stris
658 3879 960 3934 secundum
1002 3879 1144 3950 quod
1183 3880 1391 3937 sentire
1422 3896 1734 3952 possumus,
1768 3885 2047 3941 describa~

471 3981 616 4024 mus.
655 3968 844 4026 Omnis
877 3969 972 4040 qui
1006 3984 1067 4026 se
1113 3971 1333 4027 Christo
1375 3974 1602 4030 credere
1643 3975 1958 4042 conﬁtetur,
1991 3987 2047 4032 et

472 4069 651 4115 tamen
684 4061 852 4117 "alium
901 4062 1072 4117 Deum
1114 4063 1249 4135 legis
1298 4073 1354 4121 et
1412 4068 1822 4136 prophetarum,
1875 4069 2044 4126 alium

471 4150 891 4223 Evangeliorum
943 4152 1114 4208 Deum
1145 4154 1297 4223 dicit,
1352 4166 1409 4212 et
1451 4157 1668 4213 Patrem
1705 4161 1915 4216 Domini
1947 4177 2044 4218 no-

472 4244 570 4297 stri
605 4241 732 4299 Jesu
765 4244 971 4302 Christi
997 4260 1104 4300 non
1153 4260 1277 4302 eum
1319 4247 1453 4302 dicit
1485 4247 1606 4304 esse
1644 4251 1735 4319 qui
1778 4268 1809 4305 a
1844 4251 1961 4323 lege
1988 4261 2044 4308 et

473 4333 756 4406 prophetis
786 4331 1136 4405 praedicatur,
1160 4337 1256 4392 sed
1289 4337 1458 4392 alium
1483 4341 1671 4396 nescio
1705 4356 1865 4410 quem
1895 4344 2046 4413 igno-

467 4437 586 4482 tum
614 4427 870 4481 omnibus
899 4435 1064 4499 atque
1091 4427 1341 4484 omnibus
1371 4431 1696 4498 inauditum,
1733 4432 2043 4504 hujusmodi

466 4515 715 4572 homines
745 4517 1035 4573 haereticos
1063 4518 1432 4589 desigoamus,
1460 4522 1757 4590 quamlibet
1784 4526 1950 4580 variis
1979 4541 2044 4582 ac

470 4609 705 4665 diVersis
738 4619 792 4664 et
817 4608 1079 4665 fabulosis
1109 4613 1439 4668 concinnent
1463 4616 1564 4670 ista
1589 4617 1878 4688 figmentis,
1903 4619 2045 4675 sicut

471 4709 777 4755 sectatores
826 4699 1140 4766 Marcionis,
1176 4709 1230 4758 et
1256 4700 1556 4772 Valentini,
1586 4717 1640 4760 et
1686 4705 1957 4769 Basilidis.
1985 4719 2041 4764 et

467 4791 523 4848 hi
559 4793 648 4863 qui
685 4808 743 4848 se
766 4792 1068 4852 Tethianos
1091 4793 1388 4864 appellant.
1423 4794 1532 4852 Sed
1561 4804 1617 4854 et
1643 4797 1882 4870 Apelles,
1913 4800 2043 4857 licet

469 4896 578 4937 non
618 4882 874 4939 omnibus
926 4883 1103 4940 modis
1135 4882 1231 4939 Dei
1273 4899 1395 4941 esse
1451 4886 1682 4958 deneget
1737 4888 1911 4962 legem
1955 4893 2039 4947 vel

469 4974 783 5043 prophetas,
841 4982 1022 5032 tamen
1075 4982 1133 5031 et
1189 4975 1306 5047 ipse
1357 4976 1652 5035 hazreticus
1700 4980 2036 5053 designatur,

466 5064 727 5133 quoniam
768 5065 1060 5121 Dominum
1115 5067 1262 5125 hunc
1295 5069 1392 5140 qui
1429 5071 1688 5128 mundum
1725 5073 1919 5142 edidit,
1970 5076 2035 5130 ad

464 5153 695 5224 gloriam
747 5156 973 5214 alterius
1025 5159 1253 5230 ingeniti
1303 5173 1360 5218 et
1410 5162 1537 5220 boni
1585 5165 1680 5221 Dei
1735 5181 1858 5222 eum
1903 5182 2038 5224 con-

2171 1583 2255 1638 sui
2298 1581 2712 1638 correctionem.
2772 1580 2841 1635 Et
2895 1579 2943 1636 si
2999 1579 3222 1650 quidem
3274 1577 3368 1633 hic
3415 1577 3730 1633 solummodo

2171 1674 2262 1745 Qui
2291 1675 2358 1728 de
2390 1673 2498 1727 Deo
2525 1671 2687 1726 Patre
2717 1671 2880 1724 aliter
2905 1671 3074 1725 sentit
3105 1684 3271 1739 quam
3309 1666 3502 1738 regula
3537 1669 3731 1736 pietatis

2169 1767 2439 1838 exposcit,
2473 1766 2762 1820 haereticus
2803 1764 3088 1819 habendus
3106 1771 3276 1826 esset,
3312 1760 3596 1816 euinceret
3637 1759 3726 1814 uti-

2168 1877 2276 1933 que
2335 1861 2481 1931 quod
2533 1861 2781 1931 superius
2822 1860 3030 1915 dictum
3084 1868 3190 1914 est.
3243 1857 3353 1914 Sed
3403 1871 3552 1912 nunc
3588 1872 3731 1910 unum

2168 1962 2334 2024 atque
2365 1953 2507 2009 idem
2543 1953 2872 2010 credendum
2901 1961 2986 2008 est
3023 1951 3188 2006 etiam
3215 1953 3286 2007 de
3314 1966 3386 2007 eo
3419 1949 3516 2019 qui
3552 1949 3618 2004 de
3639 1948 3729 2003 Do.

2170 2047 2317 2102 mino
2351 2057 2538 2102 nostro
2569 2044 2696 2102 Jesu
2723 2045 2944 2102 Christo
2969 2044 3090 2101 falsi
3118 2044 3322 2114 aliquid
3355 2042 3732 2102 senseriusive

2168 2142 2466 2195 secundum
2496 2155 2591 2194 eos
2619 2139 2713 2208 qui
2745 2139 2935 2196 dicunt
2967 2155 3092 2195 eum
3137 2153 3202 2194 ex
3247 2135 3453 2205 Ioseph
3495 2146 3552 2189 et
3583 2133 3728 2188 Iaria

2168 2240 2378 2296 natum,
2412 2232 2556 2288 sicut
2603 2242 2732 2287 sunt
2777 2231 3046 2288 Ebionitte
3090 2240 3148 2286 et
3179 2231 3593 2294 Valentiniani;
3630 2229 3730 2283 sive

2166 2325 2463 2381 secundum
2500 2339 2597 2381 eos
2634 2325 2728 2394 qui
2781 2324 3208 2397 primogenitum
3255 2339 3385 2381 eum
3426 2331 3647 2390 negant,
3686 2331 3733 2374 et

2168 2414 2338 2470 totius
2368 2425 2639 2472 creaturae
2669 2416 2864 2484 Deum,
2912 2425 2971 2472 et
3004 2413 3263 2480 Verbum,
3310 2424 3368 2470 et
3407 2412 3729 2483 Sapientiam

2165 2519 2285 2576 quae
2313 2516 2397 2562 est
2443 2506 2657 2562 initium
2684 2507 2898 2563 viarum
2937 2506 3035 2564 Dei
3075 2519 3372 2580 antequam
3421 2506 3632 2576 aliquid
3657 2506 3733 2558 tie-

2166 2605 2268 2666 ret,
2289 2608 2416 2656 ante
2440 2599 2638 2656 saecula
2665 2599 2972 2667 fundatam,
3002 2612 3171 2671 atque
3201 2611 3331 2656 ante
3361 2611 3564 2654 omnes
3584 2594 3730 2651 miles

2162 2703 2479 2763 generatam
2513 2693 2575 2761 ις
2614 2694 2709 2750 sed
2758 2694 3032 2750 hominem
3077 2693 3254 2750 solum
3281 2706 3410 2749 eum
3442 2691 3729 2747 dicentes:

2161 2785 2246 2842 vel
2275 2786 2570 2842 secundum
2598 2801 2693 2844 eos
2719 2786 2812 2858 qui
2859 2788 3029 2844 Deum
3055 2787 3277 2857 quidem
3307 2797 3436 2841 eum
3465 2781 3729 2846 fateatur,

2162 2889 2268 2930 non
2303 2884 2486 2931 tamen
2515 2875 2882 2947 assumpsisse
2922 2877 3161 2931 animam
3211 2885 3528 2944 corpusque
3572 2881 3731 2928 terre-

2161 2979 2288 3018 num
2344 2981 2358 3017 :
2410 2962 2505 3038 qui
2550 2966 2652 3020 sub
2683 2965 2868 3036 specie
2894 2965 3051 3038 quasi
3099 2964 3381 3036 amplioris
3411 2962 3607 3035 gloria
3637 2959 3730 3015 Do-

2162 3055 2309 3110 mino
2338 3054 2474 3112 Jesu
2490 3037 2833 3122 deferendae,
2863 3056 3045 3112 omnia
3071 3070 3196 3126 quae
3221 3053 3293 3110 ab
3315 3069 3384 3110 eo
3411 3063 3569 3125 gesta
3592 3061 3726 3113 subl.

2159 3147 2274 3202 visa
2307 3149 2422 3218 geri
2469 3149 2643 3220 magis
2691 3163 2857 3218 quam
2904 3163 3032 3203 vere
3070 3155 3223 3219 gesta
3263 3159 3385 3204 esse
3425 3156 3725 3202 testantur:

2159 3239 2363 3308 quique
2393 3254 2493 3296 nec
2526 3239 2594 3296 de
2621 3241 2834 3311 virgine
2863 3249 3050 3295 natum
3083 3241 3350 3306 fatentur,
3385 3236 3483 3292 sed
3523 3237 3726 3308 triginta

2158 3347 2426 3386 annorum
2472 3333 2654 3387 virum
2707 3347 2834 3387 eum
2889 3333 3211 3403 apparuisse
3255 3331 3313 3386 in
3365 3327 3581 3386 Judaa.
3632 3329 3728 3384 Alii

2159 3437 2288 3477 vero
2325 3437 2392 3477 ex
2424 3423 2639 3492 virgine
2661 3422 2879 3495 quidem
2910 3436 3040 3478 eum
3063 3420 3296 3477 credunt
3324 3434 3446 3476 esse
3475 3420 3728 3490 progeni-

2159 3522 2270 3569 tum
2297 3531 2314 3581 ;
2351 3513 2448 3570 sed
2472 3523 2696 3584 putasse
2719 3528 2779 3568 se
2808 3513 2982 3584 magis
3011 3513 3276 3582 virginem
3304 3511 3726 3584 peperissem»-

2159 3616 2339 3662 tamen
2379 3620 2508 3662 vere
2546 3606 2826 3678 peperisse
2851 3608 3204 3663 conﬁrmant.
3233 3605 3485 3661 Latuisse
3533 3604 3725 3675 quippe

2153 3699 2321 3752 etiam
2353 3698 2624 3769 virginem
2666 3697 2924 3768 putativm
2946 3697 3317 3768 generationis
3344 3705 3605 3751 asserunt
3643 3710 3723 3749 sa-

2154 3801 2516 3848 cramentum.
2567 3791 2672 3860 Qui
2720 3792 2998 3863 quomodo
3027 3806 3144 3868 non
3180 3790 3251 3846 ab
3283 3788 3534 3844 Ecclesia
3580 3788 3726 3857 longe

2154 3883 2387 3953 ponendi
2438 3895 2588 3948 sunt,
2627 3899 2754 3940 cum
2804 3881 3128 3954 philarchias
3170 3882 3363 3937 morbo
3409 3879 3724 3951 languentes

2154 3975 2407 4046 dogmata
2438 3974 2759 4041 statuerint,
2804 3974 3009 4044 quibus
3047 3973 3116 4028 ad
3145 3987 3304 4028 suum
3337 3987 3543 4030 nomen
3569 3971 3724 4027 disci-

2153 4067 2309 4137 pulos
2335 4068 2715 4124 declinarentt
2767 4067 2875 4124 Sed
2921 4076 2978 4122 et
3027 4081 3124 4124 eos
3154 4067 3246 4138 qui
3290 4067 3572 4122 hominem
3619 4064 3723 4136 (94)

2155 4156 2341 4211 dicunt
2375 4155 2667 4212 Dominum
2699 4155 2884 4214 Jesum
2921 4158 3314 4228 praecognitum
3346 4163 3405 4210 et
3441 4155 3722 4224 praedesti-

2157 4239 2366 4316 natum,
2413 4250 2506 4319 qui
2537 4259 2666 4306 ante
2715 4249 3004 4305 adventum
3045 4247 3325 4305 carnalem
3353 4247 3722 4302 substantiali-

2153 4349 2238 4397 ter
2264 4351 2317 4396 et
2345 4342 2567 4414 proprie
2598 4356 2706 4397 non
2737 4341 3031 4409 exstiterit,
3052 4342 3148 4396 sed
3176 4340 3323 4411 quod
3357 4339 3521 4395 homo
3569 4349 3722 4394 natus

2152 4433 2331 4489 Patris
2356 4435 2530 4489 solam
2563 4434 2616 4488 in
2649 4447 2710 4488 se
2738 4433 2990 4489 habuerit
3020 4431 3302 4498 deitatem,
3345 4445 3416 4486 ne
3457 4431 3582 4488 illos
3609 4431 3723 4499 qui-

2149 4527 2274 4582 dem
2301 4527 2424 4580 sine
2470 4526 2712 4596 periculo
2747 4540 2871 4582 esse
2916 4524 3183 4581 Ecclesia:
3216 4537 3451 4586 numero
3479 4521 3676 4578 sociari
3703 4537 3716 4572 :

2148 4618 2294 4672 sicut
2335 4624 2390 4671 et
2438 4615 2561 4671 illos
2614 4614 2706 4686 qui
2748 4615 3132 4685 superstitiose
3181 4613 3357 4684 magis
3397 4627 3564 4682 quam
3599 4610 3720 4666 reli-

2148 4708 2321 4779 giose,
2353 4707 2432 4762 uti
2478 4722 2548 4762 ne
2599 4707 2892 4762 videantur
2935 4704 3075 4761 duos
3117 4704 3255 4762 deos
3295 4705 3501 4768 dicere,
3550 4713 3720 4771 neque

2151 4815 2364 4854 Iursum
2400 4814 2604 4870 negare
2632 4797 2932 4856 Salvatoris
2948 4796 3232 4863 deitatem,
3257 4810 3422 4852 unam
3450 4792 3719 4850 eamdem-

2148 4906 2256 4960 que
2281 4891 2691 4947 subsistentiam
2714 4889 2899 4946 Patris
2938 4903 3005 4946 ac
3036 4887 3160 4944 Filii
3191 4896 3529 4952 asseverant,
3559 4883 3613 4939 id
3639 4890 3718 4936 est

2145 4985 2253 5039 duo
2272 4985 2489 5053 quidem
2518 4983 2734 5038 nomina
2771 4982 3076 5038 secundum
3103 4979 3480 5034 diversitatem
3506 4991 3712 5033 causa-

2147 5093 2264 5131 rum
2292 5076 2671 5147 recipientem,
2700 5090 2861 5130 unam
2883 5082 3058 5127 tamen
3075 5072 3378 5127 ὑπόστασιν
3400 5069 3713 5132 subsistere,

2146 5169 2334 5234 idest,
2383 5185 2548 5224 unam
2604 5182 2892 5239 personam
2930 5167 3149 5220 duobus
3187 5165 3506 5220 nominibus
3535 5159 3716 5227 Subit-

463 5245 727 5302 struxisse
762 5248 1082 5319 pronuntiat
1111 5266 1127 5306 :
1153 5251 1302 5306 illum
1319 5262 1497 5309 autem
1539 5253 1838 5326 ingenitum
1865 5257 2034 5314 Deum
2143 5271 2380 5327 centeni,
2407 5262 2498 5330 qui
2540 5259 2736 5315 Latine
2783 5257 3174 5328 Patripassiani
3206 5255 3571 5326 appellantur.
3609 5250 3710 5306 Sed

467 5339 518 5390 in
551 5340 1021 5397 consummatione
1059 5343 1239 5398 saeculi
1283 5345 1496 5401 misisse
1533 5346 1720 5404 Jesum
1754 5347 2033 5406 Christum
2141 5366 2194 5410 et
2219 5355 2263 5411 si
2293 5356 2386 5426 qui
2417 5354 2662 5424 suntqui
2698 5353 2961 5424 Spiritqu
3005 5360 3256 5412 sanetum
3296 5351 3462 5404 alium
3492 5348 3710 5418 quidem

463 5429 532 5481 ad
563 5431 1000 5487 emendationem
1035 5433 1243 5504 mundi,
1286 5445 1529 5508 rogatum
1571 5437 1641 5495 ab
1680 5455 1746 5497 eo
1795 5440 1905 5498 Deo
1939 5448 2031 5515 qui
2144 5449 2328 5504 dicant
2356 5462 2475 5503 esse
2505 5447 2596 5517 qui
2631 5445 2732 5502 fuit
2766 5445 2822 5500 in
2867 5444 3175 5516 prOpbetis,
3207 5442 3374 5497 alium
3407 5450 3590 5497 autem
3618 5440 3710 5512 qui

537 5571 582 5605 ”
620 5571 729 5628 Tit.
767 5589 854 5641 tu,
894 5576 984 5644 i0,
1015 5579 1102 5635 Η.
1177 5581 1193 5612 ⁸
1217 5579 1240 5634 l
1264 5580 1389 5638 Cor.
1417 5599 1494 5651 at,
1515 5584 1605 5641 l9.
1679 5583 1898 5642 'Galat.
1921 5603 1979 5656 v,
2009 5588 2194 5645 19-21.
2273 5591 2488 5648 ‘Galat.
2517 5606 2557 5660 ι,
2590 5591 2642 5646 l.
2717 5599 2740 5624 ο
2766 5589 2926 5646 Prov.
2959 5583 3190 5660 γυιάς,
3226 5585 3321 5652 25,
3351 5583 3442 5642 26.

2139 5747 2528 5820 Bostrenorum
2569 5748 2809 5820 episcopi
2858 5749 2947 5820 hic
2997 5750 3250 5820 designat
3297 5746 3605 5820 Origene§,_
3634 5744 3702 5799 De

2139 5819 2551 5943 ii:u-ce5h:;::::si8
2563 5818 2686 5875 vide
2715 5817 2858 5890 quod
2877 5817 3511 5889 diximusVOrigeniunor.
3546 5817 3647 5875 lib.
3661 5828 3699 5880 I,

2138 5905 2263 5960 cap.
2339 5927 2353 5956 ,
2470 5925 2484 5941 .
2557 5925 2572 5942 .
2606 5947 2616 5960 ,

461 5734 647 5874 δέξο)
698 5735 775 5790 Es
823 5738 1080 5812 Apologia
1129 5741 1393 5814 Pamphili
1445 5743 1700 5814 martyris
1755 5761 1853 5819 pro
1905 5745 2028 5804 Ori-

533 5876 644 5941 (9li
675 5873 780 5933 Sed
825 5890 874 5937 et
929 5896 1016 5939 eos
1062 5882 1150 5940 aui
1188 5882 1470 5942 hominem.
1520 5885 1780 5944 Errorem
1826 5887 2028 5960 Berylli
