3796 6536
106 445 295 538 ’1505

1235 482 1302 539 IN
1338 483 1726 541 EPISTOLAM
1761 484 1857 540 AD
1895 481 2369 542 PHILEMONEM.

3259 488 3394 544 L306

155 597 251 652 fuit
276 597 332 651 in
366 598 624 667 apostolis
658 601 865 656 Domini
896 600 1065 657 nostri
1112 598 1239 657 Jesu
1286 602 1513 669 Christi,
1555 621 1722 660 unum
1748 610 1798 675 Α
1831 604 2033 669 bonum
2055 611 2141 661 est
2176 611 2236 663 et
2263 601 2436 674 potuit
2465 608 2521 659 et
2552 599 2757 661 debuit.
2790 601 2947 672 Quod
2977 604 3143 671 etiam
3178 605 3247 663 de
3278 607 3395 678 ipso

154 699 317 760 atque
365 691 512 746 idem
561 692 814 748 delictum
866 694 1160 765 impietatis
1214 696 1530 763 admittunt,
1575 700 1719 768 quod

154 780 248 847 illi,
296 782 414 853 qui,
449 793 711 852 quantum
744 784 798 839 in
827 799 887 840 se
934 795 1041 850 est,
1075 796 1326 842 naturam
1376 786 1608 844 Deitatis
1635 803 1724 844 se-

150 881 296 937 cant,
344 883 404 929 et
460 876 715 929 scindunt
774 892 939 932 unum
1006 878 1139 945 legis
1184 888 1239 935 et
1295 879 1718 949 Evangeliorum

153 960 341 1018 Deum.
379 963 487 1019 Sed
516 975 573 1021 et
611 966 685 1020 illi
717 966 809 1036 qui
850 984 955 1023 non
996 985 1185 1025 omnes
1215 970 1485 1026 humanas
1507 972 1721 1027 animas

151 1054 309 1110 unius
346 1057 704 1128 ejusdemque
727 1069 935 1114 natura
962 1060 1150 1116 dicunt
1177 1076 1303 1118 esse
1328 1063 1414 1117 vel
1462 1063 1722 1121 substan-

151 1147 257 1210 tiaz,
286 1150 385 1202 sed
414 1150 658 1204 diversas
693 1161 919 1206 naturas
949 1152 1277 1219 animarum,
1304 1154 1447 1209 inter
1472 1169 1567 1210 eas
1606 1156 1719 1212 lue-

155 1254 301 1294 reses
328 1245 648 1297 numerandi
671 1255 797 1299 sunt
820 1259 941 1314 qua:
973 1246 1313 1316 iniquitatem
1347 1248 1399 1303 in
1426 1248 1714 1305 Excelsum

148 1325 466 1397 loquuntur,
499 1340 553 1385 et
582 1331 901 1399 injustitiam
930 1334 1383 1406 iniquitatemque
1411 1338 1529 1405 ejus
1554 1354 1716 1394 accu-

148 1426 292 1472 sant.
336 1417 563 1474 Necnon
595 1432 649 1476 et
684 1421 758 1476 illi
790 1422 878 1491 qui
916 1422 1074 1478 liberi
1125 1425 1338 1480 arbitrii
1393 1438 1711 1497 potestatem

143 1524 207 1561 es
247 1509 538 1565 animabus
565 1510 780 1567 auferre
808 1504 1058 1568 nituntur
1095 1515 1241 1570 velut
1279 1518 1583 1587 perniciosa
1617 1524 1714 1576 do-

144 1608 351 1666 gmata,
403 1607 676 1658 communi
733 1604 987 1661 humanm
1029 1608 1177 1673 vitm,
1213 1618 1267 1664 et
1304 1611 1484 1666 virtuti
1537 1614 1712 1668 conti-

145 1692 342 1744 nentia:
375 1692 551 1748 labem
578 1696 869 1764 quamdam
901 1697 1107 1753 inferre
1150 1700 1427 1769 judicandi
1467 1714 1611 1768 sunt,
1643 1720 1711 1761 ne

144 1780 365 1835 humani
412 1787 675 1853 propositi
728 1803 817 1844 res
866 1797 1086 1858 putetur
1123 1794 1324 1848 bonum
1358 1796 1484 1866 quid
1514 1798 1598 1852 vel
1628 1796 1710 1853 fa-

144 1886 287 1936 cere,
319 1874 405 1928 vel
432 1877 731 1944 dicere,vel
767 1881 994 1949 sentire,
1022 1897 1089 1939 ea
1116 1899 1224 1956 quo
1247 1888 1315 1943 ad
1338 1897 1707 1961 contemptum

1823 693 2040 751 diabolo
2068 694 2412 757 sentiendum
2441 702 2545 759 est,
2575 693 2671 762 qui
2727 695 2779 750 in
2834 705 3127 764 conspectu
3173 697 3390 754 Domini

1820 784 2214 854 omnipotentis
2255 785 2586 851 describitur
2637 787 2903 843 restitisse
2928 789 2976 853 ',
3003 798 3061 851 et
3086 789 3394 846 deseruisse

1822 885 2025 931 statum
2053 892 2207 937 suum
2229 876 2282 930 in
2305 890 2413 947 quo
2434 875 2617 932 fuerat
2649 876 3025 936 immaculatus
3051 881 3177 953 :qui
3206 882 3393 951 utique

1820 967 2095 1038 potuisset
2134 967 2189 1024 in
2223 968 2325 1023 hoc
2359 977 2507 1023 statu
2538 968 2591 1023 in
2622 983 2732 1039 quo
2773 969 2843 1025 ab
2872 970 3023 1026 initio
3061 970 3186 1037 luit,
3220 986 3394 1041 usque

1820 1056 1891 1111 ad
1922 1057 2083 1113 tinent
2136 1073 2482 1128 perseverare
2523 1058 2569 1115 si
2617 1060 2898 1117 voluisset.
2938 1060 3293 1130 Designatus,
3335 1069 3394 1116 ut

1819 1149 2082 1215 arbitror,
2116 1150 2274 1205 nobis
2314 1160 2420 1216 est,
2456 1160 2619 1220 prout
2664 1153 2960 1222 poruirnns,
2991 1163 3048 1208 et
3084 1153 3391 1222 descriptus

1820 1240 1948 1309 quis
1975 1249 2030 1295 et
2062 1240 2238 1309 qualis
2263 1250 2408 1295 esset
2438 1241 2749 1306 haereticus,
2787 1250 2842 1295 et
2873 1257 3014 1312 quae,
3049 1240 3130 1297 vel
3170 1239 3224 1295 in
3269 1239 3391 1308 qui-

1822 1330 1923 1384 bus
1952 1329 2065 1396 ejus
2109 1330 2382 1400 dogmata,
2421 1328 2677 1397 falsaeque
2724 1330 3010 1400 opiniones
3062 1328 3385 1393 habeantur,

1821 1427 1876 1474 et
1900 1432 2018 1487 quae
2042 1418 2114 1485 sit
2145 1418 2525 1475 ecclesiasticae
2559 1418 2918 1475 observantiae
2943 1418 3173 1488 puritas.

2389 1511 2454 1565 Et
2489 1521 2604 1581 post
2635 1527 2823 1580 pauca.

1890 1600 2282 1671 Requisiertuit
2333 1617 2468 1660 sane
2497 1602 2714 1673 quidam
2763 1611 2945 1657 utrum
2998 1599 3270 1665 haeresim,
3318 1612 3386 1654 an

1816 1692 2057 1748 sehisnta
2093 1704 2341 1765 oporteat
2367 1696 2547 1752 vocari
2580 1710 2675 1750 eos
2697 1694 2787 1763 qui
2818 1693 3172 1764 Cataphrygze
3212 1691 3388 1746 nomi-

1817 1796 2038 1850 nantur,
2066 1787 2421 1844 observantes
2451 1788 2613 1846 falsos
2635 1792 2951 1861 prephetas,
2980 1798 3033 1842 et
3084 1787 3329 1841 dicentes
3365 1802 3381 1839 :

1826 1894 1845 1929 ι
1876 1875 1958 1933 Ne
1988 1879 2218 1934 accedas
2259 1881 2330 1937 ad
2365 1896 2473 1946 me,
2498 1883 2757 1947 quoniam
2801 1882 3033 1937 mundus
3080 1894 3199 1935 sum
3228 1896 3244 1934 :
3276 1893 3383 1933 non

143 1975 205 2015 ac
234 1964 622 2035 negligentiam
649 1971 815 2027 divini
846 1972 1035 2043 judicii
1061 1993 1215 2035 mens
1240 1979 1474 2036 humana
1507 1982 1701 2038 forma-

1826 1971 1958 2023 enim
1981 1970 2168 2038 accepi
2203 1987 2451 2038 uxorem,
2481 1989 2581 2029 nec
2604 1984 2686 2030 est
2710 1974 3016 2043 sepulcrum
3044 1983 3233 2041 patens
3257 1979 3384 2042 gnt-

140 2051 311 2107 bitur.
347 2052 433 2109 Sit
485 2068 665 2114 autem
713 2061 766 2115 in
806 2063 1179 2122 ecclesiastico
1218 2069 1410 2125 ordine
1443 2070 1610 2126 etiam
1646 2073 1717 2129 de

141 2152 493 2210 peccatorum
531 2150 810 2219 suppliciis
842 2154 994 2221 ﬁdes,
1020 2168 1076 2212 et
1108 2159 1174 2213 de
1219 2159 1307 2216 his
1341 2162 1433 2232 qui
1488 2165 1709 2231 praemia

140 2232 296 2289 bona;
316 2242 749 2299 conversationis
783 2257 838 2301 et
866 2247 991 2302 vitae
1017 2248 1068 2303 in
1100 2264 1264 2321 regno
1309 2253 1521 2308 Domini
1564 2255 1714 2323 justo

140 2324 258 2418 ejus
311 2325 522 2394 judicio
567 2337 835 2405 recepturi
873 2350 1020 2394 sunt.
1061 2340 1120 2396 Si
1174 2344 1300 2414 quia
1342 2360 1476 2418 ergo
1516 2350 1710 2405 horum

141 2415 350 2487 aliquid
397 2437 519 2490 qua:
574 2439 738 2496 supra
793 2433 1166 2501 exposuimus,
1237 2415 1573 2497 commutare
1626 2446 1709 2498 vel

141 2511 463 2569 subvertere
498 2529 751 2588 conatur,
785 2523 933 2579 velut
962 2541 1258 2595 perversus,
1287 2541 1345 2585 et
1370 2549 1402 2586 a
1435 2538 1711 2601 semetipso

135 2602 423 2663 damnatas
452 2610 473 2641 ⁵
503 2614 802 2672 secundum
852 2619 1177 2677 sententiam
1231 2625 1497 2694 Apostoli,
1545 2629 1709 2686 etiam

136 2712 166 2788 a
196 2699 355 2754 nobis
394 2714 665 2775 praecepto
704 2708 1134 2781 obsequentibus
1156 2715 1276 2788 ejus
1309 2718 1566 2777 similiter
1614 2723 1710 2780 ha-

135 2785 350 2843 bendus
379 2800 486 2846 est.
536 2793 790 2868 Designet
832 2808 1014 2856 autem
1055 2785 1490 2863 ecclesiasticum
1532 2810 1707 2865 virum

135 2894 258 2933 cum
289 2882 374 2936 his
400 2884 655 2942 omnibus
681 2903 801 2958 quae
833 2906 996 2962 supra
1027 2895 1403 2965 exposuimus,
1442 2899 1606 2955 etiam
1641 2902 1709 2958 de

133 2982 476 3029 mortuorum
534 2983 938 3039 resurrectione
987 2984 1140 3051 ﬁdes,
1202 2991 1270 3044 de
1314 3005 1420 3061 qua
1482 3004 1708 3051 sanctus

132 3063 411 3131 apostolus
433 3065 625 3123 Paulus
648 3068 723 3123 ita
744 3074 1114 3142 pronuntiat‘,
1140 3078 1292 3146 quia,
1331 3079 1378 3134 si
1404 3082 1527 3151 quis
1547 3094 1708 3155 negat

132 3157 591 3213 resurrectionem
650 3173 1035 3232 mortuorum,
1089 3183 1438 3241 consequens
1490 3185 1573 3229 est
1647 3185 1708 3229 ut

128 3246 329 3304 Christi
353 3254 817 3311 resurrectionem
855 3269 1031 3329 neget.
1055 3260 1708 3339 llabeatur696nihilo-

1817 2067 1905 2113 tnr
1939 2075 2142 2124 meum,
2174 2061 2270 2116 sed
2316 2077 2436 2118 sum
2468 2060 2756 2121 Natant-us
2794 2062 2913 2129 Dei,
2953 2076 3060 2119 non
3089 2060 3281 2117 bibens
3303 2061 3385 2115 vi-

1814 2165 1946 2205 uum
1981 2151 2119 2206 sicut
2144 2151 2242 2208 illi.
2284 2171 2308 2206 ι

2378 2242 2576 2299 Postea
2619 2256 2815 2300 autem.

1886 2352 2026 2408 Sunt
2049 2368 2179 2409 vero
2206 2364 2262 2411 et
2292 2355 2397 2410 alia
2434 2357 2681 2426 quaedam
2724 2362 2974 2429 dogmata
3010 2374 3131 2429 quas
3163 2358 3216 2414 in
3249 2376 3382 2429 apo.

1811 2444 2023 2500 stolicis
2058 2446 2443 2501 traditionibus
2484 2463 2590 2502 non
2642 2446 2932 2514 habentur,
2963 2448 3031 2503 de
3062 2448 3261 2518 quibus
3296 2464 3383 2505 re—

1810 2536 1996 2606 quires
2028 2537 2074 2591 si
2102 2546 2319 2607 oportet
2347 2553 2442 2592 eos
2475 2537 2567 2607 qui
2594 2538 2874 2609 quodlibet
2900 2542 2966 2596 de
3008 2541 3095 2596 his
3138 2542 3384 2597 sentiunt

1811 2627 1897 2683 vel
1928 2636 2289 2697 pertractant,
2322 2629 2610 2689 haereticos
2633 2633 2939 2703 putandos;
2971 2642 3031 2689 ut
3057 2634 3381 2704 puta,verbi

1809 2730 1971 2773 causa
2019 2717 2282 2783 dixerim,
2315 2718 2524 2789 siquis
2566 2726 2832 2777 rationein
2888 2722 3137 2777 humana:
3183 2723 3381 2778 anima

1808 2807 2074 2880 inquirat,
2099 2823 2223 2865 cum
2244 2808 2313 2866 de
2338 2824 2401 2866 ea
2429 2827 2605 2883 neque
2627 2814 2771 2884 quod
2798 2826 2869 2869 ex
2895 2813 3121 2869 seminis
3155 2814 3383 2871 traduce

1807 2900 2057 2969 ducatur,
2094 2914 2270 2970 neque
2295 2902 2440 2972 quod
2468 2903 2842 2960 honorabilior
2872 2914 2927 2960 et
2954 2905 3236 2977 antiquior
3255 2920 3382 2961 cor-

1808 3004 1997 3062 porum
2022 3005 2287 3063 compage
2313 2993 2403 3061 sit,
2434 2994 2720 3049 tradiderit
2757 2994 3132 3051 ecclesiastica
3168 2995 3378 3066 regula.

1806 3084 2037 3152 Propter
2062 3083 2204 3153 quod
2240 3084 2395 3139 tnulti
2439 3100 2539 3141 nec
2569 3087 3034 3156 comprehendere
3083 3097 3382 3158 potuerunt

1805 3174 2038 3244 qualiter
2067 3176 2258 3232 sentiri
2283 3187 2559 3246 oporteret
2589 3176 2656 3232 de
2687 3178 2883 3234 animat
2915 3180 3129 3237 ratione
3158 3197 3172 3235 :
3200 3183 3295 3237 sed
3324 3189 3380 3237 et

1808 3261 1897 3330 qui
1931 3262 2136 3331 aliquid
2165 3265 2369 3320 sentire
2405 3266 2487 3321 vel
2523 3267 2790 3324 disserere
2823 3269 2924 3324 visi
2971 3280 3123 3336 sunt,
3163 3286 3193 3325 a
3244 3288 3380 3326 non-

126 3339 306 3395 minns
350 3340 403 3394 in
459 3343 834 3402 ecclesiastico
886 3326 1080 3405 ordine
1123 3356 1286 3409 etiam
1345 3326 1703 3416 Egvdiabolo
1731 3326 1773 3382 δ
1810 3352 1970 3407 nullis
2010 3354 2062 3407 in
2125 3357 2436 3425 suspicione
2485 3358 2754 3416 habentur
2802 3362 2949 3417 velut
2997 3363 3123 3419 novi
3170 3364 3378 3435 aliquid

127 3431 288 3499 ratio,
313 3442 369 3487 et
404 3434 474 3489 de
497 3436 644 3490 omni
680 3437 798 3508 ejus
845 3443 1112 3509 exercitu,
1133 3449 1273 3518 quod
1307 3464 1507 3521 agones
1536 3467 1703 3523 quos-

124 3522 243 3576 dam
275 3533 332 3579 et
368 3528 667 3582 certamina
702 3531 992 3590 adversum
1055 3551 1242 3594 omnes
1264 3541 1533 3606 homines,

124 3613 282 3684 cipue
324 3626 507 3673 tamen
538 3623 798 3682 adversus
823 3642 921 3682 eos
943 3628 1032 3696 qui
1067 3630 1298 3685 credunt
1335 3634 1385 3687 in
1420 3613 1694 3690 Christum

126 3703 416 3763 Dominum
467 3708 681 3780 Jesum,
734 3729 984 3785 movent;
1034 3730 1089 3775 et
1137 3728 1279 3792 quod
1316 3727 1694 3783 necessitatem

125 3798 340 3866 quidem
368 3802 646 3872 imponere
682 3810 935 3877 peccandi
962 3826 1060 3881 per
1083 3828 1284 3883 agones
1314 3824 1369 3870 et
1395 3819 1693 3875 certamina

125 3902 227 3943 non
254 3892 462 3961 valent,
495 3900 824 3964 persuadere
854 3911 1033 3957 tamen
1070 3914 1124 3959 et
1159 3908 1409 3974 decipere
1456 3910 1523 3962 al
1563 3911 1694 3965 sub-

122 3982 426 4038 versionem
464 4001 691 4056 possunt
724 4007 820 4048 eos
864 3996 957 4064 qui
991 4012 1098 4051 non
1138 3999 1284 4053 omni
1322 4002 1564 4055 custodia
1597 4019 1692 4058 sua

122 4073 287 4127 corda
319 4081 707 4144 praemuniunt.
749 4084 1064 4141 Habendum
1102 4099 1184 4143 est
1212 4101 1391 4144 autem
1436 4092 1487 4147 in
1518 4095 1693 4150 eccle-

120 4164 361 4223 siasticis
407 4169 902 4240 observationibus,
963 4179 1105 4247 quod
1174 4197 1347 4252 neque
1408 4184 1687 4241 hominum

119 4259 239 4325 quis
269 4276 298 4312 a
336 4260 449 4314 Deo
488 4262 542 4315 in
586 4266 941 4333 perditionem
979 4272 1215 4327 traditus
1267 4282 1373 4342 est,
1406 4278 1499 4331 sed
1526 4295 1691 4334 unus-

118 4350 349 4421 quisque
434 4357 781 4422 pereuntium
850 4374 948 4415 sua
1013 4363 1337 4435 negligentia
1395 4380 1578 4435 pereat
1635 4379 1691 4426 et

116 4441 287 4512 culpa,
315 4443 412 4514 qui
451 4445 657 4501 habens
683 4449 896 4508 arbitrii
926 4452 1264 4521 libertatem,
1305 4457 1507 4529 eligere
1540 4461 1685 4530 quod

1808 3445 2233 3503 introducenles.

2233 3538 2435 3596 Deinde
2462 3552 2578 3612 post
2603 3560 2777 3614 pauca
2824 3547 2899 3599 ait
2929 3562 2950 3601 :

1874 3646 1980 3702 Sed
2005 3656 2061 3703 et
2096 3658 2151 3703 tu
2178 3650 2290 3720 ipse
2314 3652 2457 3722 apud
2488 3654 2832 3725 temetipsum
2871 3657 3165 3713 discutiens
3193 3659 3379 3717 consi-

1802 3738 1932 3790 dera
1971 3737 2017 3791 si
2052 3749 2264 3805 oportet
2296 3756 2419 3793 eum
2445 3742 2537 3811 qui
2570 3743 2815 3812 quolibet
2855 3745 3014 3799 modo
3047 3746 3115 3801 de
3140 3747 3227 3800 his
3256 3748 3375 3816 opi-
3479 3816 3486 3824 ι

1801 3837 1982 3894 natur,
2019 3829 2105 3883 vel
2162 3831 2503 3897 hacreticum,
2545 3834 2631 3888 vel
2680 3835 3113 3893 ecclesiasticum
3170 3846 3378 3897 temere

1795 3920 2039 3987 deliniri;
2066 3931 2160 3975 aut
2184 3921 2243 3993 ‘si
2278 3938 2384 3977 non
2433 3933 2516 3979 est
2549 3927 2916 3996 periculosum
2945 3930 3010 3983 de
3031 3944 3097 3984 eo
3129 3945 3374 4001 pronun-

1795 4012 1864 4066 tia
1878 4027 1934 4066 re
1956 4016 2211 4083 quoniam
2239 4027 2293 4070 et
2329 4018 2441 4085 ipse
2475 4033 2768 4086 perversos
2798 4022 2873 4081 sit
2901 4028 2950 4075 et
2981 4032 3191 4091 peccet,
3220 4032 3276 4076 et
3299 4023 3375 4079 sit

1794 4117 1824 4155 a
1852 4105 2144 4173 semetipso
2170 4106 2457 4163 damnatus
2494 4109 2538 4178 ⁸,
2577 4112 2722 4180 quod
2747 4111 2814 4166 de
2842 4111 3109 4168 haereticis
3149 4113 3371 4183 dicitur,

1796 4194 1840 4250 si
1868 4197 1990 4266 quis
2030 4196 2168 4252 forte
2198 4213 2265 4252 ex
2305 4200 2387 4255 his
2423 4216 2543 4271 qua:
2570 4217 2734 4272 supra
2783 4205 3039 4271 diximus,
3070 4207 3373 4276 quamlibet

1797 4289 2125 4358 opinionem,
2168 4290 2297 4345 licet
2346 4308 2539 4347 novatn
2588 4304 2643 4349 et
2676 4297 3093 4368 quampluritnis
3130 4302 3389 4370 peregri-1’

1797 4396 1947 4447 nam,
1978 4382 2227 4439 videatur
2261 4383 2542 4440 inducere.

140 4582 3350 4633 ——————_______________*_______

413 4722 533 4783 ΕΧ
570 4723 1169 4793 COMMENTARIO
1191 4732 1569 4807 ORIGENIS
1598 4738 1679 4801 IN
1706 4740 2162 4808 EPISTOLAM
2191 4748 2301 4809 AD
2330 4750 2467 4814 PHI
2484 4751 2880 4819 LEMONEM
2915 4759 3063 4843 (92).

176 5040 287 5097 Sed
317 5050 375 5097 et
406 5040 477 5097 de
520 5042 749 5147 singulis
789 5058 1106 5107 sanctorum
1147 5054 1242 5125 qui
1299 5056 1355 5113 in
1400 5057 1687 5132 Scriptura
1717 5067 1763 5124 D
1794 5074 1847 5121 ta
1883 5066 2003 5138 ejus
2037 5084 2164 5126 vera
2200 5086 2323 5128 esse
2373 5077 2698 5145 susceperit.
2734 5079 2910 5134 credit
2957 5089 3013 5135 et
3060 5088 3184 5147 hoc,
3216 5087 3369 5155 quod

107 5143 290 5189 sancta
323 5134 625 5205 conscripti
671 5147 822 5203 sunt,
852 5156 1105 5214 quosque
1147 5146 1326 5217 justas
1371 5161 1428 5207 et
1476 5153 1680 5211 electos

110 5224 194 5278 Dei
222 5240 347 5282 esse
380 5225 666 5297 Scriptura
701 5240 955 5303 testatur,
983 5238 1142 5293 debet
1171 5255 1292 5297 esse
1324 5244 1458 5303 ﬁdes
1482 5247 1552 5303 ab
1592 5248 1678 5304 his

105 5316 189 5382 qui
218 5317 422 5372 salvari
451 5318 699 5387 cupiunt.
731 5321 847 5378 Non
881 5328 1027 5382 enim
1066 5340 1248 5399 potest
1280 5349 1404 5390 esse
1434 5340 1676 5405 perfecta

106 5406 156 5459 in
186 5408 355 5462 Deum
380 5409 550 5499 rtides,
579 5410 684 5465 nisi
729 5415 849 5483 quis
889 5418 1084 5474 habeat
1119 5431 1171 5477 et
1205 5426 1347 5480 hanc
1380 5427 1538 5482 iidem
1571 5445 1676 5499 qua

104 5496 167 5550 de
208 5498 426 5553 sanctis
453 5500 598 5567 quod
639 5504 816 5557 sancti
851 5518 974 5562 sunt
1014 5513 1274 5575 creditur.
1306 5514 1458 5583 Quod
1489 5496 1674 5575 autem

106 5589 333 5645 dicimus
363 5590 476 5647 tale
498 5602 605 5647 est.
634 5590 1043 5660 Quicrediderit
1070 5603 1123 5657 in
1148 5602 1340 5674 Deum,
1371 5616 1427 5663 et
1450 5608 1675 5678 dogma-

1786 5160 1960 5215 Adam
1984 5161 2212 5230 quidem
2241 5165 2449 5233 primus
2474 5168 2636 5222 homo
2667 5168 2935 5225 formatus
2964 5182 3076 5239 est;
3113 5176 3367 5235 creditet

1784 5250 1853 5305 de
1896 5251 2031 5315 Eva,
2068 5253 2213 5323 quod
2261 5270 2425 5312 unam
2473 5272 2502 5313 e
2533 5263 2701 5315 costis
2726 5261 2900 5315 Adam
2952 5276 3174 5320 sumens
3220 5261 3370 5323 Deus

1785 5340 2136 5397 aediﬁcaverit
2178 5356 2300 5399 eam
2355 5354 2414 5400 ut
2457 5357 2602 5402 esset
2633 5346 2749 5417 ejus
2799 5350 3045 5407 mulier:
3083 5354 3261 5409 credit
3305 5367 3365 5411 et

1785 5432 1929 5499 quod
1972 5430 2119 5489 Enos
2148 5449 2277 5493 vere
2299 5439 2583 5507 speraverit
2627 5439 2872 5496 invocare
2914 5459 3105 5501 nomen
3149 5445 3365 5503 Domini

1782 5522 1882 5576 Dei
1910 5525 1952 5588 ³,
1982 5533 2038 5579 et
2064 5529 2208 5594 quod
2230 5527 2435 5595 Enoch,
2468 5530 2593 5599 quia
2641 5530 2697 5585 in
2748 5533 2909 5588 annis
2958 5534 3214 5592 ducentis
3238 5537 3362 5610 pla-

1781 5616 1955 5671 cuerit
1986 5616 2119 5687 Deo,
2148 5630 2333 5690 postea
2350 5638 2517 5693 quam,
2539 5623 2900 5693 Mathusalem
2930 5631 3139 5700 genuit,
3174 5638 3357 5699 trans-

170 5776 320 5837 ‘Tit.
354 5793 442 5846 ιιι,
470 5778 561 5835 11.
636 5779 659 5812 ⁸
690 5778 713 5835 I
742 5781 868 5840 Cor.
944 5798 1041 5852 xv,
1080 5784 1172 5842 15.
1246 5786 1269 5821 ⁷
1318 5786 1453 5846 Dan.
1484 5804 1546 5857 Χ,
1603 5790 1701 5861 15;

1826 5811 1909 5859 oc.
1951 5814 2051 5869 att,
2094 5801 2155 5871 7;
2186 5803 2311 5863 Jud.
2340 5806 2395 5866 6.
2470 5809 2621 5867 “Tit.
2654 5827 2735 5879 ιιι,
2777 5814 2865 5871 ll.
2914 5786 2960 5846 "
2991 5814 3129 5873 Gen.
3161 5814 3350 5883 “.26.

167 5893 276 5967 (92)
305 5896 385 5952 Ex
413 5895 676 5970 Apologia
712 5897 980 5975 Pamphili
1007 5904 1263 5976 martyris
1284 5922 1381 5980 pro
1407 5907 1662 5981 Origene.
