3796 6572
413 502 550 560 130³7

1109 502 1430 561 DRIGENIS
1458 496 1885 561 FRAGMENTA
1921 505 1969 561 ﬂ

2076 505 2415 562 PISTOLAM
2452 508 2546 563 AD
2584 507 2950 566 HEBREOS.

412 624 556 680 latus
605 633 689 680 est
719 639 735 678 :
775 633 831 680 et
863 625 932 679 de
971 623 1108 691 Noe,
1133 628 1259 696 quia
1291 640 1547 696 responsa
1571 625 1780 696 accepit
1809 635 1871 681 ut
1895 625 1978 682 fa-
2005 635 2055 693 Α
2081 628 2224 698 perit
2254 646 2270 681 :
2307 637 2364 683 et
2416 627 2484 683 de
2533 627 2699 683 David
2745 643 2905 698 quem
2949 629 3246 699 assumpsit
3284 629 3521 686 Dominus
3554 635 3606 688 ab

411 716 561 771 brica
572 727 654 772 ret
681 732 886 784 arcam,
920 728 976 774 et
998 718 1146 774 solus
1171 719 1413 774 salvatus
1442 728 1614 775 estex
1636 718 1840 774 diluvio
1855 733 1978 774 cum

413 807 500 862 his
528 809 903 864 tantummodo
923 810 1014 880 qui
1043 825 1233 865 secum
1259 825 1440 864 arcam
1476 809 1692 865 fuerant
1720 810 1976 880 ingressi.

413 897 676 953 Similiter
706 909 761 955 et
808 899 877 954 de
917 901 1216 962 Abraham,
1258 899 1403 968 quod
1440 898 1701 954 meruerit
1732 899 1979 954 testimo-

413 992 562 1045 nium
594 992 707 1058 Dci,
732 1002 783 1047 et
805 993 946 1061 quod
967 991 1268 1059 susceperit
1291 991 1543 1060 hospitio,
1563 1006 1684 1045 cum
1711 1000 1856 1045 esset
1879 991 1978 1045 sub

412 1083 541 1139 ilice
583 1068 846 1148 Mambre,
887 1093 996 1138 tres
1023 1085 1168 1138 viros
1199 1100 1263 1138 ex
1299 1085 1496 1153 quibus
1546 1099 1684 1138 unus
1718 1083 1977 1138 Dominus

410 1187 552 1230 erat.
589 1175 775 1231 Credit
805 1185 859 1230 et
887 1177 957 1231 de
988 1175 1136 1230 lsaac
1164 1177 1246 1231 vel
1280 1179 1549 1245 quomodo
1580 1187 1740 1230 natus
1761 1185 1865 1239 est,
1890 1175 1977 1229 vel

411 1269 681 1336 quomodo
706 1267 916 1322 oblatus
944 1277 1026 1322 est
1060 1284 1088 1322 a
1121 1279 1291 1336 patre,
1315 1269 1396 1322 vel
1426 1269 1695 1336 quomodo
1719 1282 1974 1336 responsa

409 1359 504 1414 Dei
540 1359 730 1412 audire
767 1360 1026 1413 meruerit
1071 1376 1085 1412 :
1130 1362 1221 1412 sed
1253 1369 1308 1413 et
1339 1360 1404 1412 de
1435 1359 1609 1413 Jacob
1641 1359 1818 1427 quod,
1853 1374 1974 1410 mu-

410 1459 523 1502 tato
551 1449 791 1512 nomine,
821 1448 988 1503 Israel
1021 1463 1049 1502 a
1083 1449 1192 1502 Deo
1221 1451 1633 1518 cognominatus
1654 1463 1735 1503 est
1775 1466 1790 1502 :
1828 1459 1882 1504 et
1910 1452 1977 1505 de

405 1537 569 1607 697
600 1536 803 1608 Moyse,
845 1537 985 1606 quod
1017 1551 1112 1608 per
1142 1538 1292 1606 signa
1323 1547 1378 1592 et
1437 1538 1667 1593 virtutes
1693 1539 1974 1592 ministra»

406 1629 546 1682 verit
588 1627 720 1681 Deo.
754 1628 939 1682 Credit
973 1637 1027 1682 et
1066 1630 1208 1697 quod
1238 1627 1398 1684 Jesus
1431 1628 1580 1683 Nave
1619 1629 1906 1684 exauditus
1943 1646 1973 1684 a

409 1721 539 1785 Deo,
574 1731 720 1775 stare
766 1719 958 1773 fecerit
1001 1720 1171 1774 solem
1213 1735 1379 1790 super
1419 1719 1666 1785 Gabaon,
1693 1730 1747 1775 et
1788 1721 1973 1774 lunam

405 1826 568 1878 super
595 1810 786 1863 vallem
823 1808 1014 1865 llclon.
1061 1808 1199 1876 Quid
1243 1821 1422 1864 autem
1469 1811 1752 1865 dicendum
1802 1820 1885 1865 est
1909 1811 1976 1864 de

407 1901 652 1955 fidelibus
673 1899 946 1968 iudicibus
965 1940 981 1965 ,
1014 1910 1069 1957 et
1098 1901 1164 1956 de
1196 1903 1280 1956 his
1306 1917 1424 1972 quas
1448 1916 1546 1971 per
1573 1916 1668 1956 eos
1704 1914 1852 1971 gesta
1883 1917 1974 1956 re-

2079 721 2273 776 ovibus
2322 729 2381 774 ut
2419 729 2634 790 regeret
2685 719 2852 776 Jacob
2914 735 3142 789 puerum
3183 737 3363 785 suum,
3403 734 3451 778 et
3480 723 3606 780 Israel

2080 810 2457 866 haereditatem
2490 826 2645 866 suam
2679 829 2693 865 :
2721 821 2777 867 et
2806 811 2872 866 de
2904 810 3142 876 Nathan,
3187 813 3333 882 quod
3361 816 3604 883 propheta-

2081 903 2242 966 verit,
2281 917 2486 958 necnon
2522 911 2580 958 et
2615 902 2731 957 Gad
2763 920 2778 955 :
2811 903 2906 956 sed
2940 913 2995 956 et
3031 903 3099 959 de
3145 903 3467 970 Salomone,
3495 907 3606 973 quod

2079 995 2391 1063 apparuerit
2437 995 2486 1048 ei
2531 995 2584 1048 in
2623 994 2741 1048 visu
2798 995 3100 1048 Dominus:
3133 1005 3190 1048 et
3229 995 3300 1048 de
3338 995 3468 1059 Elia,
3495 997 3606 1065 quod

2078 1095 2392 1154 assumptus
2420 1094 2499 1140 est
2539 1101 2633 1155 per
2673 1086 3049 1140 ascensionem
3090 1085 3147 1139 in
3183 1085 3418 1148 'coelum,
3446 1083 3611 1140 eli'ectis

2078 1176 2186 1231 illis
2208 1179 2484 1240 omnibus,
2516 1193 2636 1247 quae
2659 1179 2860 1246 scripta
2890 1190 3037 1242 sunt,
3061 1178 3236 1248 signis
3263 1186 3320 1233 et
3342 1177 3573 1246 prodigiis
3597 1197 3608 1232 :

2078 1269 2170 1322 sed
2199 1280 2253 1323 et
2281 1269 2348 1322 de
2390 1267 2603 1333 Eliseo,
2651 1271 2908 1336 quoniam
2959 1283 3066 1321 non
3103 1263 3277 1322 solum
3308 1267 3613 1322 resuscitarit

2079 1359 2243 1413 ﬁlium
2271 1356 2607 1421 Snnamitis,
2647 1359 2741 1413 sed
2790 1367 2844 1413 et
2883 1368 3154 1414 mortuum
3191 1372 3354 1426 super
3389 1372 3499 1430 ossa
3535 1371 3612 1410 sua

2075 1447 2670 1518 projectum?0portet
2731 1463 2865 1515 ergo
2913 1462 3351 1517 unumquemque
3415 1447 3612 1501 fidelium

2075 1541 2298 1594 credere
2322 1549 2376 1593 et
2409 1539 2662 1592 omnibus
2708 1555 2826 1608 quae
2871 1540 3078 1608 scripta
3119 1549 3248 1592 sunt
3289 1539 3358 1592 de
3386 1537 3613 1602 Ezechia,

2075 1633 2216 1700 quod
2264 1632 2316 1684 in
2359 1631 2548 1686 diebus
2590 1630 2708 1699 ejus
2739 1643 3038 1686 retrorsum
3073 1631 3419 1700 repedaverit
3455 1631 3612 1682 umbra

2076 1722 2224 1776 solis.
2255 1722 2349 1776 Est
2383 1737 2514 1792 ergo
2549 1722 2684 1776 lides
2716 1733 2896 1776 nostra
2933 1721 3114 1790 primo
3156 1721 3377 1790 quidem
3406 1721 3612 1774 onuiiutn

2077 1813 2128 1867 in
2150 1814 2434 1868 Dominum
2455 1825 2703 1869 nostrum
2725 1812 2908 1868 Jesum
2931 1812 3234 1876 Christum,
3253 1822 3615 1882 consequenter

2075 1918 2205 1957 vero
2233 1904 2398 1958 etiam
2435 1904 2487 1957 in
2520 1918 2708 1958 omnes
2739 1911 2958 1958 sanctos
2991 1901 3336 1972 patriarchas
3355 1939 3372 1965 ,
3401 1902 3479 1955 vel
3509 1915 3615 1970 pro-

403 1990 694 2046 feruntur:
729 1993 812 2046 vel
842 1993 894 2047 in
931 1993 1242 2062 Regnorum
1284 1994 1438 2050 libris
1473 1995 1540 2048 de
1559 1992 1799 2057 Samuel,
1829 1995 1974 2062 quod
2009 1977 2051 2035 Β
2081 1993 2289 2062 phetas,
2323 1993 2408 2048 vel
2446 1994 2719 2063 apostolos
2755 1993 2988 2062 Christi,
3019 2008 3086 2049 eo
3113 1993 3310 2049 ordine
3342 2009 3448 2063 quo
3479 2009 3614 2063 supe-

403 2086 658 2137 messium
685 2093 926 2154 tempore
955 2085 1162 2155 pluvias
1188 2099 1218 2138 a
1261 2083 1372 2140 Deo
1389 2085 1699 2155 poposcerit
1729 2094 1786 2140 et
1819 2100 1977 2140 acce-

2083 2086 2195 2140 rius
2216 2085 2475 2141 diximus.

955 2380 1061 2441 EX
1093 2381 1350 2442 LIBRIS
1380 2380 1572 2443 ORIG
1587 2382 1758 2444 ENIS
1783 2383 1862 2443 IN
1895 2381 2352 2446 EPISTOLAM
2384 2384 2494 2446 AD
2526 2385 2916 2447 HEBREOS
2949 2385 3091 2466 (93).

468 2697 582 2754 Lex
623 2707 799 2755 autem
846 2707 1049 2754 aeterna
1099 2699 1227 2769 quid
1263 2699 1408 2754 aliud
1457 2711 1542 2755 est
1591 2702 1968 2768 sentiendum,

399 2801 560 2858 quam
600 2789 744 2844 Deus
782 2787 968 2854 Pater,
1003 2791 1095 2859 qui
1142 2807 1420 2862 nunquam
1463 2791 1567 2847 fuit
1614 2796 1830 2862 quando
1878 2795 1966 2849 lux

399 2878 619 2947 quidem
655 2889 818 2944 esset,
847 2881 1104 2949 splendor
1128 2897 1256 2937 vero
1288 2883 1334 2937 ei
1369 2899 1474 2938 non
1511 2884 1761 2940 adesset?
1785 2885 1968 2954 Neque

395 2971 542 3024 enim
574 2971 661 3024 lux
685 2973 802 3025 sine
821 2971 1108 3040 splendore
1135 2988 1234 3028 suo
1259 2991 1493 3045 unquam
1523 2976 1746 3046 intelligi
1764 2988 1960 3046 potest.

397 3061 550 3126 Quod
573 3063 617 3116 si
647 3078 834 3116 verum
861 3072 964 3127 est,
997 3079 1269 3132 nunquam
1302 3076 1386 3119 est
1407 3067 1627 3136 quando
1658 3066 1830 3122 Filius
1854 3084 1958 3122 non

395 3151 567 3206 Filius
588 3151 709 3206 fuit.
744 3151 866 3206 Erit
905 3162 1084 3212 autem
1110 3169 1213 3208 non
1232 3156 1371 3210 sicut
1404 3160 1468 3210 de
1498 3168 1701 3211 asterna
1732 3157 1855 3213 luce
1880 3160 1964 3213 di-

394 3243 572 3298 ximus
611 3245 850 3311 innatus,
887 3260 955 3299 ne
988 3247 1092 3299 duo
1125 3247 1387 3316 principia
1417 3247 1552 3303 lucis
1575 3250 1854 3304 videamur
1879 3252 1962 3305 in-

2079 2712 2167 2757 tur
2197 2701 2354 2757 simul
2393 2697 2769 2754 disserendum
2816 2707 2871 2751 et
2911 2695 3235 2764 illudquod
3283 2697 3486 2751 dictum
3531 2702 3617 2760 est,

2075 2809 2180 2848 non
2212 2791 2388 2847 solum
2421 2791 2566 2858 quod
2607 2788 2860 2857 splendor
2898 2799 2985 2843 est
3021 2787 3157 2843 lucis
3191 2797 3435 2852 aeternas,
3463 2788 3548 2842 sed
3575 2795 3620 2842 et

2072 2882 2215 2952 quod
2250 2881 2376 2936 huic
2412 2879 2588 2934 simile
2620 2881 2671 2933 in
2709 2877 2986 2949 Sapientia
3025 2877 3340 2933 Solomonis
3371 2876 3619 2941 refertur,

2072 2973 2125 3027 in
2158 2987 2261 3042 qua
2293 2972 2530 3040 seipsam
2570 2971 2848 3038 Sapientia
2895 2969 3160 3024 describit
3195 2969 3386 3024 dicens
3417 2985 3432 3022 :
3467 2967 3623 3039 l’apor

2069 3061 2207 3114 enim
2229 3070 2303 3113 est
2330 3060 2537 3113 virtutis
2564 3059 2683 3125 Dei,
2704 3060 3056 3133 etuapprrhwa
3085 3057 3269 3128 gloria:
3300 3057 3620 3126 Omnipoten-

2069 3154 2136 3206 tt's
2162 3154 2445 3223 purissima
2478 3153 2545 3208 “.

2581 3242 2650 3298 Et
2685 3249 2801 3312 post
2828 3243 3123 3314 aliquanta.

396 3334 615 3401 ducere,
651 3337 744 3391 sed
787 3336 928 3390 sicut
975 3337 1228 3407 ingenita:
1270 3339 1407 3394 lucis
1452 3341 1742 3409 splendor,
1787 3343 1956 3411 ipsam
1986 3339 2030 3396 C
2131 3341 2358 3411 Oportet
2377 3347 2559 3392 autem
2590 3337 2730 3391 scire
2757 3352 2855 3390 nos
2872 3337 2996 3405 quia
3022 3351 3117 3404 per
3159 3333 3454 3389 inell'abilia
3486 3345 3624 3402 quae-

395 3427 540 3482 illam
575 3428 746 3482 lucem
785 3430 998 3483 initium
1044 3432 1252 3487 habens
1284 3448 1347 3486 ac
1374 3431 1614 3498 fontem,
1649 3443 1811 3490 natus
1843 3435 1966 3504 qui-

393 3518 516 3573 dem
547 3536 612 3574 ex
647 3522 780 3589 ipsa,
822 3524 915 3576 sed
943 3539 1048 3578 non
1079 3533 1196 3578 erat
1229 3525 1576 3594 quaudonon
1613 3534 1752 3580 erat.

391 3609 597 3664 Deinde
633 3614 858 3680 probans
899 3613 1098 3668 Filium
1138 3618 1292 3670 unius
1334 3633 1452 3670 cum
1494 3615 1660 3671 Patre
1706 3634 1818 3672 esse
1843 3621 1967 3672 sub-

462 3703 710 3772 stantiw,
762 3705 992 3759 alienum
1042 3723 1161 3762 vero
1224 3725 1257 3762 a
1305 3708 1613 3762 substantiis
1669 3720 1962 3778 creaturae,

463 3802 560 3848 att.

461 3885 1048 3956 lnterrogamusigitur
1079 3902 1174 3942 eos
1195 3903 1330 3957 quos
1355 3889 1502 3958 piget
1531 3888 1776 3945 confiteri
1793 3890 1964 3946 Deum

391 3991 512 4033 esse
537 3977 730 4032 Filium
764 3978 881 4042 Dei,
913 3979 1185 4046 quomodo
1215 3989 1430 4047 poterat
1451 3980 1566 4033 sola
1599 3981 1834 4034 humana
1871 3998 1968 4034 na-

391 4080 513 4125 tura
546 4071 680 4124 nihil
719 4070 853 4123 inse
895 4071 1099 4124 habens
1129 4071 1407 4136 eximium,
1445 4087 1620 4142 neque
1651 4073 1852 4144 aliquid
1885 4075 1967 4129 di-

390 4161 532 4216 vinze
553 4162 892 4225 substantim,
927 4164 1299 4216 luereditatem
1332 4179 1529 4231 capere
1569 4178 1783 4218 omnem
1813 4165 1964 4234 prin-

392 4252 724 4320 cipatum,et
745 4267 962 4306 omnem
996 4262 1343 4322 potestatem,
1378 4263 1432 4307 et
1469 4254 1722 4308 virtutem
1747 4294 1763 4320 ,
1795 4265 1850 4310 et
1884 4256 1968 4310 his

391 4341 643 4395 omnibus
669 4341 912 4410 przeferri
943 4359 1006 4396 ac
1037 4342 1275 4412 praeponi
1302 4359 1331 4397 a
1360 4341 1542 4401 Patre.
1581 4343 1732 4400 Unde
1762 4355 1965 4400 rectum

390 4433 607 4487 videtur
627 4433 769 4502 quod
812 4436 1155 4502 praastantior
1190 4449 1315 4489 esse
1352 4435 1545 4490 debeat
1582 4435 1632 4491 is
1661 4435 1754 4505 qui
1789 4437 1965 4491 hazre-

390 4525 611 4580 ditatem
641 4526 812 4595 capit,
851 4536 906 4580 et
945 4541 1143 4596 genere
1184 4529 1396 4597 utique,
1432 4537 1486 4582 et
1511 4530 1726 4599 specie,
1759 4540 1809 4584 et
1841 4531 1968 4585 sub-

395 4617 618 4682 stantia,
643 4626 696 4671 et
738 4617 1096 4672 subsistentia
1135 4619 1217 4673 vel
1263 4629 1496 4684 natura,
1531 4631 1694 4688 atque
1716 4622 1967 4676 omnibus

390 4708 700 4780 quibusque
729 4709 907 4767 modis
941 4712 1104 4765 debet
1132 4727 1253 4766 esse
1279 4714 1646 4782 praestantior.

618 4817 620 4819 ’
937 4800 1005 4855 Et
1035 4813 1146 4869 post
1176 4819 1371 4872 pauca.

459 4889 592 4946 Cum
633 4902 814 4948 autem
858 4894 1149 4949 discutitur
1190 4896 1292 4950 hoc
1332 4896 1477 4965 quod
1525 4895 1732 4951 dictum
1776 4906 1860 4952 est
1895 4895 1964 4952 de

390 4978 527 5036 Filio
554 4981 672 5050 Dei,
701 4984 843 5054 quod
862 4985 938 5040 sit
964 4985 1222 5056 splendor
1241 4986 1449 5055 gloriae,
1476 4986 1788 5042 necessario
1811 4987 1964 5042 vide-

2067 3432 2212 3496 dam,
2239 3441 2296 3486 et
2323 3440 2553 3495 secreta,
2577 3445 2638 3483 ac
2671 3427 2947 3482 recondita
2970 3427 3258 3496 quemdam
3294 3427 3509 3479 modum
3535 3420 3624 3476 sibi

2068 3519 2271 3576 faciens
2316 3519 2600 3588 Scriptura
2647 3525 2832 3572 sancta
2875 3529 3108 3571 conatur
3144 3517 3459 3571 hominibus
3497 3513 3623 3569 indi-

2067 3628 2216 3679 care,
2256 3621 2311 3667 et
2357 3610 2695 3666 intellectum
2741 3625 3035 3677 suggerere
3082 3609 3361 3663 subtilem.
3417 3606 3627 3676 Vaporis

2067 3706 2210 3759 enim
2241 3719 2435 3760 nomen
2461 3703 2758 3766 inducens,
2796 3703 2898 3756 hoc
2927 3701 3044 3756 ideo
3082 3703 3148 3756 de
3196 3702 3363 3756 rebus
3385 3715 3626 3770 corpora-

2070 3799 2209 3854 libus
2241 3797 2558 3866 assumpsit,
2603 3805 2662 3849 ut
2698 3795 2786 3848 vel
2823 3809 2886 3847 ex
2923 3805 3076 3863 parte
3119 3793 3303 3862 aliqua
3335 3791 3626 3858 intelligere

2068 3889 2338 3959 possimus
2366 3885 2633 3956 quomodo
2664 3883 2911 3938 Christus
2954 3884 3043 3950 qui
3087 3891 3171 3936 est
3212 3881 3476 3951 sapientia
3499 3918 3517 3945 ,
3549 3890 3624 3932 se-

2067 3981 2298 4035 cundum
2319 3979 2726 4034 similitudinem
2751 3976 2870 4046 ejus
2906 3974 3127 4044 vaporis
3159 3974 3253 4043 qui
3279 3976 3344 4028 de
3379 3973 3624 4028 substan-

2071 4075 2142 4128 tia
2167 4074 2344 4142 aliqua
2373 4084 2634 4139 corporea
2665 4069 2934 4140 procedit,
2972 4068 3050 4121 sic
3087 4067 3252 4120 etiam
3281 4067 3397 4135 ipse
3434 4073 3491 4118 ut
3519 4063 3628 4132 qni-

2067 4165 2190 4217 dam
2231 4177 2400 4232 vapor
2447 4161 2693 4217 exoritur
2732 4159 2802 4214 de
2843 4159 3044 4213 virtute
3082 4158 3252 4226 ipsius
3298 4157 3390 4211 Dei
3422 4173 3437 4211 :
3476 4157 3553 4210 sic
3577 4164 3628 4209 et

2068 4252 2333 4324 sapientia
2365 4267 2431 4306 ex
2471 4267 2537 4306 eo
2565 4251 2896 4320 procedens,
2935 4263 3003 4304 ex
3050 4248 3164 4316 ipsa
3205 4247 3300 4302 Dei
3333 4247 3625 4304 substantia

2070 4353 2381 4416 generatur.
2411 4343 2504 4398 Sic
2533 4343 2889 4398 nihilominus
2915 4347 2971 4395 et
3000 4341 3303 4395 secundum
3329 4337 3625 4394 similitudi-

2068 4454 2190 4494 nem
2232 4435 2535 4506 corporalis
2564 4436 2901 4504 aporrhaaae,
2945 4447 3067 4488 esse
3106 4431 3310 4487 dicitur
3355 4430 3625 4502 aporrhaea

2068 4531 2255 4600 gloria:
2290 4526 2686 4596 Omnipotentis
2715 4541 2845 4595 pura
2875 4521 3123 4594 quaedam
3154 4533 3212 4576 et
3238 4525 3469 4578 sincera.
3507 4519 3627 4587 Quae

2067 4632 2310 4690 utrasque
2379 4617 2766 4674 similitudines
2829 4615 3280 4670 manifestissime
3344 4612 3628 4670 ostendunt

1988 4705 2039 4764 D
2066 4710 2504 4768 communionem
2546 4709 2868 4763 substantiae
2909 4722 3030 4764 esse
3081 4707 3227 4763 Filio
3285 4721 3406 4761 cum
3449 4702 3626 4757 Patre.

2069 4804 2364 4875 Aporrhtea
2412 4801 2555 4855 enim
2611 4801 2889 4872 ὀμοοὺσιος
2944 4803 3176 4860 videtur.
3240 4801 3292 4856 id
3338 4809 3420 4854 est
3478 4793 3630 4849 unius

2067 4895 2390 4950 substantia:
2415 4910 2536 4950 cum
2563 4893 2654 4948 illo
2674 4910 2900 4965 corpore
2916 4909 2982 4948 ex
3007 4909 3114 4964 quo
3133 4893 3314 4950 estvel
3336 4885 3630 4964 aporrllceﬂ.

2071 4986 2155 5042 vel
2187 5001 2377 5056 vapor.

889 5263 1009 5327 EX
1037 5264 1418 5328 ORIGENIS
1441 5266 1813 5329 EOMILIIS
1847 5267 1931 5328 IN
1954 5266 2414 5331 EPISTOLAM
2438 5270 2550 5330 AD
2579 5267 2972 5330 HEBREOS
2995 5266 3146 5347 (91s).
3227 5241 3229 5244 Ι

457 5554 626 5630 698
659 5556 843 5629 Stylus
885 5558 1182 5630 Epistolas,
1212 5575 1332 5632 qua
1374 5562 1692 5619 inscribitur
1738 5567 1806 5619 ad
1847 5563 1960 5619 Ile”-

391 5649 586 5718 braeos,
619 5660 770 5706 caret
795 5650 893 5705 illa
931 5653 1203 5712 sermonis
1224 5657 1552 5731 rusticitate,
1591 5671 1711 5728 qua:
1742 5657 1958 5734 pr0pria

463 5741 507 5772 ι’
534 5742 664 5811 Sap.
695 5757 788 5806 vn,
818 5741 911 5798 25.

393 5828 574 5984 es?)
622 5831 704 5889 Ex
750 5832 1012 5904 Apologia
1063 5828 1333 5906 Pamphili
1384 5833 1643 5904 martyris
1688 5848 1787 5904 pro
1837 5832 1962 5890 Ori-

2143 5564 2204 5617 ὀ
2222 5560 2506 5635 χαρακτὴρ
2519 5559 2620 5630 τῆς
2639 5558 2836 5624 λέξεως
2863 5557 2964 5629 τῆς
2994 5558 3144 5627 πρὸς
3182 5557 3490 5628 Ἑϐραίους
3517 5558 3633 5611 ἑπι-

2065 5652 2458 5727 γεγραμμένης
2497 5648 2818 5720 Ἐπιστολῆς
2838 5650 2940 5704 οὐκ
2967 5646 3080 5720 εχει
3101 5648 3162 5702 τὸ
3185 5651 3244 5703 ὲν
3256 5649 3397 5720 λόγῳ
3431 5647 3634 5704 ιδιυη-

2140 5832 2256 5903 (94)
2293 5833 2584 5906 Desnmpla
2610 5844 2746 5906 sunt
2769 5833 3276 5906 haecefragmenta
3302 5849 3368 5892 ex
3396 5826 3635 5888 Eusebio

2064 5901 2157 5958 lib.
2196 5919 2247 5960 vt
2284 5901 2719 5972 Ηίδιονζεοειει,
2753 5919 2870 5974 cap.
2900 5902 2998 5962 25.
3037 5939 3052 5985 ‘-
